2034 3109
223 132 274 161 267

224 199 312 227 neque
326 198 432 225 semper
446 189 579 217 consolari
591 209 599 223 ,
614 196 701 223 tteque
716 195 823 222 semper
833 194 865 214 os
877 187 1015 215 obstruere

224 242 342 273 oportet.
362 236 426 264 Ideo
450 241 475 264 ct
499 236 567 270 ipse,
591 235 653 270 quia
669 234 758 261 nmltis
782 234 841 260 illus
863 232 1016 259 consolatus

227 287 303 317 erat,
319 283 495 310 vehementer
509 281 637 315 dcincvps
652 280 711 307 illos
730 280 884 310 insectatur,
902 279 1014 305 dicens:

224 330 270 357 29.
290 329 423 364 Numquid
436 336 521 356 omnes
535 327 662 362 opastoli?
677 325 799 360 numquid
815 333 900 352 onznes
913 324 1016 358 prophe-

225 376 277 403 tm?
300 375 422 409 numquid
436 382 520 401 omnes
533 373 641 408 gratiam
657 372 748 398 habent
764 370 943 398 curationum?
966 369 1017 396 Nec

224 429 277 456 quo
297 421 420 449 consistit
436 420 462 447 in
478 420 564 454 primo
579 418 620 445 vel
636 418 754 446 secundo
769 417 946 448 charismate,
969 414 1016 442 sed

225 467 312 502 pergit
326 473 409 501 usque
421 466 453 492 ad
469 470 621 500 postrema;
636 469 682 491 aut
698 464 748 491 hnc
762 463 853 491 dicens
863 484 870 494 ,
883 462 941 489 Non
958 469 1017 497 pos-

224 517 286 539 sunt
308 519 402 538 omnes
416 518 476 538 esse
493 510 602 542 omnia;
616 509 840 545 quemadmodum
857 509 911 536 illic
930 507 993 535 dicit
1009 517 1017 535 ;

224 559 256 585 Si
267 557 353 584 cmm'a
365 561 446 583 essent
460 565 538 582 unum
550 556 699 588 membrum,
713 555 754 582 ubi
765 554 879 589 corpus?
892 553 934 580 vel
946 551 1017 580 aliud

223 603 360 639 quidpiam
372 603 434 630 hinc
445 608 535 637 postea
551 610 684 638 appar-aus
703 602 735 628 ad
749 601 942 628 consolationis
958 607 1018 626 vcr-

224 652 298 679 bnm.
318 650 493 684 Qualeillu-l?
511 650 586 681 Quod
606 649 727 676 ostendat
742 648 776 675 de
790 647 937 675 minoribus
953 654 1016 682 per-

225 698 287 725 inde
310 703 390 732 atque
405 697 438 724 de
453 697 598 730 majoribus
625 694 768 727 contendi,
792 702 825 721 eo
841 693 911 728 quod
933 701 1019 728 neque

226 745 284 771 hzrc
297 743 425 771 omnibus
439 742 500 769 data
513 742 620 769 fuerint.
637 741 705 775 Quid
720 741 802 773 enim,
819 739 912 774 inquit,
931 738 1018 771 doles,

225 791 296 824 quod
310 799 362 817 nun
378 790 476 816 habeas
489 789 600 824 gratiam
613 787 800 815 curationum?
811 787 897 821 cogita
910 786 935 812 id
949 785 1019 821 quod

230 843 257 864 tu
284 837 376 869 habes,
400 836 503 864 etiamsi
526 836 560 862 sit
574 835 672 867 minus,
689 842 760 868 saepe
775 842 827 860 non
845 833 944 860 habere
958 841 1018 860 eum

227 884 272 917 qui
289 884 375 918 majus
395 882 530 917 quidpiam
554 881 644 908 habet.
670 881 731 907 ldco
753 880 790 907 ait
806 888 812 906 :
828 879 873 907 50.
889 878 1020 914 Numquid

227 937 313 957 omnes
327 928 420 964 linguis
436 927 591 962 loqmmtur?
614 926 737 962 numquid
749 934 835 953 omnes
850 926 1020 960 interpretan-

229 976 290 1002 tur?
302 974 533 1008 Quemadmodum
549 974 620 1001 enim
632 980 728 1007 magna
743 980 795 1000 non
807 972 932 999 omnibus
948 971 1021 998 dedit

233 1022 318 1053 Eleus,
333 1020 379 1048 sed
395 1019 453 1047 aliis
467 1019 534 1051 hoc,
549 1019 608 1046 aliis
623 1019 685 1046 illud
703 1028 710 1046 :
725 1019 763 1046 sic
781 1024 808 1046 et
827 1019 852 1045 in
873 1017 1021 1045 minoribus

230 1068 302 1100 fecit,
319 1075 378 1102 qua:
394 1073 444 1094 nec
457 1066 581 1093 omnibus
596 1066 744 1100 proposuit.
761 1064 826 1092 Illud
845 1069 934 1091 autem
948 1063 1020 1095 fecit,

229 1114 339 1141 multam
354 1112 416 1140 inde
429 1111 599 1139 concordiam
616 1114 642 1138 et
660 1111 799 1138 caritatem
815 1109 967 1142 tedilicans,
992 1114 1022 1136 ut

229 1160 413 1195 unusquisque
427 1159 551 1194 proximo
564 1165 631 1193 opus
647 1157 759 1188 habens,
782 1165 841 1183 cum
858 1156 939 1183 fratre
958 1162 1021 1182 con-

229 1211 364 1243 gregetur.
380 1205 437 1232 Hoc
456 1206 482 1232 in
496 1204 600 1232 artibus
615 1211 723 1239 quoque
737 1203 911 1238 dispensavit,
935 1201 1022 1229 hocin

231 1251 380 1284 elementis,
397 1251 449 1278 hoc
463 1250 488 1277 in
503 1248 600 1285 plantis
615 1253 642 1277 et
656 1250 682 1276 in
696 1249 826 1276 membris
838 1248 937 1276 nostris
949 1251 976 1275 et
997 1247 1023 1274 in

230 1298 366 1325 omnibus.

267 1344 293 1370 5.
314 1342 416 1370 Deinde
427 1341 680 1377 opportunissimam
692 1340 783 1375 adjicit
793 1339 1004 1368 consolationem
1016 1360 1022 1371 ι

231 1397 291 1424 quae
297 1388 380 1424 possit
388 1395 509 1415 recreare
520 1395 551 1414 ac
562 1387 655 1414 sedare
665 1386 800 1414 dolentem
811 1385 1024 1419 auimam.Qu:e-

233 1443 292 1463 nam
302 1435 346 1462 illa
359 1435 419 1462 est?
433 1435 479 1462 51.
497 1433 679 1466 xEnmlamini,
691 1432 787 1467 inquit,
802 1432 955 1458 charismata
974 1439 1026 1458 me-

232 1482 307 1509 liora.
319 1480 351 1508 Et
359 1481 443 1507 adhuc
450 1478 650 1507 excrllentiorcm
657 1478 725 1505 vobis
732 1478 798 1505 uiam
807 1478 960 1504 demonstro.
971 1477 1026 1504 Iloc

232 1533 320 1556 autem
336 1527 430 1554 dicens
448 1525 626 1553 subindicavit
640 1525 699 1551 illus
721 1525 746 1551 in
766 1531 845 1551 causa
861 1523 943 1550 fuisse
955 1522 1026 1558 quod

233 1575 336 1602 minora
348 1573 511 1607 acceperint,
531 1577 558 1598 et
572 1578 653 1605 penes
668 1570 727 1597 illus
739 1577 809 1601 esse,
825 1570 847 1596 si
863 1569 956 1601 velint,
973 1577 1028 1595 mas

231 1621 291 1655 jura
311 1620 443 1653 aeeipere.
460 1617 525 1645 Cum
541 1617 611 1644 enim
628 1617 702 1649 dicit,
718 1615 902 1648 Eiizttlamirti,
927 1616 959 1642 ab
975 1615 1028 1643 illis

234 1665 350 1692 studium
375 1664 459 1698 exigit
481 1667 508 1690 et
523 1662 685 1690 desiderium
707 1663 778 1688 circa
800 1669 843 1688 res
865 1661 1025 1696 spirituales.

234 1711 325 1746 Neque
339 1709 415 1743 dixit,
437 1709 545 1744 Majora,
570 1708 628 1740 sed,
646 1706 772 1739 Meliora;
787 1708 813 1734 id
834 1712 885 1740 est,
910 1707 1026 1740 utiliora,

235 1765 294 1792 quze
308 1755 457 1783 conferant.
475 1755 531 1782 llue
555 1759 643 1781 autent
660 1753 717 1780 vult
737 1752 888 1787 significare
903 1762 909 1780 τ
927 1753 1029 1780 lllanete

234 1803 394 1832 charismata
409 1801 603 1833 desiderantes,
620 1805 647 1828 et
664 1800 776 1827 ostendo
791 1800 867 1827 vobis
881 1800 1029 1827 charisma-

236 1856 292 1877 tum
307 1850 386 1876 viam.
402 1848 460 1875 Non
475 1848 546 1875 enim
562 1847 639 1880 dixit,
659 1846 808 1879 Charisma,
823 1847 881 1879 sed,
902 1845 985 1879 Viam,
1003 1850 1030 1873 ut

236 1898 321 1933 magis
345 1896 457 1924 extollat
480 1895 506 1923 id
528 1895 599 1930 quod
626 1898 668 1922 est
688 1894 817 1922 dicturus.
840 1894 930 1929 Neque
957 1893 1028 1921 enim

237 1952 318 1972 tntum
334 1944 375 1971 vel
388 1943 441 1970 duo
456 1943 497 1969 vel
512 1942 560 1968 tria
576 1941 736 1969 charismata
751 1940 864 1968 ostendo
880 1941 966 1974 vobis,
983 1940 1030 1968 scd

237 1991 306 2017 viam
336 1996 415 2016 unatn
441 1988 474 2015 ad
497 1987 556 2014 ha‘c
580 1987 669 2014 omnia
693 1986 853 2019 ducentem;
881 1994 930 2014 ncc
951 1986 1030 2014 modo

237 2036 318 2069 viam,
334 2034 379 2062 sed
393 2034 472 2060 etiam
483 2040 544 2060 cum
556 2032 714 2068 hyperbole,
728 2037 755 2060 et
769 2032 892 2060 omnibus
905 2041 955 2059 una
968 2040 1030 2068 pro-

237 2081 361 2116 positam.
376 2079 433 2106 Non
450 2079 518 2106 sicut
533 2077 694 2105 charismata
707 2077 747 2104 his
758 2077 825 2111 ltrcc,
840 2078 901 2105 aliis
916 2078 971 2111 illa,
983 2078 1030 2105 sed

238 2135 292 2154 non
307 2125 396 2153 omnia
411 2124 535 2151 onmibus
546 2123 660 2156 dantur;
681 2123 715 2150 ita
730 2127 756 2150 et
772 2123 838 2156 ltoc;
855 2123 901 2150 sed
921 2124 1030 2151 univer-

241 2173 298 2201 sale
312 2172 412 2200 donum
428 2175 478 2199 cst.
498 2170 612 2203 Ideoque
633 2177 726 2197 omnes
741 2169 773 2196 ad
789 2170 840 2197 hoc
854 2175 931 2197 vocat
947 2179 953 2197 :
970 2178 1030 2197 nam

237 2220 285 2250 ait,
302 2216 474 2245 Emulamini
490 2216 642 2243 charismata
657 2216 763 2242 meliora
779 2224 788 2242 :
801 2221 824 2242 et
837 2216 921 2242 adhuc
941 2217 1031 2243 excel-

238 2265 369 2292 lentiorem
382 2264 448 2290 viam
462 2262 529 2289 vobis
539 2262 683 2289 demonstro
694 2269 704 2294 ;
716 2262 853 2290 caritatem
868 2263 960 2290 dicens
969 2270 1030 2298 erga

238 2310 400 2346 proximum.
415 2309 518 2337 Deinde
533 2316 683 2336 sermonem
697 2308 731 2336 de
751 2309 795 2336 illa
816 2316 991 2344 aggressurus
1005 2314 1033 2336 et

239 2357 391 2385 encomium
414 2355 492 2390 hujus
508 2355 635 2389 praeclare
662 2355 734 2388 facti,
752 2356 866 2390 primum
883 2356 947 2382 facta
970 2363 1030 2383 cum

240 2403 285 2431 illa
301 2401 577 2437 comparatiouc,h2ec
586 2401 619 2428 de
641 2401 731 2428 medio
750 2401 828 2432 tollit,
843 2402 986 2428 ostendens
1000 2410 1030 2429 ca

241 2450 307 2477 nihil
325 2454 385 2477 esse
400 2449 458 2476 sine
471 2447 527 2480 illa,
544 2447 741 2482 admodumqnc
760 2447 913 2481 prudenter.
929 2447 994 2474 Nam
1010 2448 1032 2475 si

241 2497 330 2524 statim
348 2494 382 2522 de
400 2494 512 2522 caritate
524 2493 706 2522 disseruisset.
722 2499 749 2520 et
761 2499 902 2528 postquam
917 2494 1030 2526 dixerat,

245 2540 320 2568 Viam
334 2540 402 2568 vobis
416 2541 571 2572 denmnstro,
592 2539 787 2574 suhjttnxissct,
805 2538 868 2565 "ac
884 2544 973 2566 autent
992 2544 1033 2566 cst

239 2589 345 2619 caritas,
370 2590 396 2614 et
416 2592 469 2613 nou
483 2592 531 2620 per
552 2585 783 2619 comparationem
805 2585 953 2612 oralionem
971 2592 1031 2620 pro-

240 2633 376 2664 duxisset;
389 2632 488 2659 dicttutt
500 2630 607 2666 quidam
622 2630 845 2662 subsannasscnt,
859 2631 898 2657 rei
911 2631 962 2657 vim
978 2638 1030 2658 non

239 2681 313 2708 clare
331 2680 458 2711 scientes,
471 2678 518 2705 sed
533 2677 619 2704 adhuc
633 2677 666 2704 ad
681 2677 738 2704 hch
754 2676 894 2704 inhiantes.
908 2677 1030 2712 Quapro-

241 2731 299 2763 pter
314 2733 366 2753 non
379 2725 468 2753 statim
483 2724 555 2750 illam
578 2723 695 2753 revelat;
717 2721 764 2749 sed
777 2730 837 2749 cum
852 2723 940 2757 primo
953 2723 1031 2750 audi-

242 2776 306 2802 toris
321 2775 439 2800 animum
455 2778 502 2805 per
514 2769 720 2804 promissionem
734 2769 884 2803 extulisset,
905 2778 935 2797 ac
949 2770 1033 2798 dixis-

241 2823 292 2851 set,
308 2816 515 2845 Excellentiorem
529 2815 595 2841 viam
609 2814 677 2841 vobis
687 2814 842 2848 demonstro,
854 2820 880 2842 et
892 2815 917 2843 in
930 2816 1032 2844 deside-

240 2863 308 2891 rium
319 2863 484 2894 induxisset;
497 2868 582 2896 ueque
595 2860 634 2889 sic
645 2860 733 2888 statim
747 2860 773 2888 itt
789 2861 858 2889 illam
868 2861 1028 2898 ingreditur,

609 130 636 158 S.
657 130 794 158 JOANNIS
813 126 1050 157 CilllYSt)5TO.\ll
1071 127 1230 156 AllClllEi‘.
1250 129 1516 157 CONSTANTINOP.

1810 133 1861 162 263

1067 185 1115 213 sed
1127 194 1225 220 angens
1235 186 1324 214 adhuc
1332 187 1496 215 desiderium
1510 187 1585 221 illud,
1601 188 1636 216 de
1647 188 1688 216 his
1699 189 1764 224 ipsis
1776 191 1862 225 primo

1067 233 1185 264 disserit,
1201 237 1228 260 ct
1239 235 1365 268 ostendit,
1382 235 1403 261 si
1427 235 1468 261 illa
1483 242 1535 262 n0n
1549 235 1593 268 sit,
1609 243 1640 262 ea
1655 236 1720 263 nihil
1735 244 1811 269 esse;
1835 239 1861 265 in

1068 278 1212 305 maximam
1230 279 1290 306 illos
1306 280 1494 307 necessitatem
1510 280 1638 308 inducens
1651 289 1680 308 se
1693 288 1786 310 mutuo
1801 282 1862 309 dili-

1067 324 1157 358 gendi,
1170 325 1295 359 quoniam
1307 333 1339 352 ex
1352 333 1385 353 eo
1394 326 1464 360 quod
1476 326 1521 353 illa
1535 327 1654 361 neglecta
1667 327 1771 361 fuisset,
1784 335 1864 355 causa

1069 370 1130 397 hinc
1153 371 1271 397 omnium
1295 371 1425 398 malorum
1448 377 1516 399 erat.
1535 372 1714 406 Quamobrem
1735 373 1777 400 vel
1802 373 1864 400 inde

1069 417 1164 443 merito
1186 424 1282 452 magna
1298 417 1342 444 illa
1366 423 1509 452 appareat;
1534 419 1556 445 si
1572 418 1679 453 quidem
1700 419 1864 448 charismata

1069 470 1121 489 non
1137 463 1217 490 modo
1227 463 1286 490 illos
1300 471 1353 490 non
1368 464 1543 491 conciliarunt
1557 469 1584 492 et
1599 470 1806 500 congregarunt,
1817 466 1863 493 sed
1905 463 1907 465 ’

1069 509 1148 535 ctiaut
1165 509 1323 543 conjunctos
1336 515 1495 544 separarum
1508 519 1515 538 :
1527 511 1586 538 hrcc
1599 519 1663 538 vero
1676 512 1747 543 illos,
1760 513 1806 546 qui
1817 520 1867 547 per

1070 554 1229 582 charismata
1249 556 1373 591 disjuncti
1389 556 1506 590 fuerant,
1528 565 1575 592 per
1593 558 1709 592 seipsam
1734 558 1864 584 concilia-

1071 606 1129 628 tura
1143 607 1168 629 et
1179 609 1260 629 unum
1271 610 1369 637 corpus
1380 602 1509 630 effectura
1521 608 1571 630 est.
1586 603 1638 630 Sed
1650 611 1701 630 non
1713 604 1802 630 statim
1816 603 1866 630 hoc

1069 646 1144 679 dicit,
1167 655 1261 675 verum
1285 649 1356 682 quod
1381 649 1497 676 maxime
1523 649 1561 675 illi
1584 648 1784 682 desiderabant,
1815 649 1866 676 hoc

1071 693 1163 727 ponit;
1181 701 1277 728 nempe
1290 693 1360 728 quod
1376 702 1420 721 res
1436 695 1492 729 ipsa
1507 695 1640 721 charisma
1657 695 1700 726 sit,
1715 700 1741 721 et
1759 695 1791 722 ad
1803 695 1867 721 cita-

1070 739 1178 766 rismala
1192 739 1280 766 omnia
1298 739 1339 766 via
1354 739 1499 767 excellens.
1511 740 1680 774 Quapropter
1692 740 1797 767 etiamsi
1813 747 1866 767 non

1071 791 1104 811 eo
1119 784 1189 819 quod
1211 784 1320 817 debeas,
1342 785 1409 813 velis
1424 785 1532 812 fratrem
1549 785 1669 820 diligere,
1695 793 1728 812 ex
1750 793 1783 812 eo
1796 785 1867 820 quod

1071 831 1158 865 majus
1172 830 1289 866 accipias
1314 832 1419 866 signum
1441 836 1467 858 et
1482 832 1621 866 copiosum
1638 831 1783 864 charisma,
1799 832 1869 859 cari-

1072 880 1153 903 tatem
1165 877 1282 910 suscipe.
1297 876 1330 904 Et
1342 877 1402 903 vide
1415 876 1548 904 undenam
1563 878 1672 912 incipiat
1685 887 1692 904 ε
1706 878 1820 912 primum
1833 878 1868 904 ab

1071 929 1104 949 eo
1119 923 1190 958 quod
1215 923 1336 951 mirabile
1353 923 1495 951 videbatur
1515 929 1541 951 et
1564 932 1689 959 maguum
1712 924 1782 960 apud
1807 925 1869 952 illos

1072 976 1142 1001 esse,
1164 976 1178 995 a
1193 969 1290 1004 linguis
1311 977 1427 1004 nempe:
1442 975 1468 997 et
1490 969 1622 997 charisma
1640 971 1665 997 in
1689 971 1805 998 medium
1821 970 1870 997 ad-

1072 1015 1183 1048 ducens,
1198 1024 1250 1043 non
1272 1021 1374 1043 tantum
1395 1017 1460 1044 illud
1475 1018 1563 1051 posuit
1576 1022 1704 1051 quantum
1721 1018 1769 1052 ipsi
1787 1017 1870 1044 habe-

1072 1061 1147 1093 bant,
1165 1062 1211 1089 sed
1229 1063 1307 1098 longe
1321 1063 1417 1097 majus.
1442 1063 1533 1098 Neque
1548 1063 1620 1090 enim
1636 1064 1712 1095 dixit,
1730 1064 1757 1091 Si
1773 1064 1869 1099 linguis

1074 1108 1178 1144 loquar,
1196 1109 1242 1136 sed
1255 1130 1262 1142 ,
1280 1109 1355 1145 (Cap.
1371 1111 1416 1143 15)
1431 1110 1456 1137 1.
1470 1110 1500 1137 Si
1515 1110 1608 1145 linguis
1622 1110 1751 1136 hominum
1767 1111 1867 1146 loquar.

1074 1155 1142 1188 Quid
1158 1156 1289 1191 significat
1305 1157 1381 1190 illud,
1398 1157 1559 1184 Hominum?
1575 1157 1699 1185 Omniutn
1715 1165 1762 1192 per
1776 1159 1868 1186 orbem

1074 1202 1203 1236 gentium.
1220 1202 1312 1237 Neque
1325 1208 1412 1230 tamen
1429 1204 1478 1231 hac
1493 1204 1638 1239 hyperbole
1653 1209 1795 1232 contentus
1810 1204 1869 1238 fuit,

1074 1248 1121 1276 sed
1137 1248 1216 1275 aliam
1231 1249 1310 1284 longe
1335 1250 1466 1285 majorem
1483 1251 1568 1285 ponit,
1594 1251 1760 1286 subjungens
1783 1260 1814 1279 ac
1830 1252 1872 1279 di—

1075 1301 1150 1326 cens,
1177 1294 1210 1321 Et
1234 1295 1392 1330 angelorum,
1416 1298 1549 1324 caritatem
1574 1302 1658 1324 autem
1680 1305 1730 1324 non
1754 1297 1870 1329 habeam,

1076 1343 1158 1378 factus
1177 1350 1232 1368 sum
1250 1349 1284 1368 te:
1302 1350 1396 1369 sonans
1416 1347 1460 1369 aut
1477 1343 1619 1378 cymbalum
1641 1338 1760 1370 tiriuiens.
1778 1343 1872 1370 Vidcn‘

1076 1395 1191 1422 quonam
1207 1395 1290 1422 usque
1303 1388 1402 1415 elatum
1419 1389 1564 1422 charisma,
1584 1397 1700 1424 quonam
1717 1397 1801 1424 usque
1821 1389 1871 1416 dc-

1077 1433 1181 1460 miserit
1194 1435 1278 1468 ipsum
1291 1438 1318 1460 ct
1331 1434 1496 1469 projecerit?
1509 1433 1601 1470 Neque
1612 1435 1685 1462 cnim
1695 1435 1782 1462 solum
1793 1435 1871 1468 dixit,

1077 1479 1147 1506 Nihil
1158 1487 1227 1512 sum,
1243 1479 1290 1506 sod
1301 1479 1397 1507 Factus
1409 1489 1465 1507 sum
1478 1488 1513 1508 tes
1523 1489 1627 1514 sonans,
1640 1481 1795 1508 insensibile
1809 1481 1872 1514 quid

1077 1530 1105 1552 et
1119 1525 1302 1552 inanimalum.
1320 1525 1460 1559 Quomodo
1474 1531 1562 1553 autem
1586 1535 1623 1554 :es
1638 1527 1760 1554 sonans?
1775 1527 1872 1554 Vocem

1077 1571 1186 1606 quidem
1208 1572 1345 1603 emittcns,
1367 1572 1413 1599 sed
1430 1573 1526 1599 frustra
1547 1578 1572 1600 ct
1586 1577 1698 1606 temere,
1721 1573 1753 1600 ad
1770 1574 1873 1601 nullum

1079 1625 1165 1644 usum.
1181 1617 1361 1653 Prteterquam
1385 1619 1455 1646 enim
1472 1618 1544 1653 quod
1567 1619 1632 1646 nihil
1646 1619 1765 1654 perﬁcio,
1789 1620 1874 1647 mole-

1079 1663 1157 1690 stiam
1172 1671 1266 1691 creare
1281 1664 1372 1692 videor
1396 1671 1422 1692 et
1438 1665 1568 1692 molestus
1591 1674 1651 1694 esse
1665 1667 1764 1694 multis.
1783 1667 1874 1694 Viden‘

1080 1710 1213 1745 quomodo
1225 1711 1247 1738 is
1260 1711 1304 1746 qui
1321 1711 1441 1739 caritatis
1452 1719 1548 1746 expers
1559 1718 1609 1746 est,
1626 1713 1778 1741 iuanimalis
1791 1718 1818 1740 et
1833 1714 1873 1740 itt-

1081 1757 1226 1784 sensilibus
1239 1759 1273 1784 sit
1284 1758 1398 1786 similis?
1411 1759 1541 1794 Linguam
1558 1765 1646 1788 autent
1662 1762 1818 1796 angelorum
1832 1761 1874 1788 hic

1081 1802 1155 1836 dicit,
1173 1811 1226 1830 ιιοη
1241 1811 1338 1838 corpus
1358 1804 1462 1839 angelis
1482 1806 1612 1840 tribuens,
1635 1807 1681 1834 sed
1698 1808 1748 1834 hoc
1760 1808 1816 1834 vnlt
1835 1809 1872 1834 si-

1080 1849 1208 1884 gniﬁcare
1222 1858 1229 1876 :
1245 1849 1357 1877 Etiamsi
1378 1851 1413 1877 ita
1429 1851 1532 1886 loquar,
1551 1857 1580 1879 ut
1596 1853 1682 1888 angeli
1704 1853 1793 1880 solent
1807 1854 1876 1881 inter

1081 1903 1111 1922 se
1122 1895 1250 1930 colloqui,
1266 1896 1324 1923 sine
1339 1897 1450 1924 caritate
1462 1897 1528 1924 nihil
1544 1905 1601 1925 sum
1615 1907 1622 1931 ;
1640 1899 1694 1925 imo
1707 1907 1837 1927 onerosus
1849 1905 1876 1927 et

1083 1941 1220 1969 molestus.
1239 1942 1283 1969 Sic
1297 1942 1367 1969 enim
1383 1942 1444 1969 alibi
1461 1950 1566 1978 quoque
1580 1951 1640 1971 cum
1655 1944 1720 1971 dicit
1734 1954 1740 1971 :
1755 1944 1812 1979 Ipsi
1827 1945 1875 1980 [fe-

1082 1993 1162 2014 ctetur
1176 1996 1248 2015 omne
1263 1997 1327 2024 genu
1341 1989 1489 2022 molestiam,
1504 1991 1659 2017 terrestrium
1677 1996 1699 2017 et
1719 1992 1876 2026 infernarum

1084 2032 1214 2068 (Philipp.
1227 2034 1254 2065 2,
1266 2034 1326 2068 40);
1344 2041 1397 2061 non
1411 2042 1497 2069 genua
1511 2040 1537 2062 et
1548 2043 1607 2063 ossa
1618 2037 1720 2070 angelis
1728 2037 1876 2064 attribuens

1084 2079 1142 2107 lucc
1157 2080 1237 2112 dicit;
1249 2080 1335 2113 absit;
1353 2081 1399 2108 sed
1413 2086 1440 2108 ct
1453 2083 1583 2109 intensam
1596 2087 1622 2109 et
1634 2082 1761 2118 grandem
1777 2083 1877 2110 adora-

1084 2126 1183 2152 tioncm
1200 2134 1246 2160 pcr
1258 2127 1333 2154 illum
1349 2135 1402 2162 quo
1424 2128 1494 2162 apud
1515 2136 1564 2155 nos
1580 2129 1609 2155 fit
1623 2129 1731 2156 modum
1754 2130 1876 2157 subindi—

1084 2179 1147 2199 care
1161 2172 1226 2199 vult.
1243 2173 1287 2199 Sic
1300 2178 1327 2200 ct
1342 2173 1392 2200 hoc
1406 2173 1465 2200 loco
1486 2173 1602 2208 linguam
1619 2175 1732 2208 vocavit,
1750 2183 1802 2202 non
1817 2184 1877 2203 car-

1084 2218 1126 2245 nis
1141 2226 1270 2253 organuut
1284 2219 1448 2254 significans,
1470 2220 1517 2247 sed
1532 2220 1637 2247 illorum
1654 2226 1775 2248 umtuuttt
1793 2222 1877 2249 collo-

1085 2268 1174 2303 quium
1188 2271 1251 2292 noto
1261 2266 1330 2300 apud
1344 2273 1392 2293 nos
1404 2266 1484 2293 modo
1497 2267 1657 2294 adumbrare
1672 2267 1763 2294 voluit.
1777 2269 1879 2295 Deinde

1085 2318 1113 2340 ut
1126 2312 1259 2347 acceptior
1276 2311 1321 2338 ﬂat
1345 2312 1440 2344 oratio,
1463 2320 1515 2339 non
1535 2312 1567 2339 ad
1583 2313 1685 2348 linguas
1709 2321 1793 2349 usque
1814 2322 1879 2342 con-

1085 2359 1165 2389 sistit,
1180 2358 1227 2385 sed
1241 2358 1272 2384 ad
1286 2358 1388 2393 reliqua
1405 2359 1491 2393 pergit
1501 2358 1674 2391 charismata,
1690 2360 1843 2395 omniaque,
1856 2361 1877 2387 si

1085 2405 1129 2432 illa
1146 2404 1224 2436 absit,
1241 2403 1381 2438 dejiciens,
1396 2409 1460 2431 tunc
1473 2404 1530 2439 ejus
1545 2405 1664 2440 depingit
1678 2405 1821 2441 imaginem
1837 2412 1879 2434 :el

1085 2450 1210 2485 quoniant
1237 2450 1402 2484 amplificare
1426 2450 1481 2476 vult
1508 2451 1668 2484 orationem,
1693 2459 1707 2478 a
1729 2452 1879 2479 minoribus

1086 2497 1224 2531 incipiens,
1247 2495 1280 2523 ad
1301 2496 1401 2530 majora
1426 2496 1557 2523 ascendit.
1573 2497 1648 2530 Quod
1672 2498 1754 2531 cnim,
1772 2498 1879 2533 quando

1085 2549 1178 2569 eorum
1195 2542 1320 2568 indicavit
1334 2542 1466 2574 ordinem,
1483 2547 1648 2576 postremum
1664 2545 1761 2578 posuit,
1784 2552 1878 2580 nempe

1085 2587 1184 2614 donum
1200 2588 1360 2622 linguarum,
1377 2587 1428 2615 hoc
1441 2595 1512 2615 nunc
1526 2589 1640 2622 primum
1663 2595 1797 2622 nmncrat,
1815 2598 1878 2624 pau-

1086 2632 1171 2666 latim,
1194 2638 1221 2659 ut
1247 2633 1311 2665 dixi,
1329 2633 1361 2660 ad
1379 2634 1480 2668 majora
1504 2634 1662 2661 ascendens.
1680 2634 1745 2661 Nam
1769 2643 1829 2662 cum
1844 2636 1878 2664 de

1085 2679 1181 2714 linguis
1194 2679 1316 2712 dixisset,
1331 2679 1363 2706 ad
1380 2680 1546 2714 prophetiam
1563 2688 1624 2707 mox
1641 2681 1746 2712 transit,
1772 2686 1798 2708 et
1819 2682 1874 2708 ait:

1084 2725 1111 2752 2.
1129 2724 1163 2751 Et
1185 2725 1205 2750 si
1222 2725 1331 2752 habuero
1347 2726 1526 2760 prophetiam;
1550 2730 1577 2752 et
1596 2725 1666 2753 hanc
1687 2734 1794 2753 rursum
1819 2735 1877 2753 cum

1086 2771 1242 2806 hyperbole.
1265 2772 1340 2799 Sicut
1365 2773 1437 2799 enim
1463 2771 1498 2798 ibi
1513 2772 1617 2807 linguas
1641 2780 1694 2799 non
1711 2773 1810 2807 posuit,
1833 2775 1878 2800 scd

1086 2816 1223 2843 hominum
1237 2817 1356 2844 ontniutn
1371 2817 1485 2851 linguas,
1499 2821 1524 2844 et
1538 2824 1697 2852 progressus
1708 2818 1788 2844 ctiant
1799 2825 1879 2852 ange-

1086 2863 1183 2897 lorum,
1199 2867 1224 2891 ct
1240 2869 1303 2891 ttmc
1316 2863 1432 2892 ostendit
1446 2864 1497 2892 ltoc
1510 2864 1644 2893 charisma
1667 2865 1732 2893 nihil
1746 2873 1806 2893 esse
1821 2866 1878 2893 sine
