2034 3109
171 126 229 155 269

171 184 286 211 caritate
301 183 359 212 :sic
373 187 400 210 et
413 182 465 210 hoc
479 182 539 210 loco
559 188 611 209 non
633 181 800 216 prophetiam
821 179 895 216 ponit
910 184 968 206 tan-

173 236 241 262 tnm,
257 229 304 258 sed
327 237 458 256 summam
482 229 561 256 etiam
577 227 755 263 prophetiam.
771 227 838 254 Cum
858 226 970 253 dixisset

171 277 256 308 enim,
272 274 302 302 Si
318 275 429 303 habuero
443 273 612 309 prophetiam,
636 273 772 307 subjunxit
788 281 795 299 :
810 272 843 298 Et
858 271 968 298 noverim

174 323 293 356 mysteria
312 323 397 348 omnia
412 325 434 346 et
451 328 549 347 onment
563 320 712 351 scientiam;
727 326 788 345 cum
807 317 928 352 emphasi
943 321 970 343 et

173 368 323 394 intentione
340 367 390 393 hoc
402 367 481 393 etiam
495 365 628 392 charisma
641 372 753 399 ponens.

208 415 236 440 4.
254 413 354 440 Deinde
366 412 400 439 ad
413 412 514 446 reliqua
539 411 701 438 charismata
726 409 907 445 progreditur.
937 408 970 434 Et

172 466 207 486 ne
236 459 341 493 singula
367 465 528 485 enumerans
555 456 676 484 rideatur
706 464 812 483 rursum
841 455 969 482 molestus

171 511 255 537 esse,
279 508 392 531 matrem
416 509 442 530 et
467 503 567 530 fontem
593 503 711 530 omnium
734 502 869 537 ponit.et
885 501 969 535 ipsam

173 558 267 578 rursus
281 558 342 578 ctttn
369 550 534 586 hyperbole,
560 550 598 577 sic
622 550 735 576 dicens:
754 548 786 575 Et
811 548 833 575 si
859 547 969 573 habuero

172 606 273 625 onmem
286 598 374 632 fidem.
388 597 478 632 Neque
499 597 565 623 satis
585 597 674 623 habuit
703 596 753 623 hoc
777 595 894 626 dixisse,
922 594 969 621 scd

172 643 253 671 etiam
268 643 355 676 illud,
377 643 448 678 quod
472 647 500 669 ut
523 642 669 669 niaximum
694 641 814 668 Christus
839 640 921 672 dixit,
943 639 968 666 id

172 690 255 717 etiam
286 690 387 724 adjecit
405 697 411 715 :
431 688 472 715 Ita
485 693 510 715 ut
525 693 620 715 montes
644 690 794 723 transferant
806 708 813 720 ,
839 687 970 713 caritatem

172 741 257 762 autent
270 743 323 762 non
338 735 448 762 habuero
460 755 468 766 ,
487 734 552 761 nihil
562 743 629 761 sum.
644 733 784 768 Perpende
797 737 884 760 autem
900 740 969 766 quo-

173 781 254 809 modo
271 781 315 808 hic
329 788 422 808 rursus
438 780 588 814 linguarum
603 779 758 815 dignitatem
772 779 890 814 dejiciat.
905 778 970 804 Pro-

174 827 271 862 phetia:
282 835 398 862 namque
409 827 522 854 multtun
537 826 655 854 ostendit
669 826 771 852 lucrum
782 846 790 858 ,
811 825 882 859 quod
901 825 968 851 sciat

174 874 302 909 mysteria
315 878 341 901 et
366 881 473 900 omnem
493 872 592 900 habeat
613 873 769 904 scientiam;
796 871 856 898 ﬁdei
879 875 967 898 autem

174 927 242 954 opus
256 927 310 947 non
324 927 435 954 parvqu
449 940 455 950 ,
471 919 541 954 quod
557 923 663 946 montes
685 917 826 945 transferat
841 926 847 944 :
862 917 896 945 de
916 917 967 943 litt-

172 965 231 1000 guis
246 972 311 992 vero
332 965 417 999 ipsum
433 966 519 992 solum
542 964 674 992 charisma
696 964 832 995 indicans,
857 963 967 990 recedit.

174 1011 212 1038 Tu
236 1011 303 1038 mihi
326 1011 389 1038 illud
411 1018 518 1046 quoque
540 1011 692 1043 considera,
717 1009 851 1045 quomodo
877 1010 967 1043 paucis

173 1058 262 1085 omnia
281 1058 440 1093 complexus
454 1057 489 1084 sit
505 1057 677 1090 charismata,
696 1057 861 1091 prophetiam
875 1056 967 1083 dicens

171 1109 198 1131 et
212 1103 293 1132 ﬁdem
310 1112 317 1131 :
331 1109 377 1131 aut
398 1104 470 1132 enim
494 1104 519 1130 in
542 1104 630 1131 verbis
650 1109 696 1130 aut
710 1104 735 1130 in
751 1104 878 1138 operibus
892 1103 967 1137 signa

171 1154 243 1178 sunt.
258 1150 312 1178 Sed
329 1150 463 1186 quomodo
485 1149 608 1177 Christus
634 1149 719 1182 dixit,
744 1149 882 1176 minimam
907 1156 967 1176 esse

172 1196 233 1223 ﬁdei
249 1200 363 1231 partem,
379 1203 456 1231 passo
470 1200 587 1223 montem
603 1195 771 1222 transferre?
787 1203 847 1221 nam
865 1199 895 1221 ut
918 1195 966 1221 uti-

171 1242 275 1270 uimum
289 1242 443 1278 signiﬁcans
454 1263 461 1275 ,
485 1242 520 1269 ita
537 1243 625 1277 posuit
647 1242 738 1268 dicens
754 1250 760 1267 :
777 1241 808 1268 Si
831 1240 967 1267 habueritis

171 1289 246 1324 ﬁdem
263 1290 329 1316 sicut
343 1298 450 1324 granum
464 1290 570 1324 sinapis,
585 1289 671 1315 dicetis
687 1289 746 1314 huic
760 1289 847 1319 monti,
864 1288 965 1320 Transi,

172 1340 194 1361 et
207 1335 324 1361 transibit
343 1335 352 1370 (
367 1335 461 1361 Matth.
476 1335 520 1367 17,
535 1334 568 1361 l9
581 1341 588 1369 }
604 1343 611 1360 :
628 1335 725 1361 l’aulus
739 1341 802 1360 vero
814 1333 876 1360 dicit
898 1333 965 1359 hanc

170 1388 278 1407 omnem
293 1381 372 1407 ﬁdem
384 1380 463 1407 esse?
477 1380 544 1414 Quid
566 1388 630 1415 ergo
652 1379 813 1406 dicendum?
833 1378 964 1411 Quoniam

170 1434 296 1462 magnum
312 1427 377 1453 illud
391 1432 448 1454 erat
459 1447 466 1458 ,
481 1431 600 1454 montem
627 1426 772 1452 transferre
786 1446 792 1455 ,
817 1425 876 1451 ideo
900 1423 964 1450 illud

171 1471 349 1504 memoravit;
367 1479 420 1498 nou
432 1471 507 1506 quasi
524 1471 574 1498 hoc
589 1471 644 1498 sola
659 1475 749 1505 posset
762 1475 814 1497 tota
830 1469 907 1501 lidcs,
917 1469 964 1496 sed

170 1517 230 1552 quia
246 1517 298 1544 hoc
313 1524 438 1552 magnum
451 1517 626 1543 crassior-ibus
641 1516 778 1543 ridebatur
791 1523 850 1542 esse
863 1515 898 1542 ob
909 1522 966 1541 uto-

170 1564 223 1591 lem
236 1564 369 1598 corporis,
386 1564 446 1590 hine
460 1571 567 1599 quoque
582 1571 637 1590 rem
664 1563 825 1597 propositam
850 1561 965 1596 ampliﬁ-

170 1615 221 1638 cat.
237 1611 295 1638 lloc
310 1616 398 1638 autem
412 1611 467 1637 vult
482 1610 634 1645 signiﬁcare
650 1619 655 1636 :
672 1610 698 1636 Si
721 1609 840 1636 ltabuero
855 1616 965 1636 omnem

171 1657 261 1689 ﬁdem.
275 1663 302 1684 ct
317 1659 339 1685 si
352 1658 451 1692 possim
467 1662 574 1684 montes
591 1656 747 1687 transferre,
764 1656 904 1683 caritatem
918 1663 965 1682 au-

171 1709 223 1732 tem
239 1712 294 1731 non
307 1704 436 1736 habuero,
453 1704 517 1730 nihil
531 1712 601 1731 smn.
618 1704 644 1730 5.
663 1703 696 1729 Et
717 1704 739 1730 si
762 1703 912 1729 distribuero
939 1703 965 1729 in

171 1751 238 1778 cibos
251 1759 394 1786 pauperum
409 1759 494 1777 omnes
507 1752 640 1785 facultates
655 1758 738 1783 meas,
757 1756 779 1777 et
802 1750 823 1777 si
837 1750 965 1776 tradidero

171 1805 262 1832 corpus
282 1805 367 1823 meum
384 1797 419 1823 ita
431 1802 458 1823 ut
469 1797 572 1823 ardeam
585 1817 592 1828 ,
611 1797 741 1822 caritatem
756 1801 837 1822 autem
853 1805 903 1822 non
917 1797 964 1822 Ita-

171 1844 246 1870 buero
260 1864 267 1876 ,
283 1843 349 1870 nihil
361 1844 422 1870 mihi
441 1843 551 1878 prodest.
578 1843 667 1877 Papae,
681 1848 778 1877 quanta
801 1843 964 1878 hyperbole!

172 1890 280 1917 Etenim
296 1890 354 1917 htec
368 1890 510 1925 punitcum
523 1889 576 1917 alio
595 1890 788 1917 :tdditatnento.
812 1890 870 1917 Non
893 1890 965 1916 enim

171 1937 264 1964 dixit:
288 1937 317 1964 Si
335 1937 434 1965 dedero
461 1937 621 1972 pauperibus
647 1937 784 1964 dimidiam
812 1936 965 1963 facultatum

171 1990 294 2010 mearum
315 1987 436 2017 partem,
454 1987 498 2009 aut
511 1982 578 2009 duas
592 1982 632 2008 vel
658 1987 711 2009 tres
735 1986 840 2016 partes;
864 1982 922 2014 sed,
936 1982 967 2008 Si

172 2037 259 2056 omnes
273 2029 408 2063 facultates
421 2037 497 2056 meas.
510 2028 601 2063 Neque
615 2028 695 2060 dixit,
712 2028 825 2061 Dedere,
841 2028 897 2059 sed,
912 2027 967 2055 Dis-

173 2076 284 2103 tribuero
297 2076 324 2102 in
334 2075 423 2107 cibos;
442 2076 476 2102 ita
491 2079 520 2101 ut.
532 2083 591 2102 cum
609 2076 727 2109 impensa
744 2075 823 2101 etiam
845 2075 966 2101 ministh

172 2123 242 2150 rium
258 2127 285 2150 et
300 2117 411 2157 operam
425 2122 542 2156 adjiciat,
554 2129 614 2149 cum
632 2122 802 2148 accuratione
824 2122 908 2148 oumi.
934 2121 966 2148 Et

172 2170 194 2196 si
204 2169 299 2197 dedero
314 2177 405 2203 corpus
418 2177 514 2201 nteant,
531 2169 565 2195 ita
578 2174 604 2195 ut
618 2170 731 2195 ardeant.
750 2168 806 2196 Non
829 2169 913 2200 dixit,
938 2167 966 2195 Si

174 2215 300 2248 moriar;
326 2215 374 2243 sed
401 2215 452 2243 hoc
471 2217 550 2242 etiam
573 2223 632 2242 cum
658 2215 803 2250 hyperbole
826 2215 965 2241 :omnium

173 2261 244 2288 enim
258 2261 416 2296 gravissima
430 2266 516 2288 morte
531 2261 615 2295 posita
631 2282 637 2292 ,
658 2269 754 2294 nempe
777 2261 867 2287 vivum
891 2269 965 2288 cotti-

174 2306 252 2339 buri,
268 2313 328 2333 eam
349 2307 428 2333 etiam
452 2306 509 2334 sine
533 2307 643 2333 caritate
667 2307 734 2333 nihil
757 2314 881 2341 magnum
907 2314 967 2333 esse

175 2352 253 2380 dixit.
271 2352 416 2386 Subjunxit
431 2353 530 2388 itaque,
546 2352 620 2379 ΝιΙιὶι
634 2353 695 2379 mihi
705 2353 815 2387 prodest.
831 2353 882 2380 Sed
899 2361 967 2379 non-

175 2397 237 2426 dum
252 2403 336 2426 totam
352 2398 516 2434 hyperbolen
530 2398 635 2426 ostendi
648 2419 655 2431 ,
671 2398 757 2425 donec
772 2398 869 2425 Christi
893 2399 966 2426 testi-

175 2446 263 2473 monia
290 2446 361 2473 circa
387 2445 586 2481 eleemOsynam
609 2451 636 2473 et
658 2450 771 2472 mortem
797 2446 822 2472 itt
849 2446 965 2472 medium

174 2491 323 2520 adduxere.
350 2491 477 2525 Quaenam
511 2499 575 2526 ergo
598 2497 661 2518 sunt
685 2491 859 2519 testimonia?
886 2492 966 2519 Diviti

175 2537 251 2570 dixit,
269 2538 300 2565 Si
319 2538 356 2574 vis
375 2539 501 2573 perfectus
519 2546 587 2571 esse,
603 2538 680 2565 vende
693 2538 778 2564 omnia
792 2546 849 2572 qua'.
872 2538 948 2565 habes
959 2559 966 2571 ,

175 2589 197 2611 ct
214 2584 248 2611 da
265 2583 420 2619 pauperibus
430 2605 437 2616 ,
455 2588 479 2610 et
498 2585 554 2611 veni
564 2592 665 2618 sequere
674 2592 714 2610 me
728 2584 833 2619 (Matth.
845 2584 888 2616 19,
903 2584 966 2619 2|);

174 2630 246 2657 etde
260 2630 373 2657 caritate
386 2637 448 2665 erga
463 2630 611 2664 proximum
621 2630 756 2658 disserens
766 2630 803 2657 ait
819 2640 825 2658 ε
841 2630 968 2664 Maiorem

175 2676 223 2703 hac
233 2677 365 2703 raritatem
375 2684 448 2702 nemo
463 2676 535 2703 habet
547 2695 554 2707 ,
569 2681 598 2702 ut
614 2677 669 2711 quis
682 2681 759 2711 ponat
773 2677 884 2704 animam
894 2686 967 2704 suam

174 2731 221 2757 pro
232 2722 322 2749 amicis
333 2722 386 2748 suis
399 2722 408 2757 (
419 2721 498 2749 Joan.
516 2722 559 2751 15,
573 2723 607 2749 15
618 2723 637 2757 ).
654 2723 728 2750 Unde
743 2723 829 2757 palam
837 2723 967 2752 estetiam

174 2767 245 2803 apud
272 2768 357 2795 Deum
381 2767 433 2795 hoc
456 2768 575 2795 omnium
599 2769 743 2796 maximum
768 2776 837 2796 esse.
863 2770 897 2796 At
918 2777 968 2804 ego

174 2813 244 2846 dico,
261 2813 350 2848 tuquit
365 2812 476 2845 Paulus,
490 2814 594 2841 etiamsi
609 2822 658 2849 pro
672 2815 727 2841 Deo
742 2822 870 2849 ponamus
883 2815 966 2846 illam,

174 2866 262 2896 neque
275 2861 363 2888 Solum
378 2867 517 2894 ponamus.
534 2859 580 2887 sed
595 2861 627 2887 ita
643 2865 670 2888 ut
683 2861 872 2889 comburamur
897 2861 968 2896 (hoc

658 123 690 151 IN
710 122 816 152 EPIST.
838 121 847 148 Ι
880 122 925 149 AD
943 121 1021 149 COll.
1043 122 1159 150 HOMIL.
1181 122 1290 150 XXXII.

1763 127 1817 156 270

1023 179 1094 207 cnim
1109 181 1159 207 sibi
1171 181 1235 212 vult,
1252 181 1327 214 illud,
1343 181 1375 210 Si
1390 181 1520 209 tradidero
1532 191 1625 218 corpus
1640 192 1732 218 nteant,
1742 186 1777 212 ita
1788 191 1816 213 ut

1023 226 1146 262 ardeam)
1159 247 1166 259 ,
1184 235 1236 253 non
1255 235 1379 262 magnum
1393 229 1444 256 erit
1456 228 1559 256 lucrum
1573 229 1650 257 nobis
1662 250 1670 264 ,
1685 231 1707 257 si
1727 232 1818 265 proxi-

1024 280 1095 298 muut
1108 280 1160 299 non
1175 273 1326 308 diligamus.

1059 318 1218 346 Charismata
1231 329 1273 348 seu
1286 321 1353 348 dona
1365 321 1429 348 nihil
1445 326 1551 354 prosunt
1566 322 1620 349 sine
1632 323 1698 349 bona
1707 324 1768 350 vita.
1779 338 1815 345 —-

1024 363 1113 399 Itaque
1124 365 1213 392 dict-re
1226 366 1387 393 charismata
1399 375 1451 393 non
1466 368 1578 394 multum
1594 368 1732 402 prodesse,
1746 371 1818 396 cari-

1024 416 1076 439 tate
1091 412 1212 446 absente,
1228 413 1292 440 nihil
1307 415 1403 440 mirum
1420 423 1426 440 :
1443 422 1503 441 nam
1519 415 1544 441 in
1561 415 1613 441 vita
1628 423 1734 450 quoque
1748 415 1817 443 infe-

1023 458 1093 485 riora
1107 463 1169 486 sunt
1182 460 1355 486 charismata.
1369 460 1443 488 Multi
1460 468 1574 496 namque
1594 462 1638 496 qui
1654 461 1816 489 charismata

1022 504 1169 532 exhibuere
1179 526 1185 536 .
1205 506 1265 540 quia
1281 506 1394 540 improbi
1409 506 1514 534 fuerunt
1527 527 1534 538 ,
1552 514 1644 541 pinnas
1659 507 1789 535 dederunt
1807 517 1816 536 :

1023 556 1051 578 ut
1064 552 1101 578 illi
1115 553 1158 587 qui
1175 553 1199 579 in
1215 552 1322 580 nomine
1337 553 1394 587 ejus
1417 553 1658 588 prophetaverant,
1682 554 1816 583 daemonia

1023 599 1104 625 multa
1129 598 1284 633 ejcceraut,
1310 603 1337 626 et
1363 599 1475 626 virtutes
1500 599 1598 627 multas
1626 600 1762 634 fecerant;
1787 605 1817 629 ut

1022 643 1104 670 Judas
1119 643 1240 678 proditor
1255 652 1262 671 :
1277 645 1322 671 alii
1336 649 1424 671 autem
1437 644 1530 671 ﬁdeles
1543 665 1550 677 ,
1565 646 1609 680 qui
1625 646 1705 672 vitam
1729 646 1816 673 duxe-

1022 695 1082 717 rant
1099 698 1208 724 puram,
1224 691 1295 718 nullo
1309 691 1363 718 alio
1375 699 1442 725 opus
1458 690 1577 718 habuere
1588 692 1620 718 ad
1635 692 1750 719 salutem
1767 693 1816 721 ob-

1022 736 1167 763 tinendam.
1178 737 1253 770 Quod
1262 745 1327 772 ergo
1342 737 1513 770 charismata,
1529 742 1557 764 ut
1569 738 1635 770 dixi,
1652 738 1694 765 illa
1709 743 1816 773 egeant,

1022 781 1087 808 nihil
1104 782 1200 808 mirum
1215 791 1221 808 :
1236 782 1306 817 quod
1323 787 1413 809 autent
1429 783 1482 809 vita
1498 788 1621 810 accurata
1637 789 1661 811 et
1675 792 1739 819 pura
1749 785 1816 812 nihil

1021 827 1106 862 possit
1118 827 1174 855 sine
1185 827 1229 854 illa
1240 849 1246 860 ,
1263 828 1312 855 hoc
1327 833 1400 855 certe
1414 836 1534 863 magnam
1548 828 1625 856 echrt
1636 829 1813 865 hyperbolen,

1021 879 1047 901 et
1063 874 1173 900 ntultatn
1187 874 1257 909 parit
1268 873 1453 901 difﬁcultatem
1467 883 1473 905 ;
1490 882 1550 902 cum
1565 875 1681 902 maxime
1692 875 1816 903 Christus

1021 921 1063 948 his
1071 920 1200 948 ambobus
1211 928 1304 956 magna
1315 921 1462 948 decernere
1477 921 1613 954 videatur;
1625 929 1720 956 nempe
1734 922 1816 949 facul~

1022 972 1105 994 latum
1129 967 1293 995 abdicationi
1304 988 1310 998 ,
1332 972 1359 994 et
1379 968 1504 1001 periculis
1517 968 1648 1002 martyrii.
1661 968 1726 995 Nam
1739 968 1814 995 diviti

1020 1014 1066 1046 ait,
1080 1018 1108 1040 ut
1119 1013 1173 1047 jam
1191 1013 1264 1040 disi:
1282 1013 1313 1040 Si
1328 1013 1364 1040 vis
1379 1014 1504 1048 perfectus
1527 1022 1598 1047 esse,
1625 1013 1702 1040 vende
1728 1014 1814 1040 omnia

1019 1069 1075 1095 qua:
1087 1061 1173 1092 habes,
1185 1065 1207 1088 et
1222 1060 1256 1087 da
1274 1061 1427 1094 pauperibus
1437 1081 1445 1093 ,
1461 1066 1484 1087 et
1506 1062 1569 1096 veni,
1582 1069 1680 1093 sequere
1703 1070 1761 1093 me;
1784 1066 1812 1089 et

1019 1106 1156 1140 discipulis
1172 1106 1206 1133 de
1220 1106 1349 1141 martyrio
1364 1105 1502 1133 disserens
1515 1106 1620 1132 dicebat
1635 1115 1641 1132 τ
1659 1106 1710 1139 Qui
1723 1107 1809 1141 perdi-

1019 1152 1083 1178 derit
1097 1151 1210 1178 anintant
1223 1160 1295 1178 suum
1309 1156 1411 1186 propter
1426 1159 1480 1183 me,
1496 1151 1604 1178 inveniet
1615 1159 1686 1182 eam;
1702 1156 1727 1179 et
1740 1172 1746 1183 ,
1763 1151 1814 1183 Qui

1019 1207 1058 1225 me
1072 1198 1200 1233 confessus
1216 1199 1291 1232 fuerit
1307 1206 1393 1224 corum
1407 1197 1562 1228 hominibus,
1579 1197 1716 1232 conﬁtebor
1729 1201 1753 1224 et
1765 1206 1812 1233 ego

1018 1252 1073 1270 eum
1087 1252 1173 1271 coram
1186 1243 1262 1270 Patre
1276 1251 1341 1274 meo,
1356 1244 1397 1278 qui
1412 1248 1447 1270 est
1461 1244 1487 1270 ia
1502 1243 1570 1270 oculis
1585 1242 1692 1278 (Matth.
1709 1243 1815 1277 l6,25,

1018 1298 1040 1318 et
1056 1290 1100 1326 10,
1116 1290 1151 1318 52
1166 1290 1186 1326 ).
1212 1290 1280 1317 Nam
1303 1290 1384 1324 hujus
1409 1289 1542 1324 pratclarm
1567 1295 1648 1324 gesta:
1673 1290 1711 1317 rei
1737 1289 1814 1317 labor

1018 1344 1131 1372 magnus
1145 1341 1201 1369 est,
1219 1342 1246 1363 ut
1258 1336 1342 1370 ipsam
1356 1335 1412 1363 fere
1427 1340 1536 1369 superat
1549 1339 1670 1362 naturam
1689 1339 1735 1361 :et
1759 1334 1811 1362 hoc

1018 1382 1101 1416 probe
1113 1381 1203 1409 sciunt
1214 1381 1242 1413 ii,
1256 1381 1300 1416 qui
1318 1381 1390 1408 hisce
1405 1381 1512 1408 corouis
1525 1381 1595 1414 digiti
1611 1382 1683 1407 luere
1698 1389 1704 1406 :
1722 1380 1811 1407 nullus

1017 1427 1089 1454 enim
1101 1435 1190 1454 sermo
1199 1426 1224 1453 id
1235 1427 1386 1460 exprimere
1405 1426 1488 1460 possit
1500 1434 1507 1458 ;
1520 1427 1554 1452 ita
1568 1433 1705 1460 generosa:
1715 1432 1810 1460 nempe

1017 1474 1113 1500 anima:
1127 1473 1228 1500 facinus
1241 1478 1293 1506 est,
1309 1476 1336 1500 et
1353 1480 1433 1506 supra
1448 1472 1558 1499 modum
1571 1472 1769 1498 admirandum.

1050 1512 1078 1547 Β.
1090 1520 1214 1546 Attamen
1225 1518 1288 1546 illud
1296 1518 1482 1545 admirandum
1495 1525 1546 1545 non
1559 1518 1671 1545 multum
1682 1517 1810 1553 prodesse

1017 1566 1074 1593 sine
1087 1566 1199 1592 caritate
1212 1565 1278 1591 dicit
1298 1564 1396 1592 Paulus
1410 1585 1418 1597 ,
1442 1564 1545 1591 etiamsi
1567 1563 1702 1598 depositas
1722 1562 1809 1590 facul-

1018 1616 1085 1639 tates
1100 1611 1179 1638 simul
1198 1611 1304 1646 juuctas
1327 1609 1433 1637 habeat.
1461 1609 1514 1636 Cur
1533 1617 1597 1645 ergo
1618 1609 1657 1636 sic
1682 1609 1810 1644 loquutus

1017 1658 1078 1685 est?
1099 1657 1155 1684 lloc
1167 1657 1222 1692 jam
1238 1655 1381 1683 ostendere
1395 1655 1531 1686 conabor.
1548 1663 1608 1683 cum
1635 1655 1720 1690 primo
1746 1654 1809 1682 illud

1016 1704 1180 1740 qumsicrim,
1197 1703 1332 1738 quomodo
1346 1703 1367 1729 is
1378 1702 1424 1737 qui
1440 1702 1577 1729 facultates
1591 1709 1684 1730 omnes
1698 1702 1723 1729 in
1737 1703 1811 1730 cibos

1017 1751 1173 1784 distribuit,
1191 1751 1274 1785 possit
1288 1758 1347 1778 esse
1360 1750 1418 1777 sine
1439 1750 1559 1777 caritate.
1586 1749 1632 1776 lllc
1653 1750 1723 1777 enim
1736 1771 1742 1782 ,
1766 1749 1811 1785 qui

1019 1803 1126 1832 paratus
1137 1802 1177 1825 est
1190 1797 1223 1824 ad
1238 1796 1359 1831 corporis
1372 1796 1586 1823 combustiOnem
1597 1816 1605 1828 ,
1622 1795 1685 1823 licet
1706 1796 1810 1823 charis-

1019 1849 1087 1871 mata
1105 1844 1209 1876 haboat,
1226 1843 1282 1871 ﬁeri
1294 1843 1406 1870 lortasse
1423 1847 1508 1877 potest
1525 1847 1616 1869 utnon
1629 1841 1719 1877 diligat
1736 1850 1743 1868 :
1763 1842 1809 1869 sed

1019 1891 1062 1918 ille
1077 1892 1121 1925 qui
1138 1898 1189 1918 non
1203 1889 1282 1917 tnodo
1297 1889 1438 1916 facultates
1449 1889 1512 1920 dat,
1529 1888 1575 1915 sed
1589 1888 1670 1916 etiam
1686 1890 1711 1916 in
1736 1889 1811 1917 cibos

1018 1937 1169 1968 distribuit,
1186 1935 1320 1971 quomodo
1335 1943 1387 1962 non
1411 1934 1516 1969 diligit?
1541 1934 1608 1967 Quid
1635 1942 1698 1970 ergo
1720 1934 1812 1962 dicen-

1018 1984 1103 2011 dum?
1119 1983 1165 2010 Vel
1180 1983 1249 2018 quod
1267 1983 1292 2010 id
1306 1982 1376 2017 quod
1392 1991 1445 2009 non
1461 1987 1539 2014 erat,
1554 1990 1585 2009 ac
1600 1982 1622 2008 si
1637 1986 1708 2009 esset
1720 2002 1728 2016 ,
1745 1990 1810 2017 sup-

1020 2029 1155 2064 posuerit,
1178 2028 1247 2063 quod
1262 2036 1369 2062 semper
1385 2027 1473 2054 facere
1489 2028 1574 2060 solet,
1597 2035 1656 2054 cum
1681 2028 1813 2063 hyperbo-

1020 2075 1070 2102 letn
1085 2074 1228 2109 quamdam
1245 2073 1300 2100 ruit
1314 2073 1433 2108 proferre
1446 2081 1453 2106 ;
1473 2078 1501 2099 ut
1512 2081 1570 2099 cum
1583 2072 1683 2099 Calatis
1692 2073 1812 2099 scribens

1018 2121 1085 2148 dixit
1101 2130 1107 2148 :
1125 2121 1155 2147 Si
1170 2128 1215 2147 uos
1227 2141 1233 2150 .
1247 2124 1290 2146 aut
1306 2120 1411 2154 angelus
1426 2119 1457 2145 de
1479 2118 1540 2145 creto
1565 2118 1715 2153 evangelizrt
1741 2117 1810 2145 vobis

1019 2173 1187 2202 prtclerquam
1200 2166 1227 2192 id
1241 2165 1308 2201 quod
1323 2165 1455 2199 accepistis
1466 2186 1473 2196 ,
1491 2164 1627 2190 anathema
1641 2164 1672 2190 sit
1688 2163 1696 2198 (
1710 2162 1768 2190 Cal.
1783 2164 1808 2198 Ι,

1018 2215 1063 2249 8).
1083 2214 1161 2248 Atqui
1188 2221 1274 2247 neque
1299 2213 1374 2247 ipse,
1402 2219 1488 2246 neque
1513 2211 1622 2244 angelus
1643 2211 1668 2238 id
1693 2210 1811 2238 facturus

1018 2265 1095 2292 erat;
1121 2259 1167 2286 sed
1194 2263 1221 2285 ιιι
1245 2258 1399 2286 ostenderet
1417 2257 1453 2284 rei
1474 2257 1679 2288 excellentiam,
1696 2256 1720 2283 id
1741 2257 1810 2291 quod

1021 2312 1165 2339 numquam
1181 2304 1298 2330 futurum
1310 2303 1476 2336 eratposuit.
1495 2302 1528 2329 Et
1547 2309 1652 2328 rursmn
1676 2310 1736 2328 cum
1759 2302 1813 2328 Ro-

1020 2351 1106 2378 manis
1117 2351 1210 2377 scribit
1224 2355 1250 2377 et
1265 2350 1346 2382 dicit,
1365 2348 1453 2383 Neque
1467 2349 1549 2384 angeli
1560 2370 1567 2381 ,
1584 2356 1662 2383 neque
1683 2349 1813 2383 principa-

1022 2402 1071 2430 tus,
1086 2405 1166 2431 neque
1191 2396 1295 2423 virtutes
1322 2399 1441 2429 poterunt
1466 2402 1511 2421 nos
1534 2402 1652 2429 separare
1672 2403 1687 2420 α
1708 2395 1812 2420 caritate

1019 2442 1065 2469 Dei
1081 2443 1089 2478 (
1103 2443 1178 2469 Rom.
1194 2442 1223 2473 8,
1237 2441 1289 2476 59)
1305 2449 1312 2467 :
1329 2448 1416 2475 neque
1427 2440 1498 2466 enim
1514 2439 1538 2466 id
1553 2439 1646 2466 facturi
1661 2444 1736 2466 erant
1759 2447 1809 2466 att-

1019 2490 1086 2525 geli;
1103 2489 1150 2517 sed
1163 2489 1207 2516 hic
1221 2488 1301 2516 etiam
1318 2487 1344 2514 id
1357 2487 1499 2522 supponit,
1523 2486 1594 2520 quod
1617 2494 1668 2513 non
1688 2485 1811 2518 exsistit;

1019 2537 1088 2564 sicut.
1101 2537 1181 2563 etiam
1197 2535 1221 2561 id
1237 2534 1307 2569 quod
1330 2534 1469 2567 sequitur,
1500 2531 1588 2568 Neque
1611 2537 1727 2559 creatura
1747 2531 1811 2558 alia.

1020 2584 1111 2618 Neque
1134 2582 1186 2609 alia
1200 2585 1323 2608 creatura
1342 2579 1450 2607 :omnia
1468 2578 1539 2606 enim
1556 2578 1612 2612 ipse
1637 2577 1814 2612 comprehen-

1020 2629 1069 2661 dit,
1085 2636 1145 2664 quae
1159 2635 1237 2662 supra
1254 2632 1280 2653 et
1295 2634 1353 2661 qua:
1367 2625 1433 2652 infra
1450 2630 1527 2657 sunt,
1543 2633 1603 2651 cum
1616 2624 1705 2651 omnia
1728 2623 1811 2655 dicit;

1020 2675 1066 2702 sed
1096 2675 1140 2702 ltic
1167 2674 1248 2701 etiam
1283 2673 1307 2699 id
1343 2672 1412 2707 quod
1439 2679 1490 2698 non
1517 2675 1559 2698 est
1591 2671 1720 2698 exsistere
1745 2677 1810 2703 sup-

1021 2721 1105 2756 ponit,
1123 2725 1150 2747 ut
1166 2719 1290 2747 ostendat
1305 2726 1365 2745 cum
1380 2717 1526 2753 hyperbole
1541 2716 1702 2743 desiderium
1714 2722 1807 2741 suum:

1022 2767 1047 2794 id
1058 2766 1128 2801 quod
1143 2766 1223 2793 etiam
1241 2765 1282 2791 hic
1297 2764 1360 2791 facit
1376 2764 1477 2794 dicens,
1493 2763 1523 2790 Si
1539 2763 1624 2789 omnia
1638 2761 1694 2796 quis
1704 2760 1810 2791 dederit,

1022 2813 1152 2840 caritatem
1163 2816 1248 2838 autent
1260 2819 1310 2838 non
1324 2810 1453 2841 habuerit.
1470 2808 1534 2835 nihil
1548 2808 1597 2843 ipsi
1621 2806 1731 2842 prodest.
1756 2804 1810 2831 Aut

1023 2860 1071 2887 hoc
1088 2859 1166 2894 igitur
1180 2862 1221 2886 est
1235 2857 1376 2884 dicendum
1389 2877 1394 2888 ,
1412 2860 1457 2883 aut
1470 2854 1541 2890 quod
1558 2853 1620 2880 Velit
1633 2859 1679 2880 eos
1690 2850 1734 2885 qui
1749 2857 1811 2877 cro-
