2034 3109
239 93 287 121 επ

238 163 302 194 gent
314 159 473 194 conjunctiis
485 162 512 188 et
524 159 722 194 conglutinatos
736 166 797 187 esse
817 158 1009 192 accipientibus
1020 178 1029 191 ,

239 213 290 234 nec
302 206 460 241 simpliciter
472 207 536 234 dare
549 207 608 234 sine
632 206 685 233 ulla
705 206 941 233 commiseratione
954 226 961 237 .
983 206 1031 233 sed

239 253 409 286 miserentes,
427 252 537 280 inflexos
547 272 555 285 ,
575 251 674 279 fractos
688 273 696 285 ,
712 256 741 279 et
755 259 815 278 cum
831 253 923 287 egenis
938 252 1031 279 doli-n-

238 303 288 326 tes.
303 298 365 325 ideo
379 306 492 333 namque
506 298 675 333 elecmosyua
692 305 706 324 a
730 298 783 325 Dco
806 298 863 333 lege
885 299 1030 325 constituta

237 348 289 371 est.
305 344 371 371 Nam
383 348 486 378 poterat
503 343 574 370 Dens
588 343 645 370 sine
657 343 711 370 ullo
722 341 777 370 alio
790 351 920 379 pauperes
934 345 1026 375 alere;

237 390 284 417 sed
299 393 328 417 ut
344 397 392 416 nos
407 390 431 416 in
446 389 558 416 caritate
578 389 756 424 conjungeret
768 410 775 422 ,
798 395 826 417 et
847 395 874 417 ιιι
887 399 948 425 erga
963 391 1026 419 alios

237 436 351 464 invicem
368 435 586 467 incendereinur,
604 437 676 470 ipsos
687 437 768 470 jussit
779 444 794 462 a
809 436 887 464 nobis
899 437 944 463 :ili.
967 436 1029 464 Ideo

235 481 300 509 alibi
315 488 422 516 quoque
436 481 501 508 dicit
518 490 524 508 :
542 481 632 509 Sermo
654 482 734 509 bonus
749 482 837 509 melior
848 504 855 516 ,
880 491 957 518 quant
979 483 1027 510 do-

236 535 297 554 num
313 534 321 553 τ
336 531 372 560 ct,
389 526 454 554 Ecce
467 535 549 554 sermo
561 535 639 562 supra
655 528 749 554 donum
765 529 843 555 bona:
862 528 962 564 (Eccli.
982 529 1026 564 18,

235 573 280 605 i6,
297 573 359 608 i7).
374 573 486 608 ipseque
499 574 546 607 ait,
565 573 767 601 Misericordiain
783 574 838 602 volo
850 595 858 608 ,
875 579 898 601 et
916 583 967 602 non
985 584 1028 602 διι-

232 619 357 653 eri/icium
374 619 488 655 (Matth.
505 619 532 650 9,
548 619 580 648 18
591 622 609 653 ).
626 620 693 654 Quia
709 621 780 648 enim
795 629 853 648 mos
880 625 939 654 est,
965 621 1026 649 illos

231 672 324 692 amare
338 666 382 700 qui
395 666 528 694 beneflcio
542 666 704 700 afficiuntur,
720 671 748 694 et
761 675 808 695 eos
822 668 867 702 qui
882 668 953 695 bono
964 669 1024 695 alli-

231 711 339 738 ciiintur
359 719 422 746 erga
447 712 582 740 beneficos
598 713 665 740 bene
684 713 792 740 allectos
819 721 880 741 esse
893 735 899 746 ,
929 714 1024 741 vincu-

231 757 286 784 lum
300 758 424 785 aniicitia:
439 759 536 786 faciens
547 779 554 792 ,
569 759 619 787 hoc
632 759 689 794 lege
715 761 850 795 pra-cepit.
874 761 926 788 Sed
951 761 1023 796 quod

229 804 360 837 qiimrilur
382 809 423 831 est
435 824 442 837 ,
458 805 593 839 quomodo
606 825 612 836 ,
628 805 737 832 Christo
752 805 809 832 lucc
822 806 901 833 ambo
918 806 1020 841 perfec-

230 851 310 877 tionis
323 858 382 878 essc
395 851 566 883 declarante,
590 852 632 878 hic
652 851 696 878 illa
717 852 775 880 sine
792 853 904 880 caritate
924 853 1023 888 imper-

228 895 297 923 fci-ta
311 903 371 923 esse
384 896 462 924 dicat.
479 897 536 924 Non
561 898 608 932 ipsi
629 898 833 932 contrudit-ens,
856 899 944 932 absit;
973 900 1020 927 sed

226 942 370 969 adiiiodinn
382 950 442 969 cuiii
459 943 504 970 illo
519 951 680 971 consonans.
693 944 759 971 Nam
776 945 851 972 diviti
872 954 925 973 non
941 947 1020 974 modo

225 987 303 1020 dixit,
326 987 409 1015 Vende
421 988 506 1015 omnia
518 997 576 1024 qua
588 989 664 1016 habes
684 995 707 1016 et
724 992 757 1016 da
778 993 949 1026 pauperibus;
971 993 1018 1020 sed

229 1033 374 1067 subjiinxit,
392 1033 426 1060 Et
441 1034 497 1061 veni
519 1043 622 1070 sequere
647 1044 695 1062 me.
712 1036 750 1063 Ex
769 1037 800 1064 iis
822 1045 885 1064 vero
906 1038 951 1072 qui
973 1046 1018 1066 se-

225 1083 343 1112 quuntur
357 1079 440 1112 illiilli,
454 1080 518 1106 nihil
531 1081 565 1107 ita
578 1080 734 1116 discipulum
744 1081 842 1110 Christi
850 1084 1015 1118 comprobat,

223 1128 251 1149 ιιι
275 1131 351 1151 ainor
375 1125 498 1159 proximi.
530 1125 562 1152 In
589 1126 636 1152 hoc
656 1128 727 1154 cnim
749 1134 899 1163 cognoscent
915 1138 1016 1162 omnes,

223 1169 318 1204 inquit,
335 1170 404 1204 quod
416 1170 535 1206 discipuli
561 1172 607 1198 mei
633 1173 710 1204 estis,
732 1173 753 1199 si
776 1173 889 1208 diligatis
912 1175 1017 1202 inritent

220 1213 318 1248 (Joan.
335 1215 378 1248 13,
395 1215 429 1243 55
440 1215 461 1250 ).
480 1216 513 1243 Ει
525 1224 586 1244 cum
599 1216 672 1250 dicit,
689 1218 739 1251 Qui
753 1219 891 1253 perdiderit
904 1221 1016 1248 animum

219 1269 292 1287 suam
305 1266 408 1297 propter
423 1270 472 1296 me,
488 1263 595 1290 inveniet
610 1271 686 1295 eum;
701 1269 744 1297 ct,
763 1265 814 1298 Qui
826 1274 864 1292 me
886 1269 1015 1302 confessus

219 1309 297 1342 lum”!
311 1315 397 1334 coram
412 1308 557 1335 hominibus
567 1330 575 1342 ,
591 1310 729 1343 conﬁtebor
744 1315 767 1336 et
784 1319 829 1345 ego
852 1320 908 1338 eum
928 1321 1014 1340 coram

219 1360 291 1386 patre
304 1363 367 1385 meo.
382 1356 425 1390 qui
438 1356 463 1382 in
476 1356 545 1383 ctuti:
559 1361 595 1383 est
609 1355 715 1391 (Matth.
732 1357 776 1390 i0,
792 1358 825 1386 39
841 1364 865 1385 et
881 1359 924 1394 5‘2)
937 1367 944 1391 ;
961 1368 1012 1387 non

218 1401 268 1426 hoc
292 1401 366 1433 dicit,
396 1402 466 1436 qitod
492 1401 549 1429 hinc
572 1411 624 1429 non
648 1402 712 1430 fiant
737 1409 846 1439 propter
861 1406 1011 1439 caritatem,

216 1447 263 1473 sed
280 1448 431 1475 mercedem
447 1449 488 1476 liis
504 1448 638 1476 laboribus
653 1451 797 1484 repositam
814 1451 923 1479 indicat.
946 1453 1011 1480 Nam

216 1494 286 1527 quod
302 1502 361 1521 cum
376 1495 506 1530 martyrio
520 1495 571 1522 hoc
592 1503 698 1530 quoque
716 1497 833 1531 requirat
845 1518 851 1529 ,
875 1497 938 1525 alibi
961 1498 1011 1526 hoc

217 1540 295 1567 valde
311 1540 499 1573 subindicavit,
514 1541 553 1567 sic
564 1541 657 1568 dicens
674 1550 680 1568 :
695 1541 804 1569 Calicem
815 1543 914 1577 quidem
928 1552 1010 1570 nicum

215 1585 311 1616 bibi-tis,
327 1591 350 1612 et
365 1585 502 1620 baptismo,
519 1595 568 1621 quo
592 1595 637 1621 ego
662 1587 776 1622 baptizor
788 1609 795 1620 ,
821 1589 1009 1623 baptizabimini

215 1630 328 1667 (Matth.
344 1631 388 1666 20,
402 1631 438 1659 25
452 1635 459 1667 )
472 1641 478 1665 ;
496 1632 520 1659 id
535 1637 585 1664 cst,
601 1634 757 1669 martyrium
773 1635 948 1667 sustinebitis,
961 1644 1009 1671 pro

215 1684 258 1703 me
270 1677 445 1709 occidemini;
462 1678 549 1705 sedere
574 1683 658 1705 autent
678 1680 712 1705 ad
732 1679 860 1706 dexteram
884 1681 922 1707 vel
943 1682 1007 1708 sini-

215 1727 293 1748 stram
309 1731 408 1755 meam;
424 1732 475 1750 non
492 1725 562 1759 quod
577 1725 683 1759 quidam
698 1726 811 1753 sedeant
824 1727 856 1753 ad
865 1727 1007 1756 dexteram

214 1768 257 1795 vel
270 1768 302 1796 ad
318 1769 454 1796 sinistram
471 1770 538 1804 ejus.
555 1770 602 1798 sed
617 1778 769 1805 Supreniani
790 1773 881 1799 sedem
908 1778 936 1800 et
958 1774 1007 1802 lio-

212 1822 304 1842 norcnt
318 1814 426 1848 (licens;
443 1824 492 1843 non
506 1821 542 1844 est
556 1825 638 1844 nteant
652 1817 724 1850 dare,
742 1819 842 1852 inquit,
858 1819 903 1846 sed
915 1820 1006 1854 quibus

211 1866 328 1895 paratum
345 1867 390 1889 est.
416 1863 515 1891 Deinde
533 1864 679 1891 ostendens
699 1864 795 1899 quibus
815 1870 935 1899 paratum
951 1867 1003 1900 sit,

210 1908 275 1942 ipsis
285 1908 432 1942 advocatis,
444 1909 506 1937 dicit
522 1917 530 1936 :
545 1910 595 1942 Qui
605 1911 709 1937 voluerit
719 1911 744 1937 in
756 1911 823 1938 vobis
834 1920 886 1939 esse
894 1914 1002 1946 primas,

209 1956 241 1982 sit
254 1957 365 1983 omnium
378 1962 486 1983 vestrum
501 1957 613 1984 minister
627 1957 636 1992 (
648 1957 716 1984 Ibid.
731 1967 755 1984 υ.
770 1958 805 1985 26
815 1959 823 1992 )
833 1979 841 1992 ,
865 1959 1002 1986 liiiniiiita-

209 2007 262 2029 teni
275 2002 428 2037 significans
439 2008 465 2030 et
479 2003 628 2031 caritatem.
637 2003 783 2030 Caritatcm
795 2011 859 2031 vero
870 2011 1001 2032 sninmain

207 2048 329 2083 requirit.
354 2048 415 2075 ideo
440 2056 528 2084 neque
551 2049 586 2076 ibi
611 2049 746 2081 substitit,
771 2050 817 2076 scil
843 2050 1000 2084 subjiuixit:

203 2093 282 2120 ‘Sicut
301 2092 385 2121 Filius
397 2094 507 2120 hominis
533 2102 583 2120 non
598 2095 663 2120 venit
685 2095 841 2128 ministrari,
865 2095 910 2122 sed
931 2096 1002 2123 mini-

207 2144 290 2167 strare
300 2160 306 2171 ,
322 2145 346 2166 et
359 2140 421 2167 dare
433 2140 544 2166 animum
554 2148 627 2166 suam
639 2140 836 2173 redemptionem
857 2150 903 2176 pro
916 2143 1002 2170 multis

206 2185 294 2221 (liud.
321 2193 344 2212 ν.
367 2185 441 2222 28);
465 2186 611 2213 ostendens
631 2186 669 2213 sic
693 2194 783 2214 amare
805 2193 948 2222 oportere,
973 2194 1002 2217 ιιι

205 2232 285 2259 etiam
301 2239 374 2260 mors
388 2231 496 2259 ferenda
510 2232 545 2259 sit
560 2239 609 2266 pro
622 2231 727 2259 dilectis
739 2241 746 2259 :
760 2232 812 2260 hoc
827 2234 898 2261 enim
914 2235 1000 2262 maxi-

206 2286 250 2307 me
264 2282 305 2306 est
319 2278 405 2313 ipsum
419 2276 541 2313 diligere.
563 2277 627 2305 ideo
649 2278 728 2304 etiam
752 2278 832 2306 Petro
852 2279 917 2307 dicit
940 2287 947 2304 :
969 2281 1000 2308 Si

205 2332 278 2353 amas
291 2331 339 2355 me,
353 2331 428 2358 parce
440 2331 497 2350 oves
510 2331 578 2350 mea:
593 2322 693 2358 (Icari.
709 2325 753 2352 13.
768 2325 827 2360 i9).
844 2325 876 2353 Et
895 2332 922 2353 ut
943 2327 999 2354 dis-

205 2370 272 2397 catis
283 2374 411 2404 quantum
425 2369 460 2396 sit
473 2369 537 2396 illud
553 2373 579 2396 ct
591 2377 669 2404 quam
686 2371 816 2404 praeclare
828 2377 943 2406 gestum,
960 2373 1001 2407 ip-

205 2422 262 2442 sam
285 2415 423 2442 caritatem
445 2413 528 2442 verbo
551 2414 756 2448 describamus.
782 2417 998 2452 quandoquidem

205 2462 264 2497 ipsa
276 2469 306 2489 re
319 2468 450 2496 nusquam
469 2460 542 2488 illam
557 2461 758 2496 conspicimus;
782 2466 810 2490 et
832 2463 997 2497 cogitemus,

205 2508 275 2544 quod
289 2508 311 2535 si
325 2507 368 2535 illa
388 2508 487 2543 ubique
507 2507 676 2535 abundanter
694 2512 784 2542 esset,
809 2513 908 2543 quanta
936 2509 992 2537 liint

205 2555 274 2583 bona
287 2555 432 2583 orirentur.
454 2553 545 2590 Neque
569 2554 640 2582 enim
660 2554 761 2589 legibus
782 2562 869 2589 neque
889 2555 995 2588 judicii:

204 2608 271 2635 opus
287 2607 358 2628 esset
370 2622 377 2633 ,
395 2607 482 2636 neque
495 2601 634 2636 suppliciis
646 2621 653 2632 .
678 2608 765 2635 neque
788 2601 844 2627 ullo
864 2601 917 2629 alio
945 2602 996 2629 liii-

192 2644 331 2682 i:lISln0di.
347 2646 413 2675 Nam
427 2647 449 2674 si
469 2653 564 2675 omnes
588 2646 731 2680 diligerent
754 2651 781 2673 et
802 2646 996 2682 diiigcrcntnr,

205 2701 284 2722 nemo
296 2693 419 2728 cuiquam
433 2693 539 2720 fecisset
555 2691 696 2727 injuriam;
711 2691 758 2719 sed
771 2692 869 2724 caedes,
885 2700 995 2728 pugnae,

204 2740 285 2771 bella.
300 2739 455 2772 seditiones,
471 2739 587 2774 rapinae,
602 2739 712 2765 avaritia
723 2758 730 2771 ,
744 2739 886 2774 omniaque
908 2739 977 2767 mala
987 2760 995 2772 ,

206 2788 297 2821 procul
312 2788 516 2820 abscessissent.
531 2792 559 2816 et
572 2787 606 2814 ad
625 2794 721 2815 nomen
738 2795 822 2822 usque
845 2787 994 2822 ignoratum

210 2841 220 2859 \
237 2838 296 2861 tiiiiii
310 2834 413 2863 fuisset.
425 2835 505 2870 Signa
519 2838 606 2862 autem
623 2834 673 2862 hoc
686 2841 738 2862 non
761 2833 899 2862 elicitcrint
914 2854 921 2868 ,
947 2834 994 2861 sed

627 92 656 121 S.
676 93 813 122 JOANNIS
831 92 1068 121 CIIRYSOSTOMI
1088 93 1245 123 AiiClilEP.
1265 95 1533 128 CONSTANTXNOP.

1825 101 1875 129 272

1087 149 1121 176 ad
1139 157 1233 177 vanam
1247 151 1358 185 gloriam
1371 157 1397 180 et
1413 153 1593 189 arrogantiam
1614 154 1744 183 extollunt
1764 163 1810 184 eos
1832 158 1875 192 qui

1086 203 1138 223 non
1153 197 1302 225 attendunt.

1120 242 1146 268 fi.
1163 242 1262 270 Caritas
1276 245 1307 270 ab
1321 245 1390 271 omni
1404 246 1516 280 pernicie
1530 245 1620 274 libera.
1635 261 1670 267 —-
1681 247 1810 284 Quodque
1824 250 1873 276 nii—

1083 295 1142 315 ruiii
1156 289 1179 315 in
1196 289 1318 322 caritate,
1331 295 1426 318 czetei-a
1440 291 1547 326 quidem
1561 292 1626 318 bona
1642 292 1742 321 habent
1751 294 1874 328 adjuncta

1084 334 1167 366 iiiala;
1185 335 1259 362 vei-bi
1275 337 1370 370 gratia.
1386 337 1431 371 qui
1447 337 1588 365 facultates
1610 346 1663 365 non
1690 339 1781 372 habet,
1797 347 1827 367 ea
1841 340 1876 367 de

1082 387 1163 406 causa
1178 388 1250 416 smpe
1272 381 1392 414 inflatur;
1409 383 1454 416 qui
1469 383 1574 410 dicendi
1597 384 1699 418 peritus
1715 389 1767 417 est,
1783 385 1875 420 gloria:

1082 427 1226 460 cupiditate
1242 427 1360 460 laborat;
1377 428 1484 456 humilis
1497 429 1662 464 propterhoc
1676 431 1701 457 in
1713 431 1873 459 Conscientia

1081 480 1127 500 sua
1143 473 1224 500 altuin
1241 475 1310 509 sapit
1327 484 1333 502 :
1349 475 1447 502 caritas
1473 481 1561 503 autem
1584 477 1618 504 ab
1632 477 1784 511 lmjusinodi
1800 478 1872 505 oniui

1081 520 1199 554 pernicie
1214 521 1297 549 libera
1319 527 1360 549 est
1374 531 1380 549 :
1396 531 1457 550 nam
1472 528 1566 550 contra
1587 523 1714 551 dilectum
1729 532 1874 559 numquam

1079 566 1138 601 quis
1150 567 1302 595 extollatur.
1316 567 1369 595 Nec
1385 568 1450 596 mihi
1470 569 1591 603 posueris
1609 577 1690 596 unum
1710 569 1755 604 qui
1769 569 1872 604 diligat,

1079 613 1125 639 scd
1149 621 1244 640 omnes
1258 614 1394 646 similiter,
1413 620 1440 644 et
1457 619 1520 643 tunc
1533 616 1592 651 ejus
1605 617 1731 644 virtutem
1745 617 1848 645 videbis
1863 626 1870 644 :

1078 658 1132 685 imo
1148 659 1244 693 potius,
1260 660 1282 686 si
1295 660 1392 695 placet,
1411 661 1498 696 primo
1513 669 1595 689 unum
1609 662 1737 690 dilectum
1747 668 1774 690 et
1789 670 1871 690 unum

1077 710 1211 732 aniaiitciii
1226 713 1311 740 pone;
1325 711 1459 734 amantem
1473 708 1577 735 scilicet
1590 713 1618 736 iit
1631 717 1679 744 par
1692 713 1733 736 cst
1748 708 1869 744 diligere.

1077 751 1142 778 Nam
1157 757 1255 779 terrain
1272 758 1405 788 tamquam
1422 754 1516 781 caelum
1544 754 1653 787 incidet,
1682 754 1780 790 ubique
1796 760 1871 782 traii-

1075 797 1206 831 qiiiilitate
1221 797 1322 831 f‘riicns,
1337 803 1364 826 et
1376 799 1531 828 innumeras
1555 800 1605 827 sibi
1621 805 1729 828 nectens
1745 809 1868 827 coronas.

1075 845 1124 877 Qui
1137 844 1206 871 cnim
1224 844 1285 871 talis
1300 850 1349 876 cst,
1363 851 1389 872 et
1400 846 1497 874 invidi.)
1513 851 1539 874 et
1554 847 1591 873 ira
1607 851 1634 873 ct
1647 846 1730 874 livore
1742 855 1869 882 τιτι-οςηιμ

1075 891 1172 925 tiaque,
1190 898 1256 917 vana
1269 891 1352 925 gloria
1369 895 1395 918 ct
1408 892 1475 918 inala
1494 893 1708 927 concupiscentia
1721 914 1727 925 ,
1744 894 1868 928 uinniquc

1073 936 1189 963 absurdo
1205 944 1296 964 amore
1309 941 1388 972 atque
1403 937 1495 965 inorbo
1510 945 1602 972 puram
1618 939 1736 966 servabit
1751 939 1867 965 aniiiiaiii

1072 991 1157 1010 suam.
1169 983 1398 1015 Quemadmodum
1413 984 1485 1012 cnim
1501 985 1550 1013 sibi
1567 985 1616 1019 ipsi
1638 993 1716 1012 uenio
1732 986 1866 1020 quidpiam

1073 1029 1133 1055 ntali
1157 1028 1292 1061 intulerit,
1310 1030 1345 1056 ita
1367 1038 1455 1064 neque
1478 1030 1521 1057 hic
1548 1031 1687 1064 proximis.
1710 1031 1782 1058 Taiis
1803 1040 1867 1058 vero

1071 1084 1132 1102 cuin
1147 1076 1191 1109 sit,
1207 1084 1266 1103 cuin
1278 1077 1336 1111 ipso
1351 1077 1434 1103 stabit
1444 1076 1580 1109 Gahricie,
1598 1077 1623 1104 in
1639 1082 1708 1104 terra
1727 1078 1865 1112 gradiens.

1072 1122 1102 1149 Et
1120 1123 1163 1157 qui
1190 1123 1329 1150 caritatem
1351 1123 1457 1157 quidem
1477 1123 1566 1156 habet,
1591 1124 1650 1150 talis
1665 1130 1704 1151 cst
1720 1133 1726 1150 :
1743 1125 1786 1159 qui
1803 1133 1866 1151 vero

1070 1168 1144 1203 signa
1161 1167 1232 1199 facit.
1254 1173 1282 1195 ct
1298 1168 1442 1203 perfectam
1464 1169 1544 1196 habet
1567 1169 1705 1196 scientiam
1724 1170 1782 1197 sine
1797 1171 1864 1197 rari-

1070 1219 1140 1246 tate;
1159 1215 1264 1242 ctianisi
1289 1215 1363 1242 mille
1389 1222 1508 1242 mortuos
1522 1216 1703 1247 suscitaverit,
1719 1217 1783 1242 iiiliii
1806 1224 1864 1243 nia-

1068 1269 1148 1295 giiinn
1164 1261 1320 1293 lucrabitur,
1337 1261 1370 1288 :ib
1382 1262 1505 1288 omnibus
1518 1262 1646 1295 abruptus
1655 1267 1747 1289 etcum
1757 1263 1864 1290 nemine

1067 1315 1257 1334 conservorum
1282 1315 1310 1334 se
1337 1309 1504 1335 commisceri
1533 1309 1647 1342 patiens.
1665 1309 1726 1336 Ideo
1740 1309 1863 1337 Christus

1068 1352 1191 1387 perfectio
1209 1353 1234 1380 in
1256 1353 1342 1388 ipsum
1357 1354 1475 1381 caritatis
1490 1355 1595 1389 signum
1613 1355 1679 1382 dixit
1699 1363 1758 1383 esse
1772 1357 1862 1390 proxi-

1067 1406 1139 1426 mum
1165 1399 1286 1434 diligere.
1312 1399 1377 1426 Nam
1392 1405 1447 1427 ait:
1466 1400 1495 1427 Si
1519 1400 1604 1435 diligis
1634 1410 1680 1431 me,
1701 1401 1786 1436 Petre,
1803 1403 1861 1437 plus

1065 1445 1114 1477 his,
1131 1453 1206 1480 pasce
1219 1454 1276 1472 ones
1289 1454 1367 1472 meas.
1383 1446 1504 1473 Vidistin'
1517 1455 1570 1481 quo
1584 1452 1661 1482 pacto
1677 1447 1738 1475 hinc
1752 1456 1859 1476 riirsuni

1064 1492 1281 1523 subiiidicavcrit,
1297 1493 1366 1527 quod
1383 1493 1433 1520 hoc
1446 1493 1575 1528 sitmajiis
1591 1494 1740 1529 martyrio?
1755 1495 1859 1522 Etcnini

1063 1537 1085 1564 si
1098 1538 1180 1565 illium
1192 1538 1252 1573 quis
1268 1538 1378 1566 haberet
1392 1539 1530 1572 dilectum,
1548 1544 1575 1566 et
1590 1548 1638 1574 pro
1649 1548 1702 1575 qiio
1713 1542 1792 1568 etiam
1802 1542 1859 1569 ani-

1063 1591 1133 1610 niain
1149 1583 1213 1610 dare
1240 1589 1349 1618 paratus
1373 1589 1458 1615 eSset;
1483 1585 1579 1612 deinde
1601 1586 1732 1620 quispiam
1754 1592 1856 1621 patrem

1062 1634 1174 1661 amaret,
1191 1630 1245 1657 filio
1266 1634 1354 1657 autem
1378 1631 1452 1657 nullo
1473 1631 1552 1658 modo
1575 1632 1690 1659 animam
1705 1633 1855 1668 adhiberet,

1062 1681 1163 1710 patrem
1189 1676 1331 1703 admodum
1355 1677 1481 1710 irritaret,
1507 1686 1593 1713 ncque
1617 1687 1725 1706 sensum
1749 1686 1856 1716 caperet

1061 1721 1132 1750 illius
1146 1723 1171 1749 in
1182 1730 1211 1749 se
1222 1723 1332 1756 amoris,
1345 1730 1378 1750 eo
1396 1724 1465 1758 quod
1478 1724 1559 1751 filium
1572 1730 1766 1753 contemneret.
1779 1727 1854 1760 Quod

1060 1768 1081 1795 si
1099 1768 1124 1794 in
1141 1773 1215 1802 patre
1230 1774 1257 1796 et
1271 1769 1325 1796 filio
1341 1769 1390 1797 hoc
1401 1770 1541 1805 c0iitiiigii,
1556 1771 1640 1798 multo
1659 1772 1742 1807 magis
1758 1773 1783 1799 in
1799 1773 1855 1800 Deo

1059 1820 1083 1841 et
1099 1814 1251 1842 hominibus~
1266 1825 1272 1842 :
1288 1816 1420 1843 amantior
1434 1817 1506 1843 enim
1525 1817 1593 1844 Deus
1607 1823 1658 1849 est,
1669 1826 1748 1852 quani
1764 1823 1854 1853 patres

1058 1868 1162 1888 omnes.
1181 1861 1325 1896 Propterea
1337 1869 1396 1888 cum
1413 1861 1543 1889 dixisset:
1562 1862 1678 1889 Primum
1697 1869 1721 1890 ct
1734 1873 1853 1899 magnum

1057 1907 1229 1933 mandatum:
1246 1907 1340 1943 Diliges
1363 1907 1500 1934 Dominum
1524 1907 1605 1935 Deum
1632 1907 1722 1943 tuum,
1743 1910 1851 1944 subjun-

1057 1955 1113 1980 xit:
1130 1954 1274 1981 Secundum
1303 1959 1396 1987 anteiit,
1415 1963 1462 1982 nec
1489 1955 1572 1988 siluit,
1599 1957 1645 1983 sed
1667 1957 1783 1991 adjecit,
1809 1958 1851 1984 Si-

1056 1999 1116 2026 mile
1129 2004 1164 2026 est
1180 1999 1237 2026 huic
1251 2009 1260 2026 :
1273 1999 1370 2035 Diliges
1397 2002 1542 2035 proximum
1566 2007 1636 2028 tuum
1652 2003 1716 2030 sicut
1743 2004 1849 2038 fcipsttm

1058 2044 1221 2079 (Matth/.22,
1236 2045 1280 2080 58,
1294 2046 1350 2076 59).
1373 2046 1404 2073 Et
1430 2048 1489 2074 vide
1514 2048 1648 2082 quomodo
1671 2057 1730 2075 cum
1756 2050 1848 2077 cadi-ni

1055 2090 1111 2118 fere
1138 2091 1284 2127 hyperbole
1309 2093 1359 2120 hoc
1381 2093 1478 2128 exigat.
1498 2093 1535 2121 De
1561 2094 1615 2121 Dco
1643 2102 1758 2130 namque
1773 2096 1847 2128 dicit,

1055 2136 1097 2164 Ea:
1117 2142 1168 2164 toto
1192 2138 1268 2164 corde
1279 2143 1339 2170 tuo;
1359 2138 1392 2165 de
1418 2140 1540 2173 proximo
1568 2145 1655 2167 autem
1683 2145 1727 2167 tuo
1742 2162 1749 2171 ,
1773 2141 1848 2167 Sicut

1055 2183 1181 2217 (cipiunt;
1202 2183 1273 2218 quod
1300 2184 1410 2218 perinde
1437 2189 1479 2212 c~t
1507 2190 1586 2221 atque
1611 2186 1698 2219 illud,
1729 2186 1769 2214 Ex
1795 2193 1847 2214 loto

1053 2229 1129 2256 corde
1146 2234 1199 2256 tuo.
1218 2230 1322 2257 Etenim
1346 2231 1368 2257 si
1393 2235 1517 2258 accurate
1538 2231 1588 2258 hoc
1604 2237 1773 2265 servaretur,
1795 2241 1847 2260 non

1053 2284 1156 2310 scri‘us,
1171 2285 1224 2304 non
1237 2277 1305 2305 liber
1319 2282 1408 2309 esset;
1424 2287 1475 2305 non
1488 2279 1623 2313 princeps,
1640 2286 1691 2306 non
1707 2279 1845 2311 subditus;

1052 2330 1106 2350 non
1126 2323 1211 2356 dives,
1227 2331 1280 2350 non
1305 2331 1423 2359 pauper;
1438 2332 1491 2351 non
1514 2333 1622 2359 parvus,
1640 2333 1692 2352 non
1715 2333 1846 2360 magnus;

1053 2377 1105 2396 non
1129 2369 1250 2396 diabolus
1272 2378 1396 2405 umquam
1419 2370 1543 2404 cognitus
1567 2370 1682 2397 fuisset:
1699 2378 1751 2397 non
1775 2370 1845 2404 dico,

1052 2415 1110 2447 ilic,
1125 2415 1172 2443 sed
1194 2416 1299 2444 etiamsi
1314 2416 1383 2443 alius
1398 2416 1470 2449 talis,
1487 2416 1591 2443 etiamsi
1607 2421 1726 2448 cenltnn,
1742 2416 1846 2443 etiamsi

1052 2462 1183 2489 innumeri
1196 2462 1262 2490 tales
1274 2466 1374 2495 essent,
1386 2462 1451 2489 nihil
1467 2462 1677 2496 potiiisscnt,illa
1689 2463 1845 2489 exsistcntc.

1052 2507 1122 2541 Ignis
1135 2508 1206 2535 cnim
1222 2508 1392 2543 injectionem
1416 2508 1504 2542 potius
1520 2508 1618 2535 fwnum
1635 2508 1749 2541 tulisset,
1766 2516 1845 2543 quain

1050 2554 1185 2581 ﬂammam
1208 2555 1327 2581 caritatis
1350 2554 1483 2581 diabolus.
1510 2553 1572 2581 il~rc
1587 2562 1664 2580 muro
1685 2553 1780 2580 fortior
1793 2559 1844 2586 est,

1051 2601 1108 2629 hzec
1122 2601 1262 2629 adamante
1275 2602 1391 2634 firmior;
1407 2606 1434 2628 et
1446 2601 1468 2628 si
1483 2608 1562 2635 quam
1579 2600 1658 2628 aliain
1672 2600 1773 2627 dixeris
1787 2600 1844 2626 i'or-

1052 2649 1146 2676 tiorein
1172 2648 1321 2680 materiam,
1341 2648 1430 2674 omnia
1452 2651 1560 2682 superat
1581 2647 1700 2674 caritatis
1723 2645 1843 2673 firmitas.

1050 2694 1124 2722 lianc
1139 2702 1189 2722 nec
1202 2694 1312 2727 divitiae,
1338 2701 1387 2721 ncc
1400 2697 1543 2728 paupertas
1558 2692 1658 2724 vincit;
1683 2692 1737 2718 imo
1759 2691 1845 2726 potius

1050 2747 1103 2767 non
1117 2744 1189 2767 esset
1199 2744 1352 2774 paupertas.
1368 2746 1420 2766 non
1437 2738 1516 2765 nimia
1544 2737 1703 2764 divitiarum
1718 2736 1806 2770 copia,
1823 2736 1844 2762 si

1050 2787 1147 2812 cai‘ilas
1162 2789 1250 2818 csset,
1274 2783 1366 2812 sedea
1391 2783 1477 2810 solum
1502 2790 1561 2818 qua!
1576 2790 1609 2810 ex
1635 2782 1756 2816 ulrisqiie
1782 2786 1843 2808 stitit

1051 2833 1129 2860 bona.
1146 2831 1251 2859 Etenim
1267 2838 1300 2858 ex
1321 2831 1374 2858 illis
1387 2829 1491 2865 copiam
1505 2829 1712 2865 decerpercinus
1724 2849 1731 2862 ,
1747 2836 1780 2856 cx
1797 2827 1844 2856 hac
