1989 3124
145 151 199 181 273

147 217 210 238 vero
225 210 378 238 libertatem
394 216 408 236 a
422 209 502 241 curis,
527 216 558 236 ac
572 215 657 243 neque
671 209 824 236 divitiarum
839 209 940 238 sollici-

149 255 273 286 tudines,
299 262 386 289 neque
414 254 577 288 paupertatis
603 259 702 282 tuetunt
732 255 938 283 sustineremus.

149 301 250 336 Ecquid
262 300 325 328 dico
338 300 371 327 de
388 300 468 327 lucris
483 308 515 327 ex
530 300 572 327 illa
586 300 690 334 partis?
705 300 763 336 Ipsa
786 308 893 336 quoqtte
914 302 939 328 in

146 356 175 375 se
188 347 309 379 dilectio,
325 351 421 382 quanta
438 347 473 373 sit
484 346 636 379 considera,
651 352 776 381 quantam
793 347 859 375 ferat
871 347 940 374 limi-

145 394 219 427 tiam,
235 394 261 421 in
276 398 374 428 quanta
388 395 471 428 gratia
487 394 634 421 constituat
646 394 762 421 animam
775 403 781 421 :
797 394 867 429 quod
882 395 940 429 qui-

145 441 205 468 dem
222 440 248 467 in
260 440 304 466 illa
321 440 451 467 eximium
464 444 515 466 est.
528 440 595 467 Alia:
608 447 724 475 namque
737 440 841 467 virtutis
851 445 939 476 partes

143 487 316 521 conjunctum
332 486 433 514 habent
446 486 585 519 laborem;
600 487 672 514 verbi
688 487 783 521 gratia,
797 487 936 521 jejunium,

145 533 321 567 temperantia
332 553 339 564 ,
362 532 460 567 vigilite
472 553 480 565 ,
504 532 631 560 invidiam
643 553 650 565 ,
677 533 936 568 concupiscentiam,

143 583 328 613 contemptum
339 587 345 604 :
356 580 454 605 caritas
469 583 557 606 autem
570 587 630 607 cum
644 579 719 607 lucro
734 580 842 607 multam
859 580 939 607 habet

143 626 222 653 etiam
238 626 413 660 voluptatem,
428 630 455 653 et
467 625 586 653 laborem
603 626 705 653 nullum
719 635 725 653 :
742 631 770 653 et
785 626 853 653 sicut
868 626 937 653 bona

143 672 210 707 apis,
226 672 346 706 undique
369 672 437 698 bona
461 672 600 706 colligens,
615 672 660 699 illa
676 672 784 707 deponit
799 672 825 699 in
849 672 936 698 aninta

142 706 260 752 ejus'qui
275 718 370 752 diligit.
387 717 499 744 Etiamsi
514 718 574 753 quis
597 706 717 750 serviat,
736 718 859 745 libertate
874 725 936 744 sua-

141 763 243 790 viorem
270 763 379 789 exhibet
393 764 563 791 servitutem.
590 764 640 797 Qui
656 763 727 791 cnint
742 767 814 790 amat
827 771 881 790 non
901 763 935 789 ita

141 809 235 843 gaudet
249 816 309 835 eum
325 809 446 842 imperat.
465 814 494 836 ut
508 817 568 836 cum
590 809 748 844 imperatttr,
763 808 868 836 etiatttsi
884 808 935 835 im-

141 863 235 893 perare
249 855 284 884 sit
295 855 461 891 jucundum;
477 856 523 883 sed
539 857 595 890 ipsa
610 863 700 883 rerum
710 860 833 883 naturam
847 860 934 882 trans-

141 908 235 933 mutat,
251 902 411 937 advenitque
426 902 452 928 in
470 909 548 928 manu
559 902 628 928 bona
644 902 734 928 omnia
749 901 860 933 habens,
872 908 935 936 qna-

140 949 178 975 vis
187 953 273 976 matre
281 949 415 982 blandior,
424 948 518 984 quavis
531 948 620 983 regina
635 948 792 982 locupletior
805 957 812 975 :
824 955 935 982 quaeque

140 994 272 1022 laboriosa
286 999 359 1026 sunt,
376 994 444 1021 levia
460 999 486 1022 et
503 993 590 1021 facilia
614 993 711 1023 reddit.
727 993 853 1020 virtutem
868 993 933 1020 faci-

141 1042 200 1072 lem,
229 1040 375 1075 nequitiam
399 1040 602 1067 acerbissimam
619 1039 695 1066 nobis
710 1039 851 1067 exhibens.
868 1039 933 1066 Ani-

139 1086 275 1114 madverte
286 1091 375 1113 autem
392 1094 398 1112 :
416 1086 573 1121 impendere
588 1085 692 1113 videtur
706 1086 846 1113 molestum
862 1093 932 1117 esse.

139 1137 164 1159 et
176 1132 226 1159 hoc
251 1131 295 1159 illa
311 1131 387 1159 dulce
402 1131 489 1158 reddit
503 1141 510 1163 ;
527 1132 616 1158 aliena
639 1132 762 1166 accipere
773 1131 931 1166 jucundum,

138 1182 165 1205 et
178 1185 230 1204 non
245 1177 310 1205 sinit
323 1177 387 1204 illud
397 1177 544 1212 jucundum
560 1184 702 1212 apparere,
717 1177 764 1205 sed
779 1182 807 1204 ut
821 1185 931 1212 pravtmt

139 1223 226 1258 fugere
236 1223 344 1250 suadet.
356 1222 460 1250 Rursus
474 1222 639 1250 maledicere
661 1229 741 1250 suave
755 1223 879 1251 omnibus
893 1223 932 1250 viâ€”

138 1269 213 1296 detur
226 1277 307 1301 esse;
325 1270 380 1304 ipsa
395 1273 484 1296 autem
499 1269 564 1297 illud
579 1277 699 1296 amarum
720 1277 780 1297 esse
802 1269 930 1303 declarat,

137 1319 164 1341 et
176 1315 337 1342 benedicere
353 1314 431 1342 dulce
446 1324 452 1342 :
469 1315 534 1342 nihil
549 1315 621 1342 enim
637 1315 713 1342 nobis
734 1315 770 1342 ita
784 1322 864 1342 suave
879 1320 930 1349 est,

137 1363 165 1386 nt
182 1359 291 1387 laudare
315 1368 377 1387 eum
400 1368 479 1395 quem
495 1368 626 1388 amamus.
643 1359 747 1387 Rursus
761 1360 798 1388 ira
813 1361 929 1396 aliquam

138 1407 215 1434 habet
225 1407 391 1442 voluptatem
402 1416 409 1440 ;
421 1411 448 1434 at
461 1407 504 1434 ltic
517 1415 694 1442 nequaquam,
709 1406 755 1434 sed
767 1414 860 1434 omnes
872 1406 930 1441 ejus

137 1453 209 1479 nervi
217 1453 317 1480 sublati
329 1457 392 1479 sunt
405 1462 410 1478 :
424 1453 528 1480 etiamsi
545 1453 567 1481 is
581 1454 625 1488 qui
638 1453 757 1488 diligitur
767 1453 885 1488 diligenti
900 1461 930 1481 se

136 1498 284 1525 molestiam
296 1499 405 1531 crearit,
416 1499 453 1526 ira
467 1507 597 1534 nusquam
608 1499 784 1534 apparet,sed
793 1500 928 1535 lacrymw,

136 1544 337 1572 adhortationes
348 1549 374 1571 et
388 1545 597 1579 supplicationes
614 1555 620 1572 :
638 1550 739 1573 tantttm
754 1546 830 1573 abest
844 1551 873 1573 ut
883 1554 930 1574 ex-

137 1595 284 1625 asperetur.
307 1591 418 1618 Etiamsi
429 1591 518 1618 videat
536 1597 689 1626 peccantem
699 1612 707 1625 ,
722 1592 793 1627 luget
807 1598 834 1619 et
845 1592 927 1626 dolet;

137 1637 181 1664 sed
194 1637 272 1664 dolor
287 1637 330 1664 ille
342 1637 505 1672 voluptatem
519 1638 604 1665 all'ert.
618 1638 743 1666 Caritatis
755 1639 827 1666 enim
844 1639 930 1674 lacry-

137 1690 185 1709 ma:
198 1687 226 1710 et
236 1682 315 1710 dolor
330 1683 384 1710 risu
396 1687 459 1710 sunt
471 1684 543 1710 omni
556 1689 582 1710 et
596 1684 694 1720 gaudio
707 1678 857 1713 suaviores.
869 1684 927 1712 Non

137 1728 201 1756 adeo
211 1729 292 1764 igitur
303 1730 445 1764 quiescunt
463 1730 479 1758 ii
491 1731 536 1766 qtti
552 1731 651 1765 rident,
667 1735 697 1758 ut
713 1732 729 1758 ii
741 1732 786 1766 qui
800 1740 847 1767 pro
859 1732 926 1759 ami-

137 1775 173 1802 cis
188 1776 296 1810 plorant
312 1784 318 1803 :
333 1781 360 1804 et
370 1775 392 1804 si
407 1777 432 1804 id
446 1784 498 1804 non
519 1777 617 1810 credis,
633 1778 749 1812 reprime
766 1779 871 1805 illorum
889 1779 926 1805 la-

136 1829 250 1858 crymas,
267 1827 295 1850 et
308 1830 340 1850 ac
360 1823 382 1850 si
395 1823 552 1858 gravissima
568 1828 732 1858 paterentur.
748 1824 783 1850 ita
794 1831 865 1858 aegre
888 1823 926 1850 fe-

136 1873 205 1895 runt.
220 1869 253 1895 At
263 1876 365 1901 amare,
381 1869 497 1903 inquies,
508 1868 651 1896 absurdam
662 1868 742 1896 habet
753 1869 925 1904 voluptatem.

136 1914 221 1946 Absit,
234 1914 302 1941 bona
318 1914 407 1946 verba,
424 1922 440 1941 Î¿
451 1914 532 1942 homo
545 1924 552 1941 Îµ
569 1914 632 1942 nihil
645 1915 716 1942 enitn
728 1915 762 1941 ita
777 1922 873 1950 purum
885 1919 928 1942 est

134 1963 163 1986 ut
181 1960 277 1986 caritas
287 1960 413 1995 genuina.

170 2005 197 2033 á¼¸.
218 2005 258 2032 Ne
273 2005 338 2032 mihi
359 2005 430 2033 enim
445 2005 518 2033 dicas
531 2006 602 2033 illam
625 2006 781 2041 popularem
794 2010 821 2033 et
834 2005 925 2033 foren-

134 2059 199 2086 sem,
220 2052 266 2088 qui
280 2056 322 2079 est
343 2053 430 2087 petius
443 2053 562 2085 morbus,
584 2061 663 2088 quam
679 2054 776 2080 caritas
791 2057 818 2080 et
839 2060 924 2085 amor,

135 2098 178 2125 sed
193 2098 261 2125 banc
275 2105 357 2134 quam
371 2098 466 2125 Paulus
480 2099 585 2133 quierit,
611 2107 670 2134 quze
683 2099 754 2134 qttod
769 2099 834 2125 utile
856 2098 925 2125 dile-

134 2143 182 2170 ctis
195 2148 237 2171 est
250 2149 365 2179 spectat,
382 2148 410 2172 et
423 2144 527 2172 videbis
544 2145 604 2172 illos
617 2152 676 2172 esse
700 2145 820 2180 patribus
832 2153 924 2172 aman-

133 2190 225 2218 tiores.
236 2192 276 2218 Ac
290 2191 516 2226 quemadmodutn
530 2191 547 2218 ii
559 2191 606 2226 qtti
618 2192 745 2226 pecunias
760 2195 861 2223 amant,
876 2199 924 2226 pe-

133 2237 223 2264 cunias
236 2237 394 2272 impendere
406 2246 459 2264 non
477 2237 622 2272 elegerint,
638 2237 685 2265 sed
702 2238 810 2264 suavitts
832 2241 926 2272 putant

133 2282 158 2309 in
178 2283 300 2318 angustia
314 2290 384 2317 esse,
400 2291 481 2319 quam
501 2283 561 2311 illas
583 2283 738 2311 intminulas
751 2284 843 2311 videre
858 2292 864 2310 :
887 2284 925 2311 sic

135 2332 159 2355 et
172 2329 216 2356 ille
229 2329 275 2363 qui
288 2337 351 2364 erga
362 2329 475 2364 aliquem
491 2329 560 2357 bene
578 2333 605 2357 et
617 2330 735 2357 suaviter
747 2329 859 2357 allectus
871 2334 922 2363 est,

135 2373 270 2401 innumera
284 2374 337 2407 pati
346 2375 479 2408 maluerit,
487 2383 569 2410 quant
577 2375 702 2402 dilectum
714 2375 806 2402 videre
819 2375 922 2403 laesum.

135 2419 272 2453 Quomodo
299 2420 388 2456 igitur,
418 2422 532 2456 inquies,
549 2422 675 2457 Egyptia
691 2422 745 2454 illa,
769 2429 830 2456 qute
849 2422 924 2449 .lose-

135 2465 210 2498 phutn
242 2466 366 2498 amabat,
394 2466 468 2493 illum
491 2466 652 2493 contumelia
683 2466 793 2494 afficere
819 2467 923 2494 voluit?

135 2510 194 2542 Quia
212 2511 288 2537 illum
303 2511 410 2539 amabat
424 2511 567 2539 dilectione
582 2512 724 2539 diabolica.
747 2512 845 2548 Josepb
860 2520 923 2540 vero

137 2562 183 2582 non
197 2555 266 2583 hanc
289 2555 391 2588 habuit,
409 2557 455 2584 sed
470 2565 527 2583 eatn
544 2565 623 2592 quam
642 2557 738 2585 Paulus
752 2558 922 2586 dilectionem

137 2601 277 2634 qua-rcbat.
297 2601 388 2637 Cogita
414 2603 494 2637 igitur
514 2608 619 2638 quanta:
633 2604 751 2631 caritatis
768 2605 825 2639 ejus
842 2605 922 2632 verba

138 2651 230 2678 essent,
244 2652 271 2674 et
283 2654 349 2682 quas
362 2654 405 2674 res
416 2648 458 2674 illa
471 2649 575 2675 dicebat
587 2658 593 2676 :
607 2649 648 2676 Me
661 2650 823 2677 contumelia
844 2650 923 2678 afï¬ce

138 2692 314 2720 etadulteram
327 2692 426 2720 redde:
441 2693 563 2728 injuriam
579 2695 648 2721 infer
659 2694 758 2726 viro,et
772 2695 924 2723 totamsub-

138 2742 204 2764 verte
217 2738 338 2771 domum,
357 2742 433 2772 teque
448 2739 534 2774 ipsum
550 2739 635 2774 abjice
647 2747 661 2767 a
676 2740 770 2768 fiducia
791 2749 870 2776 quam
895 2742 921 2769 in

138 2782 212 2809 Deum
226 2783 312 2810 babes
327 2792 334 2809 :
351 2791 410 2818 qua:
422 2785 502 2811 verba
518 2785 590 2812 illius
600 2790 686 2818 erant,
702 2794 761 2820 qua:
776 2794 824 2814 nec
835 2787 920 2820 illum,

135 2835 181 2855 nec
193 2828 310 2863 seipsam
330 2835 441 2857 amaret.
466 2830 515 2857 Hic
538 2835 645 2864 autem,
669 2831 794 2866 quoniam
817 2833 922 2860 sincere

137 2875 245 2908 amabat,
272 2875 330 2903 lucc
342 2876 429 2903 omnia
450 2876 556 2912 abjecit.
579 2878 663 2913 Alqttc
687 2883 713 2906 ut
729 2880 832 2907 ediscas
849 2881 919 2916 quod

643 149 676 178 Î“Î
695 150 804 178 EPIST.
826 151 834 178 l
868 151 912 179 AD
931 151 1009 182 COR.
1031 152 1146 181 HOMIL.
1167 152 1275 181 XXXII.

1738 159 1791 187 271

996 211 1053 245 ejus
1067 219 1158 238 curam
1173 216 1289 246 gereret,
1306 219 1338 240 ex
1350 212 1408 248 ejus
1421 212 1608 242 adhortatione
1622 214 1649 242 id
1669 216 1788 251 percipe.

995 256 1052 284 Non
1068 257 1147 284 modo
1167 258 1238 285 ettitu
1252 258 1323 285 illam
1348 260 1456 294 repulit,
1472 260 1519 287 sed
1533 264 1560 288 et
1574 260 1788 289 adhortationem

995 302 1108 335 induxit,
1128 311 1188 338 qua:
1209 308 1313 338 poterat
1325 312 1432 332 omnem
1453 305 1788 342 ï¬ammamexstinguere:

995 347 1026 375 Si
1038 348 1104 375 enim
1114 349 1233 376 dominus
1246 358 1325 383 meus,
1338 350 1432 385 inquit,
1443 356 1546 386 propter
1558 360 1598 378 me
1608 352 1671 379 nihil
1681 353 1748 379 novit
1762 353 1788 379 in

994 393 1068 420 domo
1089 402 1135 421 sua
1159 394 1234 430 (Gen.
1257 395 1305 432 59,
1327 395 1365 431 8).
1390 396 1484 424 Statim
1509 397 1545 424 illi
1564 399 1650 425 virum
1664 406 1741 425 suum
1758 399 1786 426 in

994 444 1110 466 mentem
1127 441 1272 472 revocavit,
1289 445 1318 468 ut
1329 441 1397 468 illam
1417 441 1517 475 pudore
1531 442 1662 470 afï¬ceret.
1677 443 1733 471 Nec
1745 444 1787 470 di~

992 486 1041 518 xit,
1060 486 1107 513 Vir
1123 491 1192 519 tuus,
1214 487 1261 514 scd
1276 487 1401 514 Dominus
1420 496 1499 522 meus,
1515 489 1586 524 quod
1601 489 1684 524 magis
1697 495 1788 524 posset

994 532 1065 560 illam
1081 534 1199 561 retinere
1213 538 1240 561 et
1252 535 1366 561 suadere
1386 534 1514 570 cogitare,
1529 543 1649 570 quautam
1665 544 1725 563 cum
1742 544 1787 564 es-

991 583 1043 612 set,
1067 587 1146 614 quem
1167 584 1280 612 amaret,
1304 587 1400 614 nempe
1419 580 1527 607 domina
1549 588 1666 608 servum.
1682 581 1748 608 Nam
1764 582 1786 609 si

992 624 1036 651 ille
1050 630 1092 652 est
1105 625 1241 658 dominus,
1259 630 1282 652 et
1302 630 1328 652 tu
1345 625 1462 653 domina.
1481 626 1582 653 Pudeat
1595 633 1619 654 te
1635 628 1714 662 igitur
1730 628 1786 655 col-

991 670 1072 705 loquii
1087 671 1148 698 talis
1162 679 1224 698 cttm
1238 679 1327 704 servo,
1353 676 1380 698 ct
1390 673 1476 707 cogita
1491 672 1566 707 cttjus
1579 681 1638 700 cum
1654 673 1691 700 sis
1705 681 1784 703 uxor.

990 723 1050 743 cum
1065 724 1117 751 qtto
1132 717 1199 744 velis
1213 717 1296 749 coire,
1309 722 1336 744 et
1351 717 1376 745 in
1389 726 1468 753 quem
1490 718 1527 745 sis
1543 719 1656 753 ingrata,
1672 724 1698 746 et
1711 719 1783 754 quod

989 769 1039 796 ego
1059 762 1187 797 majorem
1203 763 1348 790 exhibeant
1372 764 1600 792 benevolentiam.
1618 764 1683 792 Vide
1693 770 1784 792 autent

989 807 1125 841 quomodo
1139 808 1197 843 ejus
1212 809 1322 836 extollat
1335 808 1476 836 beneï¬cia.
1493 809 1560 842 Quia
1573 811 1645 837 enim
1660 810 1725 837 nihil
1738 818 1785 838 su-

989 853 1071 881 blime
1093 859 1197 888 poterat
1220 855 1332 882 barbara
1354 856 1397 882 illa
1411 860 1439 883 et
1459 856 1591 891 impudica
1605 858 1733 892 cogitare,
1749 859 1784 886 ab

989 899 1112 927 humanis
1127 900 1200 927 illaut
1216 900 1317 935 pudore
1327 901 1465 934 Suffundit,
1482 902 1575 929 dicens
1589 910 1596 930 :
1615 901 1726 937 Propter
1741 911 1781 930 nte

988 946 1053 972 nihil
1065 947 1194 981 cognoscit
1207 955 1216 979 ;
1230 946 1254 974 id
1270 952 1322 979 est,
1337 947 1430 982 Magna
1446 948 1511 975 milti
1523 948 1650 976 beneï¬cia
1666 949 1781 982 confert,

988 999 1035 1018 nec
1049 999 1158 1026 possunt
1175 996 1315 1026 patronutn
1327 993 1352 1019 in
1366 992 1447 1020 rebus
1462 994 1604 1029 prtccipuis
1618 994 1724 1022 laedere.
1739 995 1782 1023 Ille

987 1037 1133 1064 secundum
1148 1037 1285 1064 dominum
1308 1038 1369 1065 fecit
1381 1038 1479 1066 domtts
1489 1046 1554 1072 sum,
1571 1044 1597 1066 et
1614 1038 1710 1066 Nullus
1725 1040 1780 1068 eari-

986 1083 1073 1114 milur,
1089 1083 1138 1110 nisi
1152 1088 1189 1110 tu.
1204 1083 1252 1111 llic
1263 1083 1320 1118 ejus
1333 1091 1440 1111 sensum
1455 1089 1482 1111 et
1493 1083 1612 1112 animum
1623 1085 1738 1117 extollit,
1752 1090 1781 1112 ut

985 1128 1024 1156 sic
1046 1129 1118 1156 illam
1138 1128 1171 1155 ad
1191 1129 1320 1163 pudorem
1339 1129 1457 1163 inducat,
1473 1134 1499 1157 et
1514 1130 1641 1157 ostendat
1655 1138 1779 1165 magnum

985 1182 1045 1202 esse
1060 1174 1200 1202 honorem.
1217 1175 1309 1210 Neque
1321 1175 1364 1202 ltie
1378 1175 1506 1207 substitit,
1519 1175 1566 1203 sed
1580 1176 1660 1203 etiam
1676 1176 1781 1204 induxit

985 1228 1083 1247 notnen
1106 1220 1176 1255 quod
1197 1226 1288 1255 posset
1311 1221 1383 1248 illam
1399 1222 1516 1249 retinere
1533 1221 1625 1249 dicens
1641 1231 1647 1249 :
1663 1221 1702 1249 Eo
1713 1222 1781 1258 quod

984 1271 1012 1292 lu
1024 1266 1058 1292 ris
1067 1274 1132 1293 uxor
1142 1267 1213 1300 ejus;
1227 1271 1250 1293 et
1260 1266 1386 1302 quomodo
1395 1267 1489 1302 faciant
1499 1267 1600 1295 verbum
1611 1268 1658 1295 Itoc
1664 1269 1758 1296 nmium
1767 1269 1781 1296 2

984 1311 1038 1339 Sed
1049 1312 1112 1347 quid
1123 1312 1212 1339 dicis?
1225 1313 1283 1340 Non
1303 1313 1380 1341 adest
1402 1314 1454 1347 vir,
1470 1322 1556 1348 neque
1570 1317 1623 1342 scit
1637 1322 1667 1342 se
1682 1315 1778 1349 injuria

984 1359 1052 1385 allici
1064 1359 1075 1384 ?
1088 1358 1140 1386 Sed
1156 1359 1224 1386 Deus
1240 1360 1360 1394 aspiciet.
1377 1361 1411 1387 At
1424 1360 1535 1388 nihilex
1547 1361 1591 1388 tali
1605 1362 1717 1389 consilio
1733 1362 1778 1389 illa

984 1405 1084 1432 lucrata
1096 1411 1146 1437 est,
1155 1405 1202 1432 sed
1214 1406 1288 1433 illum
1300 1407 1419 1434 attraxit.
1433 1407 1562 1435 Furorem
1574 1415 1688 1443 namque
1699 1415 1777 1435 suum

983 1451 1121 1486 complere
1134 1452 1238 1483 volens,
1256 1460 1310 1479 non
1325 1460 1418 1480 amans
1431 1453 1578 1488 Josephum
1593 1455 1650 1481 bzrc
1664 1453 1736 1486 fecit,
1749 1459 1778 1482 tit

983 1498 1069 1531 palam
1082 1502 1162 1525 estex
1176 1498 1275 1533 iisquae
1287 1503 1377 1533 postea
1389 1499 1549 1534 designavit.
1562 1500 1693 1528 Judieium
1703 1501 1776 1528 eniut

982 1543 1132 1576 constituit,
1147 1549 1173 1571 et
1187 1545 1385 1572 accusationem
1401 1545 1491 1579 infert,
1506 1551 1587 1581 atque
1602 1546 1667 1574 falsa
1683 1547 1777 1575 testiï¬-

982 1593 1068 1622 catur,
1093 1596 1124 1616 ac
1144 1588 1208 1626 fet-aa
1228 1589 1309 1617 tradit
1334 1599 1405 1622 eum,
1428 1592 1474 1626 qui
1494 1599 1523 1619 se
1537 1592 1602 1619 nihil
1618 1592 1734 1625 laeserat,
1749 1593 1775 1620 in

981 1643 1172 1669 carceremque
1194 1636 1323 1670 conjicit;
1347 1637 1401 1664 into
1425 1638 1523 1672 potius,
1552 1643 1680 1672 qnantunt
1705 1639 1730 1665 in
1746 1646 1776 1666 se

982 1685 1049 1712 erat,
1067 1681 1166 1708 Occidit
1183 1691 1190 1708 :
1208 1682 1241 1708 ita
1259 1683 1484 1717 nentpejudiccm
1496 1685 1619 1710 armavit.
1646 1683 1714 1717 Quid
1727 1684 1776 1719 igi-

981 1728 1045 1754 tur?
1059 1732 1151 1754 eratne
1169 1727 1269 1762 Josepb
1293 1729 1374 1755 etiam
1399 1729 1478 1755 talis?
1492 1729 1548 1756 lmo
1561 1735 1653 1757 contra
1666 1738 1673 1761 ;
1689 1737 1776 1765 neque

981 1773 1052 1800 enim
1068 1774 1241 1805 contradixit,
1257 1782 1344 1809 neque
1360 1775 1499 1803 mulierem
1513 1777 1658 1804 accusavit.
1674 1777 1719 1806 At.
1732 1778 1774 1804 in-

981 1820 1068 1854 quies,
1083 1828 1136 1847 non
1152 1820 1284 1847 creditttnt
1304 1821 1339 1847 illi
1356 1820 1461 1848 fuisset.
1477 1821 1557 1856 Atqui
1573 1823 1650 1850 valde
1663 1823 1775 1850 amaba-

981 1870 1035 1900 lttr,
1051 1871 1079 1894 ut
1089 1866 1176 1901 palant
1197 1872 1249 1900 est,
1267 1874 1319 1894 non
1332 1874 1363 1898 ex
1377 1867 1508 1902 principio
1520 1869 1617 1901 solttm,
1634 1869 1680 1896 sed
1693 1869 1773 1897 etiam

981 1921 1012 1940 ex
1029 1913 1092 1941 ï¬ne.
1108 1913 1163 1940 Nisi
1177 1914 1248 1941 enim
1264 1913 1337 1940 illum
1356 1914 1485 1941 barbarus
1509 1915 1555 1942 ille
1573 1915 1684 1942 multum
1704 1915 1774 1942 dile-

979 1960 1073 1992 xisset,
1087 1960 1165 1987 etiam
1179 1960 1321 1987 occidisset
1334 1960 1457 1987 silentem
1471 1965 1497 1987 et
1511 1961 1576 1988 nihil
1587 1961 1774 1989 contradicen-

981 2010 1044 2032 tem.
1056 2006 1159 2032 Etenim
1168 2005 1311 2041 Egyptius
1322 2010 1378 2033 erat
1387 2011 1414 2033 et
1423 2007 1558 2041 princeps,
1568 2012 1592 2034 et
1606 2007 1632 2034 in
1639 2006 1774 2042 conjugali

980 2051 1049 2078 lecto
1061 2051 1170 2078 aflâ€˜cctus
1180 2052 1287 2085 injuria,
1298 2056 1326 2078 ut
1336 2052 1455 2086 putabat;
1465 2057 1491 2080 et
1499 2060 1514 2079 a
1526 2052 1635 2085 famulo,
1646 2060 1660 2078 a
1670 2052 1774 2080 famulo

980 2096 1100 2131 inquam,
1116 2097 1162 2132 qtti
1178 2101 1217 2123 tot
1232 2096 1360 2124 beneï¬cia
1376 2103 1527 2131 acceperat.
1544 2097 1595 2125 Sed
1612 2097 1669 2125 bare
1682 2097 1772 2125 omnia

979 2143 1042 2170 vicit
1062 2143 1171 2170 dilectio
1192 2147 1219 2171 et
1239 2143 1333 2177 gratia,
1356 2151 1436 2178 quam
1452 2143 1522 2171 lleus
1537 2144 1562 2170 in
1577 2144 1651 2171 illum
1667 2143 1772 2170 infudit.

978 2189 1044 2216 Cum
1056 2190 1140 2224 gratia
1151 2194 1239 2216 autem
1250 2195 1278 2216 et
1288 2190 1430 2217 dilectione
1442 2190 1491 2217 bac
1504 2190 1599 2217 indicia
1613 2190 1704 2216 habuit
1718 2198 1770 2217 non

979 2242 1070 2270 parva,
1085 2235 1106 2262 si
1119 2235 1180 2270 jure
1194 2235 1357 2263 contendere
1373 2236 1510 2268 voluisset,
1525 2236 1580 2270 ipsa
1596 2236 1769 2263 vestimenta.

979 2281 1007 2309 Si
1021 2282 1091 2309 enim
1107 2281 1150 2308 illa
1164 2282 1217 2308 vim
1233 2289 1309 2314 passa
1326 2282 1428 2313 fuisset,
1444 2283 1584 2316 oportebat
1597 2287 1702 2317 ruptam
1714 2283 1772 2317 ejus

979 2328 1062 2356 fuisse
1085 2329 1214 2362 tunicam,
1230 2328 1376 2355 laceratum
1400 2328 1512 2361 vultum,
1535 2336 1588 2356 tton
1608 2329 1678 2355 illius
1692 2329 1774 2356 vcstiâ€”

979 2380 1067 2401 menta
1086 2379 1186 2401 tenere.
1201 2373 1255 2401 Sed
1267 2374 1373 2402 audivit.
1390 2373 1485 2409 inquit,
1500 2374 1567 2408 quod
1580 2382 1662 2401 vocem
1676 2374 1770 2408 extuli,

978 2425 1003 2446 ct
1018 2420 1112 2447 relictis
1131 2420 1238 2446 vestibus
1257 2419 1317 2446 abiit
1335 2418 1408 2454 (Gen.
1426 2419 1474 2452 59,
1495 2419 1552 2455 15).
1567 2419 1620 2447 Cur
1632 2427 1697 2455 ergo
1709 2427 1770 2447 cum

978 2466 1096 2494 eruisti?
1110 2467 1173 2501 quid
1194 2466 1246 2493 vim
1264 2465 1377 2500 patienti
1398 2465 1543 2500 optattdum
1565 2466 1642 2493 erat?
1656 2466 1689 2494 Ut
1704 2465 1768 2493 libe-

978 2516 1084 2539 raretur
1097 2512 1130 2538 ab
1145 2519 1177 2539 eo
1193 2511 1236 2546 qui
1251 2511 1301 2538 sibi
1315 2511 1467 2538 violentiam
1484 2511 1605 2540 inferret.
1623 2512 1678 2547 Ego
1705 2520 1769 2539 vero

979 2566 1031 2585 non
1042 2557 1104 2584 ltinc
1118 2561 1231 2587 tantum,
1246 2556 1292 2583 sed
1305 2556 1385 2584 etiam
1399 2564 1431 2583 ex
1443 2557 1615 2591 sequentibus
1627 2557 1770 2584 ostendere

979 2603 1079 2638 possim
1100 2603 1159 2638 ejus
1180 2602 1390 2630 benevolentiam
1405 2607 1432 2630 et
1445 2611 1574 2631 amorem.
1591 2604 1693 2631 Etenim
1708 2611 1769 2630 cum

978 2649 1004 2676 in
1019 2649 1206 2676 necessitatem
1221 2648 1324 2679 incidit,
1340 2652 1368 2675 ut
1380 2656 1488 2676 causata
1501 2649 1604 2676 diceret
1614 2649 1731 2676 carceris
1741 2653 1768 2676 et

977 2695 1110 2722 diuturnae
1132 2695 1158 2721 in
1183 2694 1229 2721 illo
1254 2701 1355 2727 mone;
1378 2701 1464 2729 neque
1485 2700 1546 2722 tunc
1560 2695 1651 2722 drama
1667 2693 1730 2721 illud
1743 2697 1770 2720 ct

978 2750 1034 2770 rem
1050 2745 1152 2776 gestam
1165 2740 1271 2776 aperuit
1284 2749 1291 2773 ;
1316 2741 1362 2768 sed
1377 2741 1438 2776 quid
1453 2742 1488 2768 ait
1500 2741 1512 2768 2
1522 2741 1556 2768 Et
1573 2749 1618 2776 ego
1631 2739 1695 2767 nihil
1709 2739 1768 2774 feci,

975 2787 1020 2814 sed
1034 2788 1105 2824 [uno
1120 2786 1232 2813 sublata:
1248 2794 1301 2812 sunt
1315 2794 1347 2812 ex
1360 2791 1426 2812 terra
1450 2785 1614 2813 llebrtcorum
1629 2784 1705 2819 (Gen.
1722 2784 1772 2812 40,
1786 2806 1788 2808 .

976 2833 1030 2870 l5).
1047 2833 1080 2861 Et
1096 2839 1225 2867 nusijuam
1237 2837 1366 2859 memorat
1378 2832 1542 2864 adulteram;
1554 2838 1641 2865 neque
1651 2830 1684 2856 de
1696 2837 1727 2856 ea
1739 2838 1770 2858 ro

975 2880 1118 2915 gloriatur,
1141 2877 1211 2914 qttod
1231 2878 1357 2913 quislibet
1379 2877 1445 2904 alius
1467 2876 1582 2910 fecisset,
1596 2875 1700 2902 etiamsi
1717 2883 1770 2902 non
