2034 3109
252 190 304 218 97⁸.)

251 247 404 279 abscondit,
429 251 508 281 atque
531 253 546 272 λ
569 244 668 270 dilecto
693 240 828 270 recessit?
851 240 947 267 Totum
968 242 1040 264 certe

251 293 414 321 contrarium
440 292 521 323 lecit,
547 290 581 317 de
607 296 698 315 amore
724 287 888 322 gloriabatur
904 294 910 312 :
926 285 974 312 etsi
999 284 1043 311 ille

253 346 316 366 tunc
332 346 377 365 rex
392 342 449 365 erat
461 357 467 367 ,
485 337 554 363 lilius
568 342 631 362 vero
647 334 716 368 regis
737 333 866 360 Jouathas
879 353 885 363 ,
900 330 982 358 David
998 338 1043 356 au-

254 390 306 413 tem
324 383 458 419 fugitivus.
485 382 537 409 Sed
554 388 641 415 neque
657 381 695 406 sic
719 379 752 406 de
774 377 890 405 atnicitia
913 375 1021 404 erubttit
1037 383 1043 400 .-

252 431 349 456 earitas
363 428 434 456 ettittt
451 435 504 455 non
518 426 643 453 indecore
662 425 726 459 agit.
749 423 814 451 Nam
823 423 880 450 hoc
894 422 919 448 itt
933 422 978 448 illa
993 421 1044 447 tui-

254 476 338 503 rabile
363 479 422 506 est,
446 473 515 508 quod
539 471 702 499 contttmelia
717 470 842 497 aﬂ'ectum
856 489 864 500 ,
887 475 940 495 non
965 467 1045 494 modo

254 529 307 549 non
323 521 392 548 sinat
405 520 496 547 dolere
511 523 539 545 et
560 518 676 544 morderi
688 537 694 548 .
713 516 761 543 sed
777 515 856 542 etiam
881 519 909 541 ut
931 512 1046 548 gaudeat

252 567 360 595 efﬁciat.
373 566 494 600 ideoque
511 565 555 591 ille
577 568 638 599 post
650 563 714 589 'IIJEC
728 563 834 594 omnia,
850 560 927 595 quasi
944 566 1044 586 corona

254 613 394 642 redimitus
404 633 412 645 ,
426 613 465 639 sic
474 611 569 638 abiens
582 609 708 637 Davident
722 608 876 642 complexus
887 611 938 633 est.
953 604 1046 639 Neque

253 660 325 686 enim
340 659 440 686 caritas
460 658 510 684 scit
523 656 586 691 quid
602 656 633 682 sil
652 655 779 689 probrum
794 662 800 679 :
816 653 876 680 ideo
900 651 980 678 etiam
996 650 1045 677 sibi

254 708 341 743 placet
355 706 382 732 in
397 712 430 732 eo
440 725 448 738 ,
463 704 496 730 de
511 710 564 738 quo
578 703 646 729 alius
659 700 802 728 erubescit.
818 698 906 726 Pudor
920 697 990 725 enim
1006 701 1046 723 est

256 753 358 779 nescire
383 758 493 782 amare,
519 754 546 776 et
567 753 700 775 amantem
726 753 779 773 tton
804 752 884 772 omne
899 742 1046 778 periculurn

255 800 329 826 adire
349 798 492 832 omniaque
508 796 609 830 perpeti
625 802 673 829 pro
686 792 801 820 dilectis.
816 791 883 819 Cum
898 789 987 817 omnia
1009 789 1049 815 di-

257 854 289 874 co
302 867 309 879 ,
324 853 356 873 ne
371 849 448 880 putes
471 851 513 871 tne
527 850 557 870 ea
580 849 640 877 qua:
661 845 723 868 sunt
738 839 816 866 noxia
839 838 950 870 dicere;
977 842 1006 863 ut
1027 835 1047 862 si

258 893 318 928 quis
332 891 439 923 dixerit,
451 898 481 918 se
492 889 583 924 juveni
596 896 674 923 opcnt
690 887 760 915 ferre
771 890 799 913 ιιι
813 886 929 920 potiatur
941 884 1026 910 antica
1041 891 1047 914 ;

257 944 302 966 aut
316 939 338 966 si
352 938 411 973 quis
421 936 491 964 aliud
505 935 639 971 quidptant
653 934 812 961 damnosum
827 932 913 959 facere
924 931 1048 966 postulet.

256 984 322 1012 Nam
346 983 390 1018 qui
413 983 472 1010 talis
496 986 538 1009 cst
554 989 606 1008 non
622 981 728 1015 diligit;
744 984 771 1007 et
794 979 845 1006 ltoc
868 986 953 1012 nuper
974 976 1050 1004 vobis

258 1030 362 1058 ostendi
377 1037 410 1057 cx
425 1029 548 1063 [Egyptia
570 1027 692 1054 muliere.
709 1026 774 1053 Nam
791 1025 835 1052 ille
856 1025 929 1051 stilus
943 1023 1049 1058 diligit,

259 1076 303 1111 qui
319 1083 349 1103 ea
362 1083 424 1110 quae
439 1075 536 1101 dilecto
552 1073 624 1100 utilia
644 1077 706 1100 suttt
719 1071 814 1107 quzerit
829 1081 835 1097 :
853 1071 888 1098 ita
901 1075 929 1097 ιιι
949 1071 970 1096 si
992 1069 1052 1104 quis

261 1123 312 1149 ltoc
323 1122 421 1148 honunt
437 1128 489 1146 non
505 1123 633 1151 renetur,
650 1117 754 1145 etiatnsi
767 1116 918 1144 sexcenties
933 1115 1002 1142 dicat
1022 1122 1051 1141 sc

260 1167 387 1202 diligere,
403 1166 572 1193 inimicorum
587 1164 706 1191 omnium
722 1163 756 1189 sit
779 1161 990 1189 inimicissimus.
1008 1160 1052 1187 Sic

260 1218 287 1241 et
301 1214 363 1241 olint
386 1212 515 1243 Rebecca,
527 1212 589 1246 quia
603 1209 680 1237 valde
691 1216 707 1237 a
721 1209 777 1236 ﬁlio
799 1208 941 1243 pendebat,
957 1212 983 1234 et
999 1206 1053 1233 fur-

262 1265 319 1286 tutn
331 1257 393 1285 fecit
406 1262 434 1284 et
448 1266 499 1284 ttott
517 1256 624 1283 erubuit
637 1263 671 1282 ne
685 1254 934 1289 deprehenderetur
944 1274 951 1284 .
968 1260 1054 1287 neque

263 1305 349 1331 timuit
366 1311 373 1335 ;
392 1310 478 1336 neque
492 1302 564 1329 ettim
578 1301 640 1328 leve
656 1299 805 1335 periculum
818 1303 893 1331 erat;
910 1299 955 1326 sed
973 1298 1053 1326 etiant

265 1351 321 1377 tilio
347 1354 511 1385 repugnante
537 1353 564 1376 ct
588 1347 677 1376 verbis
700 1354 760 1374 cutn
788 1347 833 1374 illa
853 1345 1032 1373 contendentc
1047 1366 1053 1377 ,

262 1396 328 1423 dixit
341 1405 347 1423 :
360 1395 394 1422 In
410 1403 448 1422 nte
460 1395 492 1422 sit
506 1393 649 1421 maledictio
662 1399 721 1425 tua,
736 1393 776 1427 ﬁli
790 1392 865 1428 (Gen.
880 1392 926 1419 ‘27.
945 1391 999 1427 13).

298 1442 323 1468 5.
340 1441 462 1468 Vidistin’
477 1440 557 1468 etiam
570 1442 596 1466 in
612 1439 722 1466 muliere
733 1439 849 1465 animum
862 1437 1054 1472 apostolicum?

263 1486 328 1513 Nam
341 1488 410 1513 sicut
431 1486 532 1520 optavit
546 1485 645 1512 Paulus
665 1486 706 1520 (si
728 1486 786 1519 quis
801 1492 911 1519 parvum
925 1491 984 1511 cum
999 1491 1055 1510 ma-

263 1540 316 1567 gno
330 1531 467 1565 conferat)
480 1538 532 1565 pro
547 1530 646 1557 .luttmis
659 1530 800 1556 anathema
812 1537 872 1556 esse
891 1537 898 1556 :
911 1530 949 1556 sic
971 1534 998 1555 et
1013 1529 1056 1555 illa

265 1585 293 1607 ttt
311 1579 381 1606 ﬁlius
403 1577 616 1608 bettediccretur,
630 1577 710 1602 ctiam
724 1575 847 1602 maledici
861 1574 1056 1602 consentiebat.

270 1626 302 1653 Et
316 1625 353 1652 illi
367 1625 474 1660 quidem
502 1623 578 1650 bonis
601 1621 731 1655 cedebat;
753 1630 806 1649 non
834 1622 904 1649 enim
929 1629 990 1649 cum
1012 1621 1058 1648 illo

267 1672 480 1699 benedictionem
494 1674 633 1704 acceptura
650 1673 725 1700 erat;
756 1669 824 1695 tnala
839 1671 927 1695 autem
942 1668 998 1702 ipsa
1012 1675 1058 1694 so-

268 1720 293 1746 la
304 1719 436 1746 sustinere
453 1721 543 1752 parata
558 1720 616 1744 erat
630 1724 638 1743 :
653 1721 770 1743 attamen
784 1716 916 1750 gaudebat
938 1720 965 1742 et
983 1722 1059 1749 urge-

269 1767 324 1799 bat,
336 1770 362 1793 et
376 1765 426 1792 hoc
436 1772 495 1791 cum
511 1768 613 1790 tantum
625 1763 776 1790 immineret
790 1761 946 1796 pet-iculum,
963 1765 989 1788 et
1003 1768 1059 1787 mo-

269 1818 325 1838 ram
346 1818 418 1846 aegre
433 1811 544 1837 ferebat.
560 1809 683 1837 Tintebat.
705 1809 786 1842 enim,
804 1817 837 1836 tte
850 1808 873 1835 si
886 1807 1060 1843 prtevenisset

270 1857 351 1888 Esait,
377 1865 470 1884 vauattt
487 1856 544 1891 ejus
561 1855 685 1883 redderet
707 1855 874 1890 sapientiam.
901 1854 961 1881 Ideo
980 1854 1060 1881 etiam

271 1903 351 1930 verba
367 1902 392 1929 in
408 1902 595 1936 compendium
611 1901 704 1936 redigit
716 1905 742 1928 et
759 1905 835 1935 urget
852 1900 1060 1932 adolescentem,

272 1955 296 1975 et
321 1954 460 1984 postquam
478 1948 612 1982 prioribus
628 1948 814 1975 contradicere
827 1948 907 1979 sivit,
931 1948 1062 1973 rationem

271 1995 347 2022 affett
359 2003 417 2029 qtuc
429 1995 542 2021 sufﬁciat
556 1994 589 2021 ad
603 1989 826 2028 perSuadendum.
838 1993 928 2027 Neque
939 1993 1010 2020 enim
1024 1992 1064 2018 di-

271 2042 324 2071 xit.
337 2040 447 2068 ‘Frustra
465 2041 522 2068 ha-c
536 2041 620 2074 dicis,
636 2045 663 2068 et
675 2041 734 2067 sine
756 2048 837 2067 causa
861 2039 957 2066 metuis
969 2060 978 2071 ,
1002 2047 1062 2066 cum

273 2092 346 2121 pater
361 2091 422 2113 tuus
431 2087 601 2113 consenuerit
611 2092 639 2114 et
650 2087 723 2113 claro
734 2094 814 2113 sensu
826 2087 859 2112 sit
876 2085 1005 2121 privatus;
1018 2085 1064 2112 sed

273 2133 352 2168 quid?
366 2132 399 2159 In
422 2140 461 2159 nte
474 2133 505 2159 sit
523 2133 670 2160 maledictio
693 2138 745 2165 tua,
759 2133 816 2166 ﬁli:
833 2137 933 2158 tantum
959 2139 1014 2158 rem
1039 2136 1066 2158 et

278 2181 372 2207 drama
385 2188 419 2207 ne
430 2181 536 2214 perdas,
559 2186 648 2214 neque
662 2183 784 2206 venatum
799 2179 904 2204 amittas
916 2199 923 2210 ,
945 2185 994 2205 nec
1009 2177 1066 2204 tlte-

278 2235 385 2255 saurum
411 2226 517 2262 prodas.
542 2226 600 2261 Ipse
615 2233 678 2252 vero
699 2224 781 2252 Jacob
794 2232 882 2251 annon
898 2224 947 2251 fuit
961 2231 1063 2251 nterce-

280 2274 370 2301 narius
384 2272 453 2307 apttd
466 2275 607 2307 cognatum
619 2271 659 2298 bis
674 2275 775 2305 septem
789 2270 894 2298 annos?
908 2278 996 2297 annon
1007 2277 1066 2297 cunt

282 2319 420 2351 servitute,
436 2317 515 2344 etiam
529 2324 577 2351 pro
591 2316 635 2343 illa
652 2317 753 2343 fallacia
772 2316 835 2343 risui
849 2316 924 2343 erat?
938 2315 1007 2349 Quid
1023 2323 1067 2342 er-

282 2365 335 2399 go?
348 2371 409 2390 num
417 2370 496 2390 sensu
506 2362 618 2389 allectus
628 2361 797 2390 estobrisum
807 2360 817 2387 ?
828 2369 890 2388 num
902 2369 932 2388 se
943 2361 1069 2388 indecore

287 2417 365 2444 agerc
376 2410 486 2443 potavit,
498 2408 568 2443 quod
583 2408 649 2436 liber
664 2417 723 2435 eum
731 2413 801 2436 esset
814 2412 841 2436 et
849 2416 882 2435 ex
892 2407 983 2435 liberis
993 2412 1070 2435 natus

286 2463 317 2482 ae
328 2454 472 2481 liberaliter
481 2454 617 2487 educatus,
631 2462 689 2489 quae
699 2462 837 2481 servorum
848 2457 924 2481 erant
935 2461 1029 2489 passus
1037 2453 1071 2481 sit

283 2509 299 2528 a
315 2501 453 2536 cognatis?
468 2500 539 2536 quod
555 2501 668 2527 maxime
683 2500 807 2528 mordere
821 2499 889 2527 solet
910 2507 969 2527 cunt
985 2499 1045 2535 quis
1057 2508 1071 2526 a

285 2548 355 2574 notis
378 2547 432 2574 auis
446 2547 638 2574 contumeliose
653 2547 749 2581 agitur.
775 2546 948 2581 Nequaquam
968 2556 974 2574 :
992 2554 1071 2574 causa

286 2597 373 2621 autem
385 2597 444 2619 erat
454 2592 572 2624 dilectio,
584 2600 642 2627 qua:
656 2596 770 2626 tempus,
786 2592 939 2619 dittturnutn
954 2599 1014 2619 eum
1028 2600 1072 2619 es-

287 2643 338 2672 set,
350 2638 482 2666 tnodicnm
498 2638 561 2666 illud
572 2637 724 2665 exhibebat.
743 2637 823 2664 Erant
835 2638 911 2667 enim,
927 2637 1021 2671 inquit,
1048 2637 1073 2663 in

285 2690 420 2719 conspectu
432 2685 487 2719 ejus
499 2684 570 2718 quasi
582 2684 635 2709 dies
653 2683 727 2718 pauci
739 2682 815 2717 (Gen.
829 2682 873 2710 29.
885 2682 943 2717 20).
959 2682 1072 2709 Tantum

291 2731 382 2757 aberat
397 2734 426 2757 ut
439 2729 606 2756 merderetur
614 2733 641 2755 et
649 2728 819 2755 erubesceret
829 2728 862 2755 de
872 2728 921 2754 hac
933 2728 1072 2755 servitute.

292 2777 353 2803 iure
364 2783 427 2810 ergo
437 2775 540 2802 dicebat
554 2775 645 2801 beatus
657 2774 754 2801 Paulus
771 2784 777 2801 :
793 2774 891 2802 Caritas
901 2784 950 2802 non
959 2776 1075 2803 indecore

290 2823 343 2857 agit
354 2830 363 2848 :
383 2830 433 2848 non
446 2821 535 2855 qua'rit
550 2827 606 2855 qua
618 2828 664 2847 tua
672 2825 740 2852 sunt,
753 2829 802 2847 non
817 2821 940 2848 irritatur.
953 2821 1020 2848 Cum
1036 2821 1075 2848 di-

292 2871 373 2897 xisset
387 2868 468 2895 enim.
479 2875 529 2893 non
538 2867 655 2893 indecore
662 2867 723 2901 agit,
740 2867 846 2894 modum
860 2867 939 2894 etiant
948 2867 1074 2899 ostendit,

295 2922 346 2950 quo
362 2921 413 2940 non
429 2913 551 2939 indecore
565 2912 626 2947 agit.
642 2911 706 2945 Quis
729 2917 815 2939 autent
832 2912 926 2940 modus
946 2912 989 2940 ille
1011 2917 1050 2939 est
1064 2914 1074 2938 ἱ)

611 185 636 213 S.
657 183 795 212 JOANNIS
814 178 1052 209 CHRYSOSTOMI
1072 179 1228 207 AllClllEl’.
1249 179 1513 208 CUNS'TANTINOP.

1840 182 1890 209 230

1100 238 1169 271 Quia
1185 245 1234 264 non
1247 239 1337 273 qua'rit
1351 246 1408 273 qua:
1426 247 1472 266 sua
1485 244 1553 266 sinit.
1572 239 1700 266 Dilectum
1715 240 1787 267 cnint
1802 242 1890 267 omnia

1100 281 1150 309 sibi
1166 290 1225 310 esse
1238 288 1324 318 putat,
1341 290 1365 311 et
1378 289 1441 312 ttmc
1455 284 1581 311 indecore
1595 293 1626 311 se
1639 292 1718 319 agere
1733 290 1818 319 putat,
1831 293 1890 312 ctnn

1100 337 1152 356 non
1164 334 1250 364 potest
1264 331 1337 358 illunt
1356 331 1481 358 indecore
1492 336 1612 366 agentem
1631 331 1762 364 liberare;
1778 332 1813 358 ita
1830 336 1858 358 ut
1871 333 1891 357 si

1099 375 1191 403 liceret
1206 383 1252 410 per
1266 377 1381 404 dedecus
1395 385 1472 404 suum
1487 378 1613 405 dilectuttt
1629 385 1706 405 suunt
1719 378 1823 413 iuvare,
1839 386 1891 405 ιιοιι

1099 422 1161 449 illttd
1176 423 1293 450 dedecus
1307 431 1367 451 esse
1383 429 1488 458 putaret
1504 432 1510 451 :
1524 424 1568 452 ille
1581 432 1697 460 namque
1712 425 1753 453 ltic
1769 425 1827 460 ipse
1839 431 1890 453 est.

1099 469 1152 496 Iluc
1164 475 1203 496 est
1214 470 1286 496 enim
1297 471 1426 502 amicitia,
1449 478 1510 498 cum
1531 471 1554 497 is
1573 471 1616 506 qui
1633 471 1728 506 diligit,
1755 476 1783 499 et
1809 472 1831 499 is
1849 481 1892 507 qut

1098 515 1228 549 diligitur,
1242 523 1294 543 non
1308 516 1361 543 duo
1375 516 1452 544 divisi
1467 521 1539 550 sunt,
1556 517 1602 544 sed
1619 525 1686 544 unus
1700 517 1781 545 ltonto
1798 526 1806 544 τ
1822 519 1892 552 quod

1099 568 1151 588 non
1175 562 1293 595 aliunde,
1314 563 1361 589 sed
1386 570 1400 589 a
1415 563 1526 590 caritate
1542 563 1597 590 sola
1612 563 1738 592 efﬁcitur.
1766 563 1806 592 Ne
1830 571 1893 597 ergo

1098 613 1203 640 quaet-us
1218 607 1288 641 quod
1303 613 1376 634 tuum
1389 614 1430 635 est
1441 629 1447 640 ,
1478 613 1506 635 ιιι
1523 609 1643 636 invenias
1665 611 1735 644 qttod
1750 615 1825 637 tuum
1841 616 1892 639 est.

1099 652 1148 686 Qui
1161 654 1232 680 enint
1251 654 1321 688 quod
1336 661 1413 681 suttnt
1428 660 1467 682 est
1481 656 1587 689 qua-rit,
1603 655 1673 690 quod
1689 663 1765 683 suam
1781 661 1823 683 est
1842 664 1893 684 non

1101 698 1211 726 invenit.
1224 699 1285 726 Ideo
1298 699 1396 727 Paulus
1403 700 1518 731 dicebat,
1536 701 1618 728 [Vento
1632 707 1729 736 qua’rat
1741 703 1809 737 quod
1822 711 1894 730 suum

1101 749 1146 776 est,
1161 745 1205 770 sed
1218 746 1388 780 unusquisque
1401 747 1468 781 quod
1484 748 1593 781 proximi
1604 753 1638 774 est
1652 749 1691 783 (ι.
1704 748 1764 776 Cor.
1780 749 1823 776 lO.
1836 749 1893 782 24).

1102 790 1210 825 Propria
1230 791 1302 818 cnitn
1316 793 1417 819 utilitas
1432 793 1457 819 itt
1482 793 1598 820 utilitate
1614 794 1727 828 proximi
1742 796 1791 822 sita
1806 801 1858 827 est,
1870 801 1896 822 et

1103 838 1172 865 illius
1195 838 1294 866 utilitas
1309 840 1333 866 in
1350 839 1404 866 illa.
1421 840 1651 874 Quetttadtnodum
1665 849 1729 876 ergo
1744 843 1765 868 si
1779 843 1840 877 quis
1850 851 1896 869 att-

1103 890 1160 910 rum
1176 884 1311 918 proprium
1327 886 1352 911 itt
1367 885 1447 912 domo
1464 887 1577 920 proximi
1592 887 1730 914 defossum
1747 888 1858 920 habens,
1875 889 1895 914 si

1104 928 1148 956 illo
1163 930 1272 956 veniens
1287 930 1311 957 id
1321 938 1443 965 quterere
1455 936 1482 958 ct
1493 931 1621 960 defodere
1632 934 1808 965 recusaverit,
1820 942 1897 960 num-

1103 983 1182 1010 qttam
1195 975 1281 1010 ipsum
1297 977 1396 1003 videbit
1411 987 1417 1003 :
1430 978 1469 1005 sie
1482 979 1526 1013 qui
1543 986 1596 1006 non
1611 980 1668 1006 vult
1679 980 1705 1006 itt
1721 981 1834 1015 proximi
1846 981 1897 1007 lilir

1104 1022 1177 1049 litate
1186 1031 1261 1050 suam
1275 1024 1416 1051 utilitatem
1433 1033 1564 1059 quatrere,
1581 1033 1695 1053 coronas
1709 1027 1771 1054 huic
1791 1027 1830 1054 rei
1857 1030 1900 1054 de-

1105 1067 1174 1095 hitas
1189 1076 1241 1095 non
1258 1074 1449 1104 consequetur.
1470 1071 1575 1098 Etenim
1599 1071 1669 1099 Deus
1693 1071 1753 1099 ideo
1774 1072 1840 1099 illttd
1864 1072 1899 1099 ita

1105 1114 1247 1149 disposuit,
1265 1120 1294 1142 ut
1314 1116 1397 1143 simus
1413 1122 1506 1144 tnutuo
1518 1117 1645 1152 colligati.
1662 1119 1698 1145 Ac
1715 1119 1785 1146 sicut
1805 1119 1828 1145 si
1841 1118 1900 1153 quis

1106 1167 1217 1195 puerum
1234 1162 1444 1189 somniculosum
1458 1164 1590 1197 excitans,
1605 1169 1633 1191 ut
1643 1164 1751 1192 fratrem
1759 1170 1900 1200 sequatur;

1106 1207 1127 1233 si
1137 1215 1174 1234 ex
1191 1214 1220 1234 se
1238 1207 1321 1240 nolit,
1337 1209 1406 1242 qttod
1424 1209 1473 1243 ipsi
1489 1209 1667 1237 desiderabile
1681 1215 1708 1237 ct
1721 1211 1900 1245 expetendum

1107 1258 1148 1280 est
1164 1254 1243 1281 tradit
1260 1254 1333 1281 fratri
1344 1275 1351 1285 ,
1366 1261 1395 1282 ttt
1410 1256 1558 1290 accipiendi
1571 1257 1716 1292 cupiditate
1729 1265 1789 1285 eum
1804 1258 1849 1293 qui
1864 1263 1900 1285 lc‘

1105 1304 1154 1327 net
1173 1305 1302 1334 sequatur
1315 1321 1322 1331 .
1339 1301 1409 1336 qttod
1423 1302 1502 1329 etiam
1524 1302 1640 1330 efﬁcitur
1655 1313 1661 1329 :
1678 1304 1710 1330 ita
1726 1309 1753 1331 et
1774 1304 1817 1331 hic
1832 1305 1901 1338 quod

1110 1346 1250 1382 unicuique
1263 1347 1325 1374 utile
1341 1353 1391 1379 est.
1410 1348 1531 1381 proximo
1546 1349 1665 1382 tradidtt,
1676 1354 1704 1376 ttt
1716 1350 1778 1377 ltittc
1789 1350 1857 1377 alter
1869 1351 1902 1377 ad

1108 1393 1220 1420 alterunt
1236 1401 1416 1426 accurrantus,
1436 1400 1462 1421 et
1478 1403 1511 1422 ne
1524 1396 1608 1422 simus
1623 1396 1730 1423 divulsi.
1745 1397 1809 1424 Etsi
1825 1396 1902 1426 velis.

1109 1438 1160 1466 hoc
1175 1444 1203 1466 et
1221 1441 1252 1466 “in
1266 1440 1342 1467 nobis
1355 1441 1415 1467 vide
1426 1441 1469 1475 qui
1485 1441 1619 1475 loquimur
1636 1450 1642 1468 :
1660 1442 1730 1476 quod
1744 1443 1816 1469 enim
1836 1442 1903 1469 tttilti

1110 1485 1175 1512 utile
1184 1490 1241 1518 est,
1253 1485 1279 1512 in
1296 1490 1320 1512 te
1335 1486 1416 1513 situm
1431 1492 1482 1518 est.
1505 1493 1531 1513 ct
1545 1487 1615 1522 qttod
1633 1488 1680 1514 tibi
1696 1489 1761 1515 utile
1772 1509 1781 1521 ,
1803 1488 1829 1515 itt
1845 1495 1903 1515 me.

1111 1530 1169 1558 Tibi
1186 1531 1256 1558 cnint
1273 1532 1337 1559 utile
1351 1537 1392 1559 cst
1406 1537 1436 1560 ut
1450 1532 1573 1560 docearis
1588 1541 1618 1560 ea
1633 1541 1692 1568 qua:
1710 1534 1767 1561 Deo
1782 1534 1904 1568 placent;

1110 1576 1158 1604 sed
1175 1576 1232 1604 lucc
1244 1585 1307 1604 cura
1321 1578 1385 1604 tttihi
1396 1578 1495 1606 Credita
1504 1577 1567 1611 fuit,
1578 1584 1606 1606 ut
1618 1583 1646 1606 tu
1655 1587 1670 1606 a
1685 1587 1728 1607 me
1741 1579 1766 1607 id
1777 1580 1905 1615 accipias,

1112 1623 1226 1658 ideoque
1239 1629 1348 1651 coactos
1372 1625 1408 1651 sis
1435 1625 1468 1652 ad
1485 1633 1527 1652 me
1540 1633 1681 1653 accurrere
1696 1635 1703 1653 :
1720 1631 1747 1654 et
1761 1626 1825 1654 tnilti
1841 1628 1906 1654 utile

1112 1674 1154 1697 est
1167 1675 1194 1697 ttt
1206 1675 1233 1697 tu
1249 1671 1343 1698 melior
1353 1671 1494 1704 efﬁciaris;
1511 1679 1632 1707 magnam
1645 1672 1720 1700 enim
1729 1672 1789 1700 inde
1805 1681 1909 1700 merce.

1113 1717 1174 1744 detn
1189 1717 1332 1752 accipiam;
1348 1718 1393 1745 sed
1404 1717 1455 1746 hoc
1465 1725 1555 1746 rursus
1568 1719 1592 1746 in
1606 1723 1632 1747 te
1645 1719 1724 1746 situttt
1736 1724 1787 1752 est,
1803 1725 1831 1747 et
1847 1720 1907 1748 ideo

1115 1767 1141 1790 te
1162 1763 1290 1798 cottsequi
1309 1771 1401 1798 cogor,
1418 1769 1484 1792 utct
1500 1769 1527 1790 ιιι
1541 1765 1636 1792 ntelior
1648 1765 1695 1797 sis,
1711 1769 1738 1792 et
1760 1773 1810 1800 ego
1835 1767 1906 1801 quod

1114 1808 1179 1835 ntilti
1205 1808 1270 1835 utile
1285 1813 1326 1836 est
1340 1817 1354 1835 a
1373 1813 1399 1836 te
1421 1810 1562 1844 accipiam.
1585 1810 1649 1838 Ideo
1667 1810 1772 1838 dicebat
1797 1810 1908 1843 Paulus,

1116 1856 1180 1888 Qua:
1190 1855 1255 1882 enim
1268 1863 1324 1882 mea
1337 1864 1394 1889 spes
1402 1857 1460 1883 est?
1476 1865 1561 1884 annon
1576 1857 1640 1884 vos?
1653 1862 1679 1884 et
1701 1865 1794 1885 rursus
1806 1879 1814 1890 ,
1843 1858 1908 1893 Spes

1115 1909 1180 1933 mea,
1190 1901 1311 1936 gaudium
1318 1907 1435 1933 meum,et
1443 1910 1536 1929 corona
1543 1902 1701 1938 gloriationis
1709 1911 1770 1930 mete
1777 1903 1800 1939 (ί
1807 1923 1814 1929 .
1820 1903 1906 1930 Thess.

1115 1946 1200 1974 2.19.
1215 1947 1272 1982 20).
1289 1946 1380 1981 Itaque
1400 1947 1474 1973 Pauli
1493 1948 1618 1981 gaudium
1640 1947 1760 1982 discipuli
1775 1952 1862 1980 erant,
1882 1954 1909 1975 et

1116 1993 1200 2027 ipsius
1220 1993 1344 2027 gaudium
1366 1993 1400 2020 illi
1414 1993 1635 2021 ‘habehanL‘Idco
1648 1995 1728 2022 etiam
1744 1995 1909 2030 lacrymaba—

1118 2044 1170 2072 tur,
1187 2039 1209 2066 si
1220 2040 1328 2074 quando
1340 2045 1485 2074 pereuntes
1502 2040 1615 2067 videret.
1632 2041 1748 2068 Rursum
1770 2041 1842 2075 quod
1857 2040 1909 2068 illis

1119 2085 1193 2116 tttile,
1217 2086 1243 2111 itt
1270 2085 1353 2112 Paulo
1367 2090 1426 2112 erat
1450 2093 1456 2111 :
1480 2091 1621 2120 propterea
1646 2086 1750 2113 diccbat
1765 2095 1771 2113 :
1787 2086 1841 2114 Pro
1866 2095 1910 2121 cpe

1120 2132 1224 2159 lsrnelis
1246 2132 1341 2158 cinctus
1355 2140 1410 2159 sunt
1433 2132 1480 2159 hac
1497 2137 1585 2159 catena
1599 2132 1666 2168 (Act.
1676 2133 1720 2160 28.
1732 2132 1796 2167 20);
1810 2137 1837 2160 et
1849 2141 1910 2160 rur-

1120 2185 1190 2211 sum,
1206 2177 1266 2205 Hazc
1291 2177 1375 2212 patior
1396 2182 1498 2213 propter
1521 2179 1620 2211 electos,
1637 2184 1663 2206 ut
1688 2179 1765 2206 vitam
1792 2184 1910 2206 meritam

1121 2229 1305 2259 consequantur
1317 2224 1356 2259 (2.
1370 2223 1436 2250 Tim.
1450 2224 1478 2250 2.
1492 2224 1549 2257 10).
1565 2224 1620 2251 Hoc
1633 2225 1711 2252 etiant
1727 2224 1819 2252 videre
1832 2229 1874 2252 est
1885 2226 1911 2252 iu

1123 2269 1154 2296 iis
1167 2277 1227 2304 qua:
1240 2269 1272 2295 ad
1293 2269 1373 2296 vitam
1389 2270 1522 2304 pertinent
1539 2279 1545 2296 :
1563 2277 1623 2296 nam
1637 2271 1683 2302 ait,
1701 2269 1797 2297 Mulier
1817 2271 1914 2305 proprii

1122 2316 1235 2350 corporis
1256 2320 1402 2350 potestatem
1427 2324 1477 2343 non
1494 2317 1576 2349 habet,
1594 2325 1671 2352 neque
1682 2317 1737 2348 vir;
1759 2317 1803 2343 sed
1823 2316 1914 2343 mulier

1124 2362 1180 2394 viri,
1195 2366 1217 2388 et
1230 2362 1267 2387 vir
1280 2362 1392 2389 mulieris
1406 2361 1443 2398 (Ι.
1459 2361 1519 2390 Cor.
1537 2363 1562 2389 7.
1579 2363 1618 2399 4).
1633 2363 1668 2390 Ita
1681 2367 1707 2391 et
1719 2371 1768 2392 nos
1780 2370 1842 2390 cunt
1864 2363 1913 2390 ali-

1124 2415 1192 2442 quos
1205 2407 1333 2443 colligare
1349 2408 1483 2441 volumtts,
1498 2407 1549 2436 ltoc
1568 2408 1678 2436 facimus
1693 2417 1706 2438 ξ
1717 2410 1854 2436 neminem
1873 2408 1913 2435 sui

1126 2454 1262 2481 dontinum
1278 2454 1464 2488 relinquimus,
1479 2454 1526 2481 sed
1542 2454 1658 2482 mediam
1682 2455 1857 2482 extendentes
1870 2461 1908 2483 ca»

1127 2505 1225 2532 tenam,
1242 2500 1267 2527 id
1281 2499 1421 2532 efficimus.
1446 2505 1474 2527 ttt
1489 2500 1532 2527 hic
1548 2501 1582 2528 ab
1606 2501 1652 2528 illo
1665 2505 1691 2528 et
1703 2501 1747 2528 ille
1762 2501 1796 2527 ab
1813 2502 1863 2528 hoc
1877 2505 1913 2528 te-

1126 2552 1230 2574 neatur.
1244 2546 1289 2573 Vis
1305 2546 1355 2573 hoc
1369 2546 1449 2573 etiam
1475 2546 1567 2573 videre
1587 2546 1612 2573 in
1626 2547 1845 2582 magistratibus?
1864 2547 1912 2581 Qui

1125 2593 1235 2628 iudicat,
1259 2601 1311 2620 non
1331 2593 1407 2620 sedet
1426 2593 1477 2620 sibi
1498 2593 1632 2627 judicans,
1648 2593 1696 2620 sed
1708 2601 1830 2628 quatrens
1844 2593 1912 2628 quod

1128 2639 1248 2673 proximo
1273 2638 1403 2665 conferat.
1431 2638 1533 2665 Rursus
1558 2638 1604 2673 qui
1628 2638 1681 2665 illis
1709 2638 1807 2665 subditi
1833 2644 1914 2669 sunt.

1128 2683 1198 2718 quod
1223 2683 1335 2718 principi
1361 2683 1481 2711 conferat
1505 2688 1637 2718 quaerunt,
1663 2691 1711 2718 per
1730 2684 1842 2717 cultum,
1868 2692 1914 2719 per

1128 2729 1306 2756 mtttisterium
1332 2736 1432 2763 perque
1452 2729 1504 2755 alia
1528 2729 1628 2756 omnia.
1651 2729 1749 2757 Milites
1774 2737 1822 2764 pro
1839 2730 1914 2757 nobis

1129 2782 1202 2802 arma
1212 2779 1335 2806 sumunt;
1348 2780 1458 2809 propter
1467 2782 1517 2802 nos
1529 2775 1599 2802 ettim
1611 2776 1727 2810 pericula
1737 2775 1853 2803 adeunt:
1866 2783 1913 2803 nos

1129 2828 1177 2856 pro
1198 2821 1250 2848 illis
1264 2820 1369 2848 labores
1392 2821 1570 2856 suscipimus;
1586 2828 1600 2848 a
1614 2821 1690 2848 nobis
1704 2821 1776 2849 enim
1798 2823 1912 2849 aluntur.

1164 2868 1190 2894 4.
1212 2867 1309 2894 Cat-itas
1328 2875 1343 2894 ιι
1365 2867 1449 2894 Paulo
1470 2868 1711 2895 commendatur.—
1724 2868 1751 2896 Si
1768 2873 1856 2896 autem
1871 2868 1908 2895 di-

1131 2914 1211 2948 xeris,
1228 2921 1444 2950 unumquemque
1456 2922 1503 2943 sua
1517 2920 1679 2950 qumreutem
1689 2914 1738 2943 hoc
1752 2915 1849 2946 facere.
1866 2915 1912 2941 ltoc
