2034 3109
168 127 214 155 εει
670 126 702 155 IN
722 126 830 154 EPIST.
852 125 860 152 1
896 125 939 151 Alt
959 125 1035 152 C0“.
1058 125 1172 154 IIO.\|IL.
1193 126 1313 154 XXXIII.

168 187 247 214 etiam
256 193 308 221 ego
318 185 389 219 dico;
398 185 446 214 sed
456 185 518 222 quia
538 192 585 220 per
594 185 712 212 alienum
729 191 806 212 suum
817 184 960 212 Invenitur.

169 232 245 260 Miles
259 231 344 264 enim,
360 231 412 259 nisi
426 231 526 259 bellum
541 234 616 266 gerat
628 238 677 265 pro
697 230 729 257 iis
744 230 789 265 qui
806 230 893 265 ipsum
917 237 964 256 tut-

172 279 255 305 triunt
267 299 275 310 ,
293 285 347 305 non
363 277 443 304 habet
456 277 501 312 qui
524 276 575 304 hoc
591 277 640 311 ipsi
662 276 795 304 ministret
811 284 818 302 :
834 276 877 303 hic
902 283 966 303 vero

171 332 273 357 rursus,
286 324 338 352 nisi
354 325 467 351 militem
478 323 531 350 alat
542 344 548 355 ,
566 332 619 350 non
634 323 713 350 habet
727 323 771 357 qui
787 331 816 350 se
829 322 964 350 defendat.

174 371 296 399 Vidistin‘
309 371 447 398 caritatem
464 370 563 404 ubique
585 375 723 397 extensam
739 375 766 396 et
779 369 867 396 omnia
881 368 967 395 admi-

171 417 330 445 nistrantem
340 416 352 443 2
362 416 414 444 Sed
428 423 462 443 ne
485 414 640 450 defatigeris
654 415 740 442 donec
765 415 833 441 hanc
858 421 965 440 auream

169 469 293 490 catenam
307 462 444 490 didiceris.
462 462 528 489 Cum
543 460 656 488 dixisset
678 461 770 493 enim,
796 460 856 487 Non
877 459 966 494 qttwrit

169 517 227 544 qua
239 517 288 537 sua
304 513 374 540 sunt,
385 508 451 536 dicit
470 514 563 534 rursus
577 507 646 533 bona
661 515 721 542 quae
735 505 795 533 inde
809 510 966 533 nascuntur.

170 558 299 591 Quantam
315 556 382 584 illa?
397 554 459 582 Non
471 555 595 586 irritatur,
613 562 663 581 non
674 554 767 589 cogitat
781 553 885 580 malum.
903 551 966 579 Vide

170 611 280 631 rursum
293 610 353 630 eam
368 610 421 629 non
435 601 521 629 solum
533 601 559 628 in
573 601 665 627 vitium
680 601 821 635 imperare,
833 599 878 626 sed
885 599 965 626 etiam

172 657 225 677 non
239 649 331 676 sinere
342 653 371 675 ut
384 648 442 681 ejus
457 647 598 682 imperium
612 647 749 674 consistat.
765 646 821 672 Non
838 645 908 673 enim
923 645 966 672 di-

171 695 219 728 xit,
230 695 353 722 Irritatur
361 693 478 729 quidem,
489 693 535 720 sed
551 697 676 727 superat;
694 691 751 724 sed,
765 691 822 719 Non
834 691 965 724 irritatur;

170 748 260 776 neque
273 740 351 772 dixit,
366 739 424 767 Non
447 744 573 774 operatur
600 738 709 769 malum,
738 737 845 769 sed,Ne
869 737 968 772 cogitat

171 787 291 823 quidem.
306 786 376 814 Nihil
396 786 467 814 enim
483 786 545 813 mali
559 793 611 812 non
624 784 704 811 tnodo
715 792 767 811 non
782 788 902 818 apparat,
920 783 968 809 sed

172 842 208 862 ne
222 833 375 869 suspicatur
400 832 508 867 quidem
535 831 665 858 adversus
690 838 751 857 eum
772 830 816 864 qui
839 829 966 864 diligitur.

171 879 315 914 Quomodo
333 887 399 914 ergo
420 882 529 913 operata
556 877 636 904 fuerit
649 897 656 908 ,
673 882 719 903 aut
732 876 866 911 quomodo
880 875 966 902 irrite-

173 932 228 959 tur,
245 933 305 962 quae
326 933 360 953 ne
384 924 564 960 suspicionem
587 923 694 958 quidem
722 922 818 949 malam
834 922 969 957 suspicere

173 972 249 1005 velit,
267 971 338 999 unde
349 970 410 998 fons
422 975 464 998 est
474 969 593 996 amoris?
608 968 634 996 6.
653 968 713 995 Non
726 968 818 1003 gaudet
830 976 906 1002 super
921 968 969 993 ini-

172 1019 280 1052 quitate.
303 1017 360 1045 Hoc
372 1020 422 1049 est,
439 1024 491 1044 non
507 1016 555 1050 ipsi
581 1015 668 1050 placet
681 1014 751 1049 quod
765 1014 809 1041 alii
831 1014 900 1041 male
922 1020 969 1048 pa-

175 1064 278 1091 tiantur
294 1071 301 1090 :
317 1070 404 1098 neque
418 1062 468 1090 hoc
483 1066 585 1089 tantum
599 1082 605 1092 ,
621 1061 668 1088 sed
684 1061 754 1095 quod
780 1060 857 1094 longe
884 1059 971 1094 majus

173 1113 228 1142 est,
240 1108 387 1143 Congaudet
400 1113 485 1134 autem
495 1107 594 1134 veritati
610 1106 697 1141 (Rom.
712 1105 756 1133 12.
772 1105 828 1140 15).
845 1104 970 1132 Gratula-

175 1161 229 1187 tur,
251 1155 349 1190 inquit,
365 1154 408 1187 iis,
425 1155 469 1190 qni
491 1154 558 1180 bene
572 1161 628 1180 rem
645 1157 755 1188 gerunt;
773 1151 797 1179 id
812 1151 881 1186 quod
906 1151 971 1178 dicit

176 1201 276 1230 Paulus
292 1210 299 1229 :
321 1201 438 1229 Gaudere
449 1209 507 1228 cum
517 1200 686 1236 gaudentibus
697 1220 704 1232 ,
721 1204 744 1227 et
757 1200 819 1234 ﬂere
832 1207 887 1225 cum
903 1199 970 1232 ﬂen-

177 1248 252 1275 tibus.
267 1247 338 1275 Hinc
351 1254 403 1274 non
417 1246 569 1279 tumulatur,
586 1245 648 1272 hinc
659 1253 712 1272 non
724 1245 832 1272 iullatur
851 1253 857 1270 :
874 1244 971 1271 etenim

177 1293 266 1321 aliena
280 1293 350 1320 bona
363 1299 410 1320 sua
426 1299 486 1320 esse
498 1292 643 1319 existimat.
654 1290 747 1318 Viden‘
758 1290 894 1324 quomodo
903 1291 972 1318 cari-

179 1346 229 1368 tas
247 1340 386 1368 alumnum
399 1346 478 1366 suum
493 1339 618 1373 paulatim
645 1337 767 1372 angelum
783 1336 880 1364 faciat?
908 1336 973 1364 Cum

177 1386 251 1414 enim
272 1386 320 1414 ira:
327 1393 424 1420 expers
437 1385 483 1418 sit,
497 1385 531 1412 ab
542 1384 639 1411 invidia
657 1392 749 1419 purus,
762 1389 787 1410 et
804 1383 837 1410 ah
846 1383 918 1410 onmi
935 1388 974 1417 ty-

179 1432 293 1460 rannico
313 1432 379 1459 vitio
392 1432 460 1459 liber
471 1451 480 1464 ,
494 1431 581 1466 cogita
598 1431 670 1457 illum
686 1430 719 1458 ah
741 1430 856 1457 humana
880 1433 974 1455 natura

179 1478 336 1511 abductum,
350 1477 384 1504 ad
398 1478 481 1512 ipsam
503 1477 657 1511 angelorum
674 1475 913 1509 impassibilitatem
927 1482 975 1508 ap-

181 1524 292 1559 pulisse.
318 1525 442 1551 Attamen
458 1531 511 1550 non
536 1523 578 1550 his
600 1527 742 1550 contentus
766 1526 826 1554 est,
851 1521 897 1549 sed
913 1522 975 1556 quid

181 1572 262 1598 etiam
290 1570 332 1598 his
344 1570 431 1604 majus
443 1569 585 1596 dicendum
600 1569 679 1596 habet
693 1577 700 1596 :
717 1576 776 1594 nam
790 1575 850 1602 qua:
867 1567 976 1594 fortiora

181 1620 245 1644 sunt
267 1620 404 1651 postremo
419 1615 505 1648 ponit.
522 1614 690 1649 Quapropter
704 1614 769 1640 dicit
786 1622 792 1639 :
811 1613 902 1639 Omnia
922 1614 977 1648 suf-

182 1660 241 1695 fert.
261 1662 285 1688 A
301 1661 442 1696 patientia,
461 1668 476 1687 a
490 1659 711 1691 mansuetudine;
737 1659 793 1686 sire
808 1658 977 1684 contumeliae

182 1708 247 1741 sint,
259 1707 318 1734 sive
334 1706 428 1742 plagze,
443 1706 499 1733 sive
510 1713 592 1737 mors,
602 1706 659 1732 sive
672 1704 777 1740 quidvis
787 1704 869 1730 aliud.
884 1705 914 1730 Et
929 1703 978 1730 hoc

183 1760 277 1780 rursus
289 1760 322 1780 ex
335 1752 412 1780 beato
420 1751 518 1778 Davide
531 1751 645 1786 perspici
656 1756 754 1785 potest.
766 1749 833 1783 Quid
841 1750 912 1776 enim
926 1757 979 1776 mo-

183 1798 278 1826 lestius
288 1803 340 1829 est.
356 1806 435 1833 quam
451 1797 542 1825 videre
554 1798 637 1824 lilium
653 1797 833 1830 insurgentem
848 1800 874 1822 et
888 1800 978 1831 tyran-

184 1844 273 1873 nidem
279 1844 447 1872 all'ectantem
456 1848 649 1878 paternumque
658 1842 813 1876 sanguinem
826 1841 979 1868 sitientem?

182 1890 237 1919 Sed
251 1890 343 1918 ethoc
355 1890 415 1917 tulit
429 1890 522 1917 beatus
534 1889 594 1920 ille;
608 1896 692 1923 neque
713 1888 749 1914 ita
767 1887 979 1913 sustinuitacer-

184 1936 249 1964 hum
260 1936 372 1963 verbum
382 1935 507 1962 emittere
516 1940 607 1961 contra
623 1932 792 1969 parricidam,
803 1932 848 1959 sed
856 1939 915 1958 cum
929 1931 979 1957 alia

184 1982 275 2010 omnia
284 1981 345 2009 belli
353 1980 466 2008 ducibus
477 1979 652 2007 commisisset
659 2000 666 2011 ,
677 1977 802 2013 proillius
811 1977 896 2004 salute
903 1984 979 2003 man-

185 2028 247 2056 data
257 2027 354 2060 dabat;
369 2027 475 2054 ﬁrmum
489 2027 560 2054 enim
574 2030 631 2054 erat
644 2024 979 2053 caritatisfundamentum.

186 2073 301 2108 Ideoque
317 2073 406 2100 omnia
423 2072 533 2106 suffert;
550 2072 648 2100 ethinc
659 2071 765 2106 quidem
783 2070 841 2104 ejus
855 2069 979 2096 virtutem

186 2119 350 2152 subindicat,
365 2119 512 2146 bonitatem
526 2122 614 2145 autem
632 2126 679 2152 per
692 2125 723 2144 ea
739 2125 797 2152 qum
813 2120 978 2151 sequuntur:

187 2166 307 2197 liantait,
325 2165 419 2193 Omnia
439 2170 534 2200 sperat,
550 2165 636 2191 omnia
654 2163 747 2195 credit,
767 2163 852 2190 onmia
866 2163 979 2188 sustinet.

186 2211 255 2246 Quid
268 2217 320 2243 est.
338 2211 431 2239 Omnia
444 2215 527 2245 sperat
539 2211 551 2237 ?
566 2211 602 2237 De
614 2210 692 2237 bonis
702 2209 923 2244 quibuscumque,
941 2208 981 2235 in-

186 2258 254 2293 quit,
274 2257 365 2285 dilecti
377 2257 418 2284 sui
434 2264 486 2284 non
500 2256 643 2291 desperat;
660 2255 707 2283 sed
722 2255 826 2282 etiamsi
841 2255 883 2282 ille
897 2254 981 2281 malus

187 2304 233 2336 sit,
248 2307 390 2338 permanet
400 2303 473 2331 illum
487 2303 635 2338 corrigens,
649 2301 803 2337 providens,
822 2308 913 2328 curam
934 2308 981 2335 ge-

188 2356 259 2377 rens.
274 2347 367 2376 Omnia
374 2349 462 2376 credit.
475 2348 533 2376 Non
542 2348 626 2375 solum
636 2347 707 2375 enim
717 2352 816 2382 sperat,
827 2346 922 2381 inquit,
934 2345 981 2372 sed

188 2395 269 2423 etiam
282 2394 380 2429 credit,
388 2402 422 2423 ex
430 2402 463 2422 eo
473 2395 543 2429 quod
550 2394 627 2422 valde
634 2397 706 2421 amet
719 2402 725 2420 :
734 2393 837 2421 etiamsi
847 2393 904 2420 lucc
914 2392 982 2419 bona

189 2448 242 2470 non
255 2441 405 2469 secundum
420 2448 495 2475 spem
510 2440 665 2474 succedant,
676 2439 723 2467 sed
729 2439 834 2467 etiamsi
843 2439 887 2466 ille
898 2438 982 2466 mole-

189 2488 255 2516 stior
269 2488 315 2521 sit,
328 2495 360 2516 ea
380 2488 461 2516 etiam
475 2488 536 2516 Iert.
552 2488 645 2515 Ountia
660 2487 734 2515 enim
748 2487 866 2519 sustinet,
885 2487 980 2521 inquit.

188 2533 215 2562 8.
229 2532 331 2562 Caritas
346 2542 484 2569 nantquam
496 2533 599 2561 excidit.
616 2533 740 2561 Vidistin‘
752 2532 859 2568 quando
872 2532 981 2559 coroni-

189 2580 250 2608 dem
266 2580 434 2616 imposuerit,
446 2584 473 2608 et
485 2581 557 2616 quod
572 2580 599 2608 in
613 2580 664 2608 hoc
677 2580 749 2608 dono
760 2580 844 2615 magis
855 2579 981 2607 eximium

189 2627 242 2656 sit!
256 2627 327 2661 Quid
343 2628 416 2655 enim
434 2627 484 2655 sibi
498 2627 566 2661 vult,
580 2627 642 2654 Non
654 2627 767 2655 excidit?
781 2626 838 2654 Non
853 2626 982 2654 discindi-

191 2679 242 2708 tur,
255 2683 310 2702 non
330 2675 488 2703 dissolvitur
497 2675 623 2703 ferendo:
634 2680 706 2702 amat
720 2675 791 2702 enim
804 2674 903 2702 omnia.
916 2673 982 2701 Nam

190 2720 234 2754 qui
248 2725 332 2754 amat,
353 2727 500 2756 numquam
513 2720 602 2749 odisse
615 2722 709 2756 possit,
733 2720 860 2756 quidquid
884 2720 982 2748 factum

191 2765 289 2794 fuerit:
302 2766 356 2794 hoc
370 2767 470 2802 quippe
484 2772 526 2795 est
538 2767 683 2795 maximum
694 2767 777 2802 ipsius
787 2767 896 2795 bonum.
912 2767 984 2794 Talis

190 2817 246 2840 erat
259 2813 383 2841 Paulus:
400 2813 514 2849 ideoque
532 2814 648 2847 dicebat,
664 2814 694 2842 Si
713 2822 762 2848 quo
790 2813 864 2840 modo
890 2821 981 2848 proro-

191 2867 242 2886 um
264 2860 300 2887 ad
312 2859 488 2887 cumulandum
501 2868 601 2888 carnem
616 2869 695 2888 meum
708 2860 798 2896 (lieni.
815 2861 857 2888 11.
876 2861 931 2894 Il),
957 2866 984 2888 ct.

1759 132 1811 158 982

1020 191 1133 218 sperans
1152 186 1260 212 mansit.
1286 186 1320 213 Et
1335 186 1504 215 Timotheum
1520 187 1676 215 hortabatur
1699 189 1790 217 dicens
1804 198 1812 218 :

1019 230 1122 257 Servum
1136 235 1219 257 autem
1239 230 1341 259 Domini
1355 240 1405 259 non
1429 238 1527 267 oportet
1547 241 1670 269 pugnare,
1684 234 1729 261 sed
1740 243 1814 261 man-

1019 280 1117 301 suetum
1131 283 1184 303 esse
1196 276 1230 302 ad
1252 285 1349 309 omnes,
1367 278 1393 305 in
1409 279 1532 306 modestia
1552 279 1706 306 erudientem
1721 287 1762 306 eos
1772 284 1816 314 qui

1019 322 1136 348 resistunt
1158 323 1257 350 veritati
1268 344 1276 356 ,
1297 332 1329 350 an
1345 324 1411 358 [arte
1430 325 1469 352 det
1485 326 1536 352 illis
1556 325 1626 353 Deus
1644 326 1814 361 cognitionem

1020 367 1129 394 ueritatis
1157 367 1194 403 (Ξ.
1207 368 1275 395 Tim.
1288 368 1315 396 2.
1328 369 1442 406 24.25).
1467 371 1535 404 Quid
1558 379 1639 406 ergo,
1662 372 1774 407 inquies,
1792 372 1813 399 si

1020 411 1119 440 inimici
1130 415 1187 442 sint
1201 420 1227 441 et
1240 415 1364 449 gentiles,
1381 423 1470 443 annon
1478 417 1568 444 odisse
1577 417 1709 452 oportuit?
1719 417 1815 445 Odisse

1019 459 1139 494 quidem,
1165 468 1217 488 non
1233 461 1303 494 illos,
1321 462 1366 489 sed
1382 462 1493 498 dogma;
1520 471 1572 491 non
1594 464 1739 498 hominem,
1767 464 1814 492 Sed

1021 504 1118 532 tnalum
1133 513 1212 540 opus,
1227 512 1383 541 corruptum
1397 508 1526 535 animum.
1539 509 1625 536 Homo
1639 518 1754 544 namque
1774 516 1814 537 est

1019 557 1087 584 opus
1102 551 1160 584 Dei,
1177 559 1254 579 error
1267 558 1357 579 autem
1372 560 1440 588 opus
1451 554 1559 581 diaboli.
1570 554 1610 582 Ne
1621 563 1686 590 ergo
1700 557 1814 584 misceas

1020 603 1050 623 ea
1064 605 1124 632 qua:
1136 598 1182 624 Dei
1198 603 1270 631 sunt,
1283 603 1309 626 et
1320 607 1380 634 qua:
1392 599 1502 627 diaboli.
1516 601 1583 628 Nam
1598 601 1682 630 ,ιιιόωί
1698 609 1772 630 erant
1788 608 1815 630 et

1020 642 1169 677 blasphemi
1181 648 1206 671 et
1219 649 1428 680 persequutores
1439 650 1466 673 et
1479 647 1677 681 contumeliosi,
1693 649 1815 676 innotue-

1022 696 1102 724 raque
1116 689 1149 716 de
1161 689 1270 717 Christo
1285 691 1410 719 dicebant
1425 692 1494 719 mala
1512 701 1518 718 :
1534 700 1633 728 ergone
1648 694 1708 721 illos
1723 695 1816 722 oderat

1021 737 1119 764 Paulus
1129 759 1136 771 ,
1151 738 1195 773 qtti
1209 739 1326 766 maxime
1340 740 1460 767 omnium
1475 740 1613 768 Christum
1630 742 1752 769 amabat?
1765 742 1816 770 Ne-

1021 791 1166 818 quaquam,
1184 785 1237 811 imo
1251 790 1278 812 et
1291 785 1407 819 amabat,
1421 791 1448 813 et
1459 787 1549 814 omnia
1564 794 1612 821 pro
1625 787 1690 822 ipsis
1703 787 1814 823 agebat:

1020 835 1046 857 et
1063 837 1132 857 nunc
1147 830 1256 865 quidem
1272 830 1348 864 dicit,
1382 831 1507 859 Voluntas
1520 832 1620 867 quidem
1636 838 1659 859 et
1672 833 1816 866 deprecatio

1021 883 1076 902 mea
1086 876 1120 902 ad
1131 875 1212 903 Deum
1223 877 1250 911 ﬁt
1260 885 1306 911 pro
1320 877 1372 904 illis
1384 878 1418 903 ad
1431 878 1538 905 salutem
1549 878 1687 912 (Rom.l0.
1697 878 1735 913 l);
1746 886 1816 906 nunc

1022 927 1123 954 autem,
1141 921 1268 956 Optabam
1280 923 1418 950 anathema
1433 932 1486 950 esse
1507 932 1523 950 a
1549 923 1651 951 Christo
1677 933 1724 959 pro
1753 925 1814 960 ipsis

1023 968 1110 1003 (liam.
1132 968 1158 995 9.
1175 969 1214 1002 5).
1226 967 1271 996 Sic
1286 974 1312 996 et
1328 969 1454 997 Ezechiel
1478 969 1570 997 ridens
1585 977 1631 997 eos
1644 969 1728 998 occidi
1743 970 1816 997 dice-

1023 1014 1067 1041 bat
1080 1023 1086 1039 :
1103 1013 1153 1041 Hei
1163 1014 1224 1041 nti/ti
1234 1035 1242 1048 ,
1259 1014 1375 1048 Domine,
1389 1015 1458 1042 deles
1469 1020 1496 1041 tu
1509 1023 1550 1042 eos
1563 1016 1605 1050 qui
1618 1021 1675 1043 stitit
1687 1016 1777 1051 reliqui
1787 1025 1819 1043 es:

1023 1059 1106 1086 Israel
1119 1059 1225 1094 (Ezeclt.
1241 1059 1268 1088 9.
1284 1061 1334 1095 8)?
1348 1067 1374 1087 et
1390 1061 1494 1096 Moyses
1508 1068 1513 1085 :
1533 1061 1562 1088 Si
1585 1061 1686 1096 quidem
1710 1062 1818 1088 dimittis

1024 1106 1074 1133 illis
1087 1111 1226 1141 percolunt,
1242 1106 1341 1133 dimitte
1355 1105 1453 1141 (Exod.
1465 1107 1510 1134 5‘2.
1523 1107 1579 1142 5|).
1595 1107 1664 1141 Quid
1679 1115 1743 1142 ergo
1756 1108 1820 1134 dicit

1025 1152 1129 1180 David?
1154 1153 1205 1180 Eos
1212 1153 1255 1187 qui
1273 1152 1380 1180 oderunt
1395 1158 1427 1187 te,
1443 1153 1561 1187 Domine,
1576 1154 1690 1187 oderam,
1711 1159 1734 1181 et
1744 1162 1820 1189 super

1024 1199 1142 1226 inimicos
1164 1205 1220 1227 tuos
1237 1200 1391 1227 tabescebam
1405 1209 1415 1227 .'
1430 1202 1540 1236 perfecto
1555 1201 1615 1228 odio
1636 1201 1739 1228 oderam
1763 1201 1820 1228 illos

1027 1245 1113 1280 (Pral.
1128 1245 1188 1273 I58.
1205 1245 1250 1272 21.
1262 1245 1320 1281 22).
1334 1246 1414 1280 Atqui
1428 1254 1481 1273 non
1497 1247 1597 1280 omnia,
1612 1254 1671 1281 quae
1684 1254 1697 1273 a
1715 1247 1816 1274 Davide

1027 1294 1052 1319 in
1069 1292 1182 1319 Psalmis
1193 1292 1262 1319 dicta
1274 1296 1346 1323 sunt,
1359 1301 1391 1319 ex
1406 1300 1519 1327 persona
1536 1293 1643 1320 Davidis
1652 1297 1713 1320 sunt
1725 1293 1795 1320 dicta
1810 1303 1816 1320 :

1026 1339 1124 1366 etenim
1139 1339 1182 1365 hic
1197 1340 1253 1373 ipse
1269 1339 1342 1371 dicit,
1357 1339 1561 1367 Tabernaculum
1576 1340 1621 1374 ﬁxi
1634 1348 1691 1366 cum
1704 1340 1820 1367 taberna-

1026 1387 1090 1414 culis
1103 1386 1200 1416 Cedar;
1219 1391 1255 1419 et,
1273 1386 1359 1421 Super
1368 1387 1475 1421 timuiita
1487 1386 1627 1421 Babylonis
1639 1386 1693 1413 illic
1708 1386 1819 1413 sedimus

1028 1438 1050 1460 et
1065 1433 1179 1468 ﬂeuimus
1189 1432 1276 1468 (Psal.
1293 1432 1357 1460 119.
1373 1433 1399 1459 5.
1411 1437 1435 1459 et
1448 1433 1511 1460 156.
1523 1433 1565 1467 1);
1579 1440 1665 1467 neque
1679 1440 1742 1459 vero
1757 1431 1823 1458 vidit

1028 1479 1212 1515 Babylonem,
1243 1486 1330 1512 neque
1356 1478 1527 1506 tabernacula
1557 1478 1644 1505 Cedar
1670 1487 1677 1504 :
1705 1477 1822 1513 alioquin

1028 1526 1107 1553 etiam
1119 1532 1190 1552 nunc
1198 1524 1284 1559 major
1295 1532 1308 1551 a
1321 1524 1397 1551 nobis
1411 1524 1526 1559 exigitur
1538 1523 1822 1559 philosopltia.Quant—

1029 1572 1133 1603 obrem,
1161 1570 1317 1606 rogantibus
1332 1570 1471 1606 discipulis
1484 1575 1512 1597 ut
1529 1569 1715 1597 demitteretur
1737 1569 1821 1604 ignis,

1029 1623 1058 1645 ut
1070 1622 1189 1652 tempore
1203 1617 1278 1649 Elim,
1291 1616 1413 1650 Nescitis,
1425 1616 1511 1652 inquit
1534 1615 1665 1645 Christus.
1678 1616 1749 1645 cuius
1766 1615 1822 1649 spi-

1029 1665 1092 1691 ritus
1107 1664 1164 1690 cstis
1178 1662 1251 1698 (Luc.
1266 1662 1293 1690 9.
1309 1663 1366 1698 55).

1069 1711 1096 1738 5.
1115 1709 1192 1738 Tunc
1205 1711 1278 1738 enim
1299 1717 1352 1737 non
1376 1710 1541 1745 impietatem
1563 1709 1658 1742 modo,
1673 1709 1720 1737 sed
1732 1709 1821 1737 'etiam

1036 1757 1132 1792 impios
1146 1757 1220 1792 ipsos
1235 1756 1327 1784 odisse
1340 1756 1516 1791 jubebantur,
1530 1764 1563 1783 ne
1575 1756 1695 1783 amicitia
1709 1756 1820 1783 occasio

1036 1803 1102 1838 ipsis
1114 1808 1191 1830 esset
1213 1803 1378 1837 iniquitatis;
1399 1802 1514 1837 ideoque
1531 1803 1709 1837 cognationes
1730 1802 1821 1830 absci-

1035 1850 1076 1878 dit
1101 1855 1127 1878 et
1152 1850 1369 1882 commixtiones,
1390 1854 1417 1877 et
1440 1849 1559 1884 undique
1584 1849 1646 1876 illos
1669 1849 1819 1876 muniebat.

1036 1894 1113 1923 Nunc
1129 1898 1234 1927 autem,
1250 1894 1313 1930 quia
1331 1894 1363 1921 ad
1384 1894 1514 1929 majorem
1535 1902 1586 1922 nos
1606 1895 1682 1921 duxit
1702 1894 1822 1929 philoso-

1032 1941 1119 1975 phiam
1130 1945 1157 1968 et
1171 1940 1332 1968 excelsiores
1347 1940 1445 1976 posuit,
1453 1947 1532 1975 quam
1541 1937 1744 1966 utdamnohinc
1754 1937 1824 1965 attici

1033 1993 1181 2020 possemus,
1192 1990 1220 2013 et
1233 1986 1375 2013 admittere
1385 1993 1432 2013 eos
1443 1990 1469 2012 et
1481 1985 1614 2012 consolari
1629 1984 1714 2019 jubet.
1730 1983 1824 2018 Neque

1032 2033 1102 2060 enim
1115 2031 1192 2059 nobis
1206 2031 1240 2058 ab
1255 2032 1307 2058 illis
1327 2032 1466 2065 damnum,
1481 2031 1527 2058 sed
1543 2031 1596 2058 illis
1606 2038 1621 2057 a
1633 2030 1710 2057 nobis
1724 2029 1825 2057 utilitas

1032 2077 1164 2113 provenit.
1175 2077 1244 2111 Quid
1253 2077 1405 2112 ergodicit?
1415 2076 1472 2104 Non
1484 2081 1590 2111 oportet
1603 2076 1702 2107 odisse.
1715 2075 1761 2103 sed
1774 2076 1826 2102 mi—

1033 2123 1129 2152 sereri.
1140 2123 1167 2151 Si
1181 2123 1251 2151 enim
1262 2123 1362 2155 oderis,
1373 2123 1509 2158 quomodo
1524 2127 1660 2150 errantem
1672 2121 1748 2149 facile
1762 2130 1826 2147 rou-

1033 2170 1139 2197 vertes?
1153 2169 1288 2205 quomodo
1296 2169 1387 2196 orabis
1399 2177 1447 2204 pro
1459 2168 1577 2196 inﬁdeli?
1592 2168 1656 2195 Nam
1668 2167 1738 2202 quod
1750 2174 1827 2193 orare

1032 2220 1165 2251 oporteat,
1179 2215 1239 2243 audi
1254 2216 1317 2250 quid
1333 2215 1404 2242 dicat
1417 2215 1515 2243 Paulus
1531 2224 1538 2242 :
1554 2215 1663 2241 Obsecro
1683 2214 1761 2249 igitur
1773 2213 1826 2247 pri-

1032 2270 1101 2289 mum
1114 2262 1227 2288 omnium
1241 2261 1297 2296 fieri
1307 2261 1502 2292 obsecrationes,
1523 2261 1660 2291 orationi-3,
1677 2258 1824 2294 postulatio-

1033 2317 1087 2341 nes,
1101 2308 1241 2344 gratiarum
1252 2308 1363 2334 actiones
1371 2316 1417 2341 pro
1428 2307 1544 2334 omnibus
1555 2305 1730 2341 Itominibus(l
1739 2326 1745 2332 .
1759 2303 1825 2332 Tim.

1032 2354 1060 2382 2.
1077 2355 1102 2382 1.
1113 2355 1152 2389 2).
1164 2353 1241 2388 Quod
1254 2357 1344 2381 autem
1357 2358 1419 2380 tunc
1435 2360 1487 2380 non
1503 2360 1597 2380 omnes
1609 2351 1701 2379 ﬁdeles
1726 2355 1826 2382 essent,

1034 2402 1119 2429 cuivis
1133 2400 1302 2428 manifestum
1322 2405 1373 2427 est.
1388 2401 1421 2427 lit
1437 2407 1552 2431 rursum,
1566 2399 1619 2426 Pro
1632 2399 1742 2434 regibus,
1760 2402 1783 2424 et
1797 2398 1829 2424 iis

1034 2448 1077 2483 qui
1099 2448 1126 2474 in
1150 2447 1274 2482 dignitate
1292 2447 1420 2474 constituti
1435 2452 1505 2474 sunt.
1521 2447 1597 2480 Quod
1617 2453 1696 2481 porro
1712 2445 1738 2472 hi
1754 2446 1828 2480 impii

1034 2498 1126 2522 essent
1146 2497 1174 2521 et
1197 2493 1290 2528 iniqui,
1318 2492 1369 2519 hoc
1383 2492 1445 2519 item
1461 2499 1630 2527 perspicuum
1656 2496 1707 2518 est.
1726 2490 1827 2518 Deinde

1035 2546 1143 2567 causam
1157 2546 1264 2574 quoque
1275 2538 1404 2565 orationis
1414 2538 1517 2570 dicens,
1528 2537 1682 2572 subjungit:
1697 2537 1753 2564 Iloc
1763 2537 1828 2563 enim

1036 2587 1128 2614 bonum
1148 2590 1186 2613 est
1208 2590 1230 2612 et
1245 2590 1378 2619 acceptant
1396 2585 1422 2611 in
1444 2591 1579 2619 conspectu
1594 2584 1736 2611 Saluatoris
1750 2585 1830 2611 nostri

1034 2632 1094 2666 Dei,
1109 2632 1154 2667 qui
1167 2639 1254 2659 omnes
1274 2631 1387 2658 homines
1399 2631 1453 2658 uult
1465 2631 1547 2658 salvos
1557 2631 1621 2665 ﬁeri.
1637 2635 1661 2657 et
1674 2631 1708 2656 ad
1721 2630 1830 2665 agnitio-

1036 2688 1093 2706 nem
1107 2679 1219 2707 ueritatis
1233 2679 1318 2706 venire
1332 2677 1415 2712 (Ibid.
1431 2686 1454 2706 υ.
1469 2678 1496 2705 5.
1520 2676 1558 2714 4).
1582 2677 1645 2705 Ideo
1663 2677 1686 2704 si
1701 2677 1825 2711 gentilom

1036 2725 1175 2752 mulieretn
1190 2723 1322 2752 invenerit
1332 2731 1392 2751 cum
1405 2723 1475 2751 ﬁdeli
1489 2723 1662 2755 habitantem,
1677 2731 1728 2749 non
1749 2721 1825 2747 soliit

1036 2769 1208 2805 conjugium:
1223 2777 1382 2804 quamquam
1393 2768 1458 2804 quid
1473 2773 1514 2797 est
1529 2768 1633 2795 mulieri
1645 2768 1701 2795 viro
1715 2766 1826 2800 conjun-

1036 2816 1123 2844 ctius?
1139 2814 1221 2842 Erunt
1243 2815 1314 2842 enim
1343 2815 1393 2841 duo
1417 2815 1443 2841 in
1465 2822 1541 2841 carne
1565 2813 1705 2847 una(Gcn.
1718 2809 1825 2841 2.24):

1037 2869 1184 2896 magnaque
1208 2866 1248 2889 est
1262 2861 1315 2888 illic
1330 2861 1478 2888 animorum
1497 2859 1652 2894 coniunctio
1677 2862 1704 2887 et
1721 2857 1827 2885 fervens
