2034 3109
221 149 275 178 983

221 216 306 236 amor.
319 207 347 235 Si
361 211 449 234 autem
460 206 556 241 impios
564 211 588 232 et
605 204 710 239 iniqttos
718 203 780 230 odio
791 202 904 229 ltabitnri
918 201 1012 232 sinttts,

222 256 291 283 ultra
305 254 440 290 progressi
456 254 537 281 etiant
560 256 715 286 peccatores
729 249 791 277 odio
805 248 971 279 habebimus,
988 252 1015 274 et

221 302 261 329 sic
276 302 387 328 ulterius
402 299 560 335 procedens,
575 305 589 324 a
603 296 694 324 mttltis
703 295 830 323 fratribus
843 294 1012 325 discinderis,

222 349 275 375 into
290 348 324 375 ab
334 347 458 374 omnibus
476 355 482 373 :
496 352 574 372 nemo
590 344 674 375 enim,
696 350 776 370 nemo
788 346 862 370 certe
877 342 935 369 sine
951 348 1014 376 pec-

221 400 280 422 cato
294 398 344 422 est.
362 393 427 421 Nam
446 392 468 420 si
484 394 607 427 oporteat
632 390 678 417 Dei
696 389 818 416 inimicos
833 388 920 416 odisse
933 408 939 420 ,
960 396 1012 414 ttou

220 441 306 468 solum
317 439 423 473 impios,
439 437 486 465 sed
499 437 579 464 etiam
592 440 746 471 peccatores
754 434 816 462 odio
827 434 926 461 habere
936 441 1014 468 opor-

220 490 256 512 tet
274 494 280 511 :
296 489 322 512 et
334 485 373 511 sic
382 483 482 511 erimus
497 483 558 510 feris
569 482 728 514 deteriores,
743 488 837 508 omnes
847 485 1012 513 aversantes,

220 530 371 565 arrogantia
387 530 480 561 inﬂati,
494 529 617 556 sicutille
628 528 789 555 Pharisaeus.
805 527 839 554 At
851 534 903 554 non
913 526 947 553 ita
956 526 1014 560 jus-

219 577 253 604 sit
269 576 376 608 Paulus,
392 575 438 603 sed
456 575 612 610 qttomodo?
634 573 736 600 Mouete
749 573 937 607 incompositos,
953 579 1013 598 con-

218 621 337 649 sulamini
349 622 535 656 pusillanimes,
549 621 668 654 suscipite
676 619 801 654 inﬁrmos,
814 619 935 653 patientes
948 622 1014 644 esto-

217 674 242 695 te
253 668 287 695 ad
301 676 386 694 omnes
400 667 438 703 (1.
453 667 544 694 Thess.
556 667 582 694 5.
596 665 726 701 f4).Quid
741 673 814 700 ergo,
829 665 941 699 inquies,
952 671 1012 690 cum

217 713 294 741 dicit:
311 713 341 740 Si
367 713 422 746 quis
435 721 484 739 non
498 713 579 739 obedit
599 712 672 738 verba
694 715 779 737 nostra
802 718 846 745 per
861 709 1011 743 epistolam,

219 760 286 786 hunc
300 764 393 790 notate,
410 763 434 785 et
446 767 496 786 non
507 758 720 785 commisceamini
738 765 795 783 cum
809 757 853 783 illo
869 756 906 792 (‘2.
923 755 1011 782 Thess.

218 807 245 833 5.
263 805 327 838 N)?
342 805 408 833 Vere
420 805 526 840 qttidem
541 805 592 832 hoc
605 805 638 831 de
658 804 784 831 fratribus
797 803 897 830 dictum
913 807 969 835 est;
986 809 1013 829 at

219 859 271 879 n0u
285 852 419 881 absolute.
435 851 481 878 sed
496 859 557 878 cutn
570 849 787 877 mansuetudine.
802 848 840 876 Ne
856 848 926 875 enim
941 855 1013 875 rese—

218 905 264 925 ces
276 905 306 924 ea
321 905 380 932 qua:
392 901 551 932 sequuntur,
565 895 613 923 sed
630 900 658 922 et
669 903 698 922 ea
711 902 771 930 qua:
786 899 846 922 sunt
859 899 948 929 postea
963 893 1012 920 ad-

218 944 305 977 jicias.
317 943 382 970 Nam
394 950 455 970 cum
471 942 592 974 dixisset,
610 941 652 968 Ne
666 941 887 973 coutinisceamiui,
899 940 1012 974 subjun-

217 990 256 1016 xit
270 997 277 1016 :
294 989 327 1015 Et
338 989 416 1016 uolite
429 989 502 1024 quasi
512 989 641 1016 inimicum
655 988 808 1020 existimare,
826 987 869 1014 sed
881 987 1013 1014 admonete

217 1039 242 1061 ut
256 1036 360 1070 fratrem
376 1034 458 1068 (Ibid.
476 1043 490 1062 υ
528 1034 582 1070 ib).

254 1080 324 1116 Opus
338 1080 433 1107 diaboli
450 1086 486 1107 est
502 1080 609 1106 alterum
623 1080 653 1106 ab
667 1081 747 1106 altera
762 1078 890 1106 divellere.
907 1079 1011 1106 Caritas

217 1127 302 1153 omnia
312 1131 427 1161 ruperat.
440 1140 473 1145 —
490 1125 581 1153 Viden‘
598 1125 734 1160 quotttodo
745 1124 846 1152 malum
860 1124 1012 1159 opusjubet

218 1173 319 1206 odisse,
332 1181 386 1200 tton
402 1172 537 1200 hominem
550 1173 561 1199 ?
576 1172 642 1199 Nam
657 1179 725 1205 opus
740 1171 838 1199 diaboli
852 1176 893 1199 est
906 1179 955 1198 nos
969 1171 1011 1198 al-

220 1225 306 1248 terum
320 1221 355 1248 ab
367 1220 453 1247 altero
464 1219 592 1247 divellere
609 1228 615 1246 :
630 1223 658 1246 et
674 1218 752 1246 valde
762 1218 873 1246 curabat
887 1218 931 1245 ille
944 1219 1012 1246 cari-

219 1271 300 1292 tatem
313 1265 348 1293 de
362 1265 451 1293 medio
463 1265 568 1298 tollere,
584 1268 613 1291 ut
625 1264 802 1291 correctionis
815 1264 884 1291 viant
896 1268 1010 1296 secaret,

218 1312 405 1347 detineretque
417 1312 491 1339 illum
507 1311 614 1346 quidem
629 1311 655 1338 in
670 1318 773 1343 errore,
786 1314 811 1338 te
825 1315 913 1338 autem
925 1310 950 1337 in
962 1310 1012 1337 ini-

219 1359 330 1392 tuicitia,
342 1359 492 1394 deindeque
503 1362 609 1386 arceret
623 1365 683 1385 eunt
695 1365 710 1384 a
727 1357 767 1383 via
783 1357 886 1384 salutis.
901 1356 1012 1390 Quando

218 1405 290 1431 enim
302 1404 423 1432 medicus
435 1404 492 1431 odit
506 1408 635 1438 :rgroltutt
648 1407 675 1430 et
687 1402 721 1429 ab
733 1402 779 1429 illo
791 1402 866 1437 fugit,
883 1408 910 1430 et
924 1410 1011 1437 aegro-

219 1456 260 1476 tus
271 1449 403 1477 medicum
418 1454 568 1479 aversatur.
583 1449 753 1483 quantlouatn
773 1447 817 1475 ltic
832 1448 1011 1480 convalescet,

219 1504 280 1523 cum
296 1503 383 1530 neque
397 1495 440 1523 bic
454 1495 528 1522 illttm
538 1495 660 1528 advocet,
672 1502 759 1529 neque
775 1493 914 1530 illeipsum
924 1493 1013 1522 adeat?

217 1542 272 1569 Cur
291 1549 367 1576 ergo,
394 1548 497 1576 quaeso,
522 1541 656 1568 aversaris
669 1545 695 1567 et
709 1539 778 1574 fugis
791 1539 885 1567 illum?
903 1548 936 1567 an
952 1540 1012 1574 quia

220 1592 262 1616 cst
275 1587 393 1622 impius?
404 1588 439 1614 At
450 1587 510 1614 ideo
524 1591 630 1622 oportet
647 1587 720 1613 illum
735 1587 810 1614 adire
825 1591 852 1613 et
865 1594 970 1618 curare,
986 1592 1014 1612 ιιι

218 1638 348 1669 :egrotum
361 1632 394 1660 ad
405 1632 585 1660 valetudinem
602 1639 724 1659 revoces.
738 1631 814 1665 Quod
837 1632 860 1660 si
875 1631 1012 1659 incurabili

223 1679 317 1706 morbo
330 1679 442 1711 laborat,
464 1678 510 1705 sed
527 1683 554 1705 tu
575 1677 667 1712 jussus
684 1684 714 1704 cs
735 1677 806 1711 quod
831 1678 856 1704 in
882 1682 908 1704 te
922 1677 1013 1704 estfa-

221 1732 282 1752 eere
304 1732 310 1750 :
335 1732 395 1751 nam
417 1729 444 1752 ct
471 1724 553 1752 Jttdas
582 1724 722 1751 incurabili
749 1723 843 1750 morbo
865 1723 1011 1756 laborabat,

223 1778 271 1798 nec
288 1774 376 1797 tamen
402 1769 505 1798 destitit
527 1770 595 1797 Deus
625 1769 697 1796 illum
726 1777 831 1796 curare.
859 1769 898 1796 Ne
925 1770 1014 1804 itaque

221 1821 249 1842 tu
279 1822 385 1850 quoque
411 1815 574 1850 defatigeris.
599 1815 664 1842 Nam
691 1815 919 1850 ctiamsi,magno
936 1815 1013 1843 adhi-

220 1862 276 1889 bito
300 1861 398 1894 studio,
426 1862 512 1897 ipsunt
533 1861 567 1888 ab
588 1862 724 1896 impietate
744 1869 796 1888 non
815 1862 924 1894 liberes,
942 1869 973 1889 ac
989 1862 1011 1889 si

220 1909 363 1936 liberasses
389 1908 542 1936 mercedem
565 1908 703 1943 accipies,
727 1913 755 1936 et
778 1908 879 1936 efﬁcies
901 1912 932 1934 ut
958 1909 1015 1943 ipse

222 1954 452 1982 mansuetudinem
479 1959 551 1981 tuaut
575 1954 742 1987 admiretur;
767 1955 858 1989 sicqttc
872 1955 905 1982 ad
930 1955 1013 1982 Deum

221 2004 275 2026 tota
289 1999 346 2026 inec
360 1999 444 2034 gloria
461 1993 723 2027 trattsibithtiamsi
737 2000 808 2027 enitn
822 2000 951 2028 miracula
968 2009 1014 2035 pa-

220 2051 286 2080 tres,
312 2046 415 2074 etiamsi
438 2046 544 2082 quidvis
564 2046 635 2089 aliud
660 2046 753 2080 facias,
779 2055 922 2081 numquam
938 2052 963 2075 te
979 2047 1014 2074 ita

219 2093 425 2121 admirabuntur
448 2093 574 2128 gentiles,
596 2097 625 2120 ut
649 2100 709 2120 eum
727 2098 751 2120 te
767 2093 884 2121 viderint
910 2095 1013 2126 utilem,

220 2143 400 2171 mansuetum,
424 2146 573 2174 suavesque
594 2146 684 2165 mores
704 2139 886 2166 exhibentem.
904 2139 960 2166 Non
974 2145 1016 2167 est

221 2189 309 2212 autem
331 2185 381 2211 hoc
396 2184 530 2211 modicum
553 2183 658 2211 virtutis
673 2192 741 2218 opus
756 2193 762 2210 :
781 2184 855 2211 multi
870 2185 940 2211 cuitu
958 2191 1015 2212 tau—

221 2232 282 2258 «ἰείη
298 2239 311 2256 a
328 2230 399 2257 tualo
415 2230 610 2258 liberabuntur.
627 2229 776 2258 Nihilenim
793 2231 826 2257 ita
840 2236 1015 2266 potestattra-

224 2276 299 2308 here,
313 2281 342 2302 ut
355 2276 464 2303 caritas.
481 2275 546 2302 Nam
562 2281 671 2310 propter
685 2277 730 2304 illa
741 2277 848 2312 quidem
866 2282 891 2304 te
907 2278 1015 2304 :emula~

223 2323 334 2355 buntur,
350 2326 458 2356 propter
473 2322 547 2357 signa
561 2322 620 2350 dico
635 2328 662 2349 et
676 2323 803 2350 miracttla
816 2331 824 2355 ;
841 2329 950 2358 propter
964 2324 1016 2351 hoc

222 2373 312 2395 autem
325 2371 353 2394 et
363 2367 566 2395 admirabuntur
579 2372 606 2395 et
619 2368 748 2395 amabunt
763 2377 769 2395 :
790 2373 816 2396 te
826 2373 914 2396 autetn
924 2377 1016 2396 antan-

223 2420 276 2446 tes,
292 2415 432 2441 veritatem
456 2414 525 2441 ultra
540 2415 674 2450 progressi
687 2415 892 2450 amplectentur.
910 2416 939 2443 Si
953 2424 1016 2444 vero

222 2467 277 2486 non
291 2459 380 2486 statim
395 2460 440 2486 ﬁat
454 2459 552 2493 ﬁdelis,
564 2468 598 2488 ne
614 2461 730 2493 mireris,
748 2469 834 2496 neque
848 2469 953 2497 urgeas,
970 2470 1016 2490 ne-

223 2513 275 2540 que
298 2505 388 2532 omnia
411 2505 492 2532 simul
515 2513 635 2541 quaeras;
661 2506 708 2534 sed
731 2507 790 2534 sine
813 2507 886 2534 illum
910 2507 1015 2535 interim

223 2550 344 2583 laudare,
361 2558 462 2583 amare,
478 2556 504 2578 et
518 2552 557 2579 sic
573 2551 687 2578 ulterius
703 2551 851 2586 procedens
865 2553 965 2580 veniet.
984 2553 1016 2580 Et

223 2603 253 2624 ut
267 2597 339 2624 clare
353 2597 440 2624 discas
449 2601 577 2632 quantum
594 2597 644 2625 hoc
657 2598 702 2629 sit,
715 2597 775 2624 audi
787 2599 920 2632 quomodo
935 2599 1014 2627 etiant

225 2642 323 2669 i’aulus
344 2642 480 2670 inﬁdelem
502 2642 619 2677 judicetn
645 2643 737 2670 adiens
751 2651 811 2670 sese
824 2649 935 2678 purget:
952 2653 1012 2671 nam

223 2689 272 2721 ait,
284 2687 389 2714 Beatum
404 2696 443 2715 me
454 2688 582 2719 existimo,
606 2696 662 2714 cum
676 2688 746 2722 apud
760 2693 783 2715 te
796 2689 843 2715 sint
857 2698 895 2716 me
908 2690 1014 2725 iujudi-

223 2735 263 2760 cio
275 2734 425 2769 defensurus
439 2734 512 2767 (Act.
526 2733 571 2760 26.
588 2733 634 2769 2).
651 2733 712 2760 Hatc
727 2739 815 2762 autem
831 2735 946 2769 dicebat,
962 2745 1013 2763 non

223 2784 364 2806 assentaus
376 2779 411 2811 ei,
421 2779 500 2811 absit,
513 2778 560 2805 sed
575 2783 602 2804 ut
613 2786 672 2805 eum
685 2780 887 2808 mansuetudine
899 2781 1015 2808 lucrare-

223 2830 276 2852 tur.
294 2825 327 2852 Et
347 2834 379 2852 ex
402 2830 477 2859 parte
491 2825 609 2852 lucratus
626 2830 677 2857 εει,
699 2825 854 2860 etjttdicem
871 2827 952 2861 cepit,
969 2828 1012 2860 qui

223 2869 352 2898 ba2tetttts
373 2872 477 2898 crimini
504 2871 635 2899 obnoxius
660 2872 810 2907 putabatur,
829 2877 855 2900 et
872 2873 1008 2901 victoriam

605 146 634 174 S.
654 145 792 174 JOANNIS
811 142 1045 172 CllliYSOSTOMl
1063 141 1221 170 ARCIIIEP.
1242 142 1508 171 CONSTANTINOP.

1813 145 1865 173 ρει

1069 200 1128 234 ejus
1153 200 1174 226 is
1198 200 1255 235 ipse
1269 201 1313 236 qui
1328 207 1420 234 captus
1433 206 1473 228 est
1483 201 1623 236 splendida
1637 209 1703 229 voce
1719 205 1862 237 pra‘scuti-

1068 247 1118 274 bus
1137 248 1262 274 omnibus
1277 248 1454 275 conﬁtebatur
1476 249 1566 276 dicens
1584 257 1590 275 :
1609 248 1704 275 Parum
1717 250 1788 276 abest
1802 251 1862 285 quin

1067 293 1128 320 mihi
1143 294 1295 328 persuadeas
1311 299 1338 320 ut
1351 295 1412 328 ﬁam
1425 294 1584 322 Christianus
1599 295 1666 331 (Act.
1680 295 1726 323 ‘26.
1740 296 1776 324 9.8
1787 297 1806 331 ).

1103 340 1128 367 6.
1139 340 1206 374 Quid
1216 347 1279 375 ergo
1290 340 1404 368 Paulus?
1417 341 1498 375 Magis
1506 342 1632 376 expandit
1641 349 1767 377 sagenam
1775 347 1802 370 et
1810 343 1862 371 ait:

1069 385 1189 420 Optarem
1204 395 1260 421 ego,
1277 395 1326 413 non
1336 387 1417 414 solum
1429 393 1461 418 te,
1475 387 1519 414 sed
1530 388 1603 414 etimit
1613 397 1698 416 onum
1707 389 1750 424 qui
1758 389 1860 422 adsunt,

1067 432 1115 458 Itac
1132 440 1186 459 esse
1203 432 1271 466 quod
1290 441 1335 468 ego
1360 441 1425 462 sunt.
1447 436 1556 468 (ereptis
1580 434 1619 461 his
1645 434 1752 462 vinculis
1767 433 1820 470 (Ib.
1837 443 1860 461 υ.

1065 477 1123 512 29).
1139 478 1206 511 Quid
1227 479 1294 506 dicis
1304 499 1313 512 ,
1327 486 1344 506 ο
1359 479 1449 511 Paule,
1464 478 1583 514 Exceptis
1598 480 1722 507 vinculis?
1740 485 1768 508 et
1788 488 1861 515 qua:-

1067 532 1127 550 uam
1146 524 1191 551 tibi
1208 524 1242 551 de
1257 530 1356 551 cancro
1369 524 1474 556 fiducia,
1490 525 1511 551 si
1528 532 1620 552 eorum
1636 530 1661 552 te
1678 525 1775 560 pudeat
1789 531 1816 553 ct
1830 533 1860 553 ea

1066 570 1160 604 fugias,
1175 575 1202 596 et
1218 570 1268 597 hoc
1289 575 1362 597 tanto
1375 575 1508 605 prtrsettte
1526 571 1641 606 populo?
1661 579 1750 598 annon
1765 572 1790 598 in
1806 571 1862 606 cpi-

1066 616 1143 643 stolis
1159 617 1211 643 tuis
1228 617 1277 643 hac
1297 617 1330 644 de
1349 625 1378 644 re
1398 617 1495 652 ubique
1508 618 1641 651 gloriaris,
1657 621 1685 645 et
1701 623 1727 645 te
1742 618 1859 646 vinctum

1065 662 1196 696 appellas,
1213 663 1334 697 hancque
1342 667 1465 689 catenam
1480 662 1578 697 ubiqtte
1592 663 1668 690 nobis
1681 664 1756 698 quasi
1771 663 1860 690 diade-

1067 715 1108 734 ma
1122 708 1299 736 circumfers?
1312 709 1374 744 quid
1391 716 1456 744 ergo
1467 717 1538 737 nunc
1553 710 1651 736 factum
1662 714 1712 742 est,
1730 715 1757 736 ut
1769 710 1860 737 vincu-

1066 753 1090 780 la
1105 753 1278 788 depreceris?
1291 754 1348 782 Non
1366 755 1422 790 ipse
1437 755 1576 790 deprecor,
1599 755 1693 790 inquit,
1714 763 1802 791 neque
1817 764 1859 783 me

1067 799 1157 833 pudet,
1171 800 1218 827 sed
1236 801 1342 828 illorum
1353 800 1500 828 inﬁrtttitati
1512 809 1555 828 tne
1563 805 1712 836 atlempero
1723 811 1730 834 ;
1741 802 1858 830 nondum

1065 846 1135 872 cnint
1161 852 1271 880 possuttt
1295 848 1432 881 suscipere
1455 855 1540 876 meam
1563 848 1760 883 gloriationcm.
1775 849 1858 877 Didici

1064 896 1154 919 autem
1169 900 1184 919 a
1199 892 1312 920 Domino
1327 901 1397 926 meo,
1413 901 1465 920 non
1478 893 1671 922 immittendant
1683 903 1743 922 esse
1756 900 1857 930 partem

1065 937 1145 972 panni
1159 938 1234 965 rudis
1248 938 1274 965 itt
1288 946 1405 974 pannum
1417 945 1534 967 vetcrettt
1545 941 1554 975 (
1567 939 1660 968 Matth.
1675 941 1702 968 9.
1719 941 1764 976 16)
1779 941 1859 970 :ideo

1065 984 1103 1010 sic
1119 983 1244 1019 loquutus
1257 992 1328 1012 sum.
1349 985 1415 1012 Nam
1431 987 1502 1014 male
1514 987 1584 1021 apud
1601 987 1660 1014 illos
1674 988 1749 1014 audit
1763 989 1857 1024 dogma

1064 1035 1198 1062 nostrum,
1223 1035 1251 1058 et
1273 1039 1340 1058 crux
1365 1031 1418 1059 illis
1442 1032 1528 1059 invisa
1552 1037 1603 1060 est.
1618 1033 1646 1061 Si
1667 1041 1731 1069 ergo
1753 1035 1858 1062 vincula

1063 1083 1170 1111 qttoque
1183 1076 1317 1111 adjiciam,
1333 1078 1420 1111 majus
1434 1078 1524 1105 odium
1540 1079 1600 1106 erit.
1616 1078 1678 1106 Ideo
1692 1080 1748 1106 lucc
1762 1085 1855 1107 sustu-

1065 1121 1095 1154 li,
1118 1126 1146 1149 ut
1162 1122 1227 1149 illud
1250 1128 1321 1150 esset
1342 1129 1493 1158 acceptum.
1508 1123 1614 1151 Etenim
1629 1126 1855 1153 contumeliosum

1065 1168 1118 1196 illis
1135 1168 1241 1196 videtur
1262 1176 1322 1196 esse
1335 1170 1449 1197 vinculis
1462 1171 1619 1205 constringi,
1637 1171 1698 1205 quia
1711 1179 1781 1204 eaut,
1798 1179 1858 1206 qua:

1063 1215 1133 1250 apud
1148 1223 1196 1242 nos
1220 1220 1271 1248 est,
1285 1216 1397 1251 gloriam
1410 1216 1528 1246 nondum
1544 1216 1730 1252 degustarunt.
1746 1217 1858 1252 Oportet

1065 1262 1147 1296 igitur
1162 1269 1222 1289 sese
1236 1266 1425 1297 attentperare.
1439 1262 1505 1290 Nam
1516 1271 1576 1290 cutn
1588 1263 1726 1290 didicerint
1741 1263 1858 1297 philoso-

1066 1307 1152 1340 phari,
1168 1311 1231 1334 tunc
1245 1307 1330 1334 scient
1345 1308 1424 1335 etiam
1446 1308 1526 1343 hujus
1547 1308 1609 1336 ferri
1630 1308 1857 1344 pulchritudinem

1064 1357 1092 1380 et
1104 1353 1273 1387 splendorem
1289 1355 1333 1389 qui
1349 1362 1381 1382 ex
1393 1355 1505 1382 vinculis
1521 1356 1616 1382 oritur.
1630 1355 1697 1382 Cum
1710 1355 1772 1382 aliis
1784 1363 1859 1382 natu-

1064 1407 1116 1433 qtte
1131 1399 1278 1433 disserens,
1302 1400 1370 1428 ltanc
1386 1408 1442 1427 retu
1464 1401 1577 1436 gratiam
1592 1406 1670 1428 vocat
1683 1401 1788 1434 dicens,
1804 1400 1859 1428 Da-

1065 1450 1117 1470 tum
1133 1450 1169 1472 est
1190 1445 1260 1473 nobis
1280 1454 1295 1472 a
1313 1445 1365 1473 Deo
1379 1455 1430 1473 non
1441 1446 1516 1473 modo
1530 1451 1556 1473 ut
1568 1447 1595 1473 iu
1614 1447 1698 1481 ipsum
1714 1447 1856 1479 credamus,

1065 1492 1108 1517 sed
1123 1491 1198 1518 etiam
1213 1496 1239 1518 ut
1252 1500 1298 1527 pro
1310 1493 1355 1519 illo
1366 1493 1494 1527 patiamur
1508 1493 1517 1526 (
1525 1491 1642 1528 Philipp.
1658 1493 1683 1520 1.
1699 1492 1734 1520 29
1748 1493 1757 1528 )
1773 1502 1779 1520 :
1797 1498 1859 1520 tunc

1065 1542 1155 1564 autent
1170 1537 1220 1564 hoc
1237 1545 1318 1564 unum
1339 1538 1485 1572 optandqu
1502 1542 1569 1570 erat,
1586 1543 1614 1566 ιιι
1627 1546 1733 1566 crucem
1749 1540 1860 1567 audien-

1067 1587 1106 1609 tes
1127 1590 1179 1610 non
1200 1583 1301 1617 pudore
1322 1583 1504 1612 afﬁcerentur.
1533 1584 1677 1619 Pmptcrea
1699 1585 1767 1612 ttltra
1795 1593 1858 1620 pro-

1065 1629 1195 1663 greditur.
1215 1629 1274 1656 Non
1297 1630 1368 1657 enim
1383 1630 1405 1657 si
1428 1630 1487 1664 quis
1517 1631 1542 1657 itt
1563 1632 1662 1665 regiam
1687 1631 1802 1666 aliquem
1824 1633 1859 1658 itt-

1067 1674 1198 1706 troducat,
1226 1680 1368 1710 antequam
1384 1676 1517 1704 vestibula
1542 1685 1601 1711 qtae
1617 1677 1681 1704 foris
1705 1682 1767 1704 sunt
1780 1685 1860 1712 aSpe-

1067 1723 1149 1755 xerit,
1169 1723 1240 1758 cogit
1254 1723 1328 1750 illutn
1341 1728 1370 1750 ut
1382 1731 1413 1751 ea
1429 1731 1490 1758 qua:
1504 1724 1575 1751 intus
1589 1729 1650 1751 sunt
1662 1724 1786 1751 observet
1803 1725 1859 1752 :sic

1066 1768 1136 1794 enittt
1149 1776 1198 1795 nec
1213 1768 1342 1795 mirabilia
1359 1769 1401 1796 illa
1415 1774 1586 1804 apparerent,
1602 1770 1652 1797 ttisi
1663 1770 1722 1805 quis
1733 1771 1799 1796 itttra
1814 1777 1860 1805 po-

1067 1815 1144 1846 situs,
1159 1815 1248 1841 omnia
1260 1814 1393 1842 didicerit.
1411 1814 1454 1842 Sic
1468 1816 1557 1850 itaque
1571 1821 1597 1842 et
1613 1824 1662 1842 nos
1676 1823 1736 1842 cum
1746 1815 1859 1842 ethnicis

1067 1861 1232 1889 disseramus
1247 1870 1309 1889 cum
1331 1862 1566 1896 attemperatioue,
1582 1869 1642 1889 cum
1658 1863 1779 1890 Caritate.
1797 1862 1860 1889 [huc

1066 1909 1166 1942 quippe
1191 1915 1286 1942 magna
1300 1912 1341 1934 est
1354 1908 1490 1942 magistra.
1506 1915 1565 1942 qum
1579 1908 1663 1942 possit
1681 1909 1754 1935 etab
1768 1915 1860 1935 errore

1067 1954 1210 1987 abducere,
1235 1959 1262 1982 et
1290 1962 1379 1981 mores
1406 1961 1577 1988 componere,
1607 1959 1687 1988 atque
1711 1954 1743 1980 ad
1772 1954 1860 1988 philo-

1067 2001 1188 2035 sophiam
1204 2001 1273 2028 viam
1288 2006 1419 2032 sternere,
1435 2008 1522 2035 exque
1536 2001 1668 2034 lapidibus
1684 2000 1807 2028 homines
1820 2000 1859 2028 fa-

1067 2055 1138 2074 cere.
1156 2047 1190 2074 Et
1203 2047 1225 2074 si
1240 2047 1278 2074 vis
1294 2047 1353 2081 ejus
1366 2047 1491 2073 virtutem
1504 2047 1635 2077 ediscere,
1648 2046 1735 2074 adduc
1746 2047 1810 2073 mihi
1826 2047 1862 2074 vi-

1068 2101 1127 2120 rum
1137 2093 1257 2120 timidutn
1272 2097 1299 2120 et
1309 2093 1353 2127 qui
1367 2094 1408 2120 vel
1423 2093 1562 2127 strepitum
1576 2092 1701 2119 formidet
1715 2097 1740 2119 et
1753 2092 1861 2120 umbras

1069 2141 1179 2171 timeat;
1195 2140 1282 2174 sitque
1298 2138 1452 2171 iracundus,
1468 2146 1557 2173 asper,
1573 2143 1599 2166 et
1612 2138 1666 2165 fera
1683 2139 1767 2173 magis
1781 2146 1862 2172 quam

1069 2184 1158 2216 homo,
1177 2185 1251 2212 salax
1272 2189 1299 2212 et
1321 2185 1488 2214 libidinosus,
1506 2185 1578 2211 nullo
1589 2192 1643 2211 non
1658 2184 1722 2210 vitio
1736 2183 1861 2217 affectus;

1068 2237 1091 2257 et
1110 2230 1184 2257 trade
1208 2230 1281 2256 illum
1302 2230 1327 2257 itt
1342 2237 1437 2256 manus
1452 2230 1582 2262 caritatis,
1598 2235 1625 2256 et
1640 2230 1665 2256 in
1680 2229 1731 2257 hoc
1747 2238 1860 2265 gymna-

1068 2276 1136 2302 sium
1150 2275 1244 2307 induc;
1260 2280 1287 2303 et
1302 2276 1355 2302 cito
1368 2275 1469 2302 videbis
1484 2275 1606 2302 timidtnn
1619 2275 1692 2303 illum
1705 2283 1737 2302 ac
1750 2275 1862 2304 meticu-

1069 2323 1167 2354 losuttt,
1195 2322 1291 2349 fortem
1315 2321 1443 2349 effectum
1459 2325 1486 2348 et
1499 2321 1589 2356 magni
1602 2321 1695 2354 animi,
1718 2322 1862 2357 omniaque

1070 2368 1146 2395 facile
1173 2368 1326 2394 audentem.
1351 2366 1427 2400 Quod
1459 2371 1548 2394 autem
1572 2367 1694 2394 mirabile
1715 2372 1774 2400 est,
1803 2367 1860 2394 haec

1069 2422 1122 2441 non
1138 2418 1239 2441 mutata
1254 2414 1312 2448 ejus
1326 2418 1420 2440 natura
1435 2414 1510 2445 ﬁunt,
1525 2413 1571 2440 sed
1586 2413 1612 2440 itt
1629 2414 1685 2447 ipsa
1700 2413 1792 2440 timida
1804 2415 1861 2440 atti-

1069 2469 1111 2488 nta
1128 2469 1202 2488 suam
1216 2461 1314 2488 caritas
1327 2460 1444 2487 Ostendit
1457 2460 1582 2487 virtutem
1595 2469 1602 2492 ;
1618 2465 1645 2488 et
1660 2461 1769 2495 perinde
1784 2461 1811 2488 ﬁt
1823 2467 1862 2488 at-

1068 2515 1120 2542 que
1132 2507 1153 2534 si
1170 2507 1228 2542 quis
1237 2514 1329 2534 ensem
1339 2505 1502 2541 plumbeum,
1517 2514 1570 2533 non
1586 2507 1701 2534 ferreum
1717 2507 1841 2535 effectura
1852 2529 1858 2539 ,

1068 2553 1114 2580 Sed
1126 2558 1276 2580 manentem
1290 2553 1315 2579 in
1329 2552 1429 2587 plumbi
1443 2558 1547 2586 natura,
1557 2553 1689 2580 cfﬁciatut
1699 2554 1792 2581 eadem
1802 2563 1860 2588 quae

1069 2600 1167 2626 ferrum
1185 2604 1320 2633 operetur.
1337 2599 1461 2626 Animum
1472 2604 1561 2626 autem
1573 2599 1673 2626 adhibe
1690 2600 1790 2627 :Jacob
1804 2601 1860 2626 sine

1069 2646 1129 2672 fuco
1143 2649 1210 2677 erat,
1226 2645 1299 2672 domi
1314 2644 1437 2672 habitans
1452 2649 1479 2672 et
1492 2645 1613 2672 laborum
1629 2646 1860 2681 periculorumque

1067 2699 1174 2726 expers,
1190 2691 1271 2717 vitam
1287 2690 1431 2725 quamdam
1444 2698 1528 2725 agens
1542 2691 1680 2718 remissam
1695 2695 1723 2718 et
1737 2692 1857 2723 liberant,

1067 2742 1093 2764 et
1108 2737 1175 2763 sicut
1187 2737 1260 2771 virgo
1275 2736 1300 2762 iu
1323 2735 1450 2767 thalamo,
1468 2736 1508 2763 sic
1521 2736 1593 2763 intus
1605 2737 1713 2769 sedens,
1730 2741 1760 2764 ut
1773 2737 1856 2772 pluri-

1067 2791 1139 2810 munt
1152 2783 1260 2809 domum
1276 2790 1385 2809 servare
1397 2782 1554 2817 cogebatur,
1569 2790 1584 2809 a
1597 2782 1646 2810 furi
1664 2784 1777 2811 tumultu
1790 2785 1858 2811 etab

1067 2828 1191 2856 omnibus
1202 2828 1354 2862 ltujusmodi
1363 2828 1437 2858 liber,
1449 2836 1554 2864 semper
1564 2834 1653 2856 autem
1665 2829 1691 2856 in
1703 2831 1792 2863 quiete
1800 2831 1857 2858 etin

1069 2874 1260 2909 Irattquzllitate
1277 2881 1396 2902 manens.
1421 2873 1489 2908 Quid
1506 2875 1607 2910 igitur?
1629 2875 1771 2910 Postquam
1784 2876 1854 2903 illum
