2034 3109
146 168 200 195 985

147 227 189 251 tax
205 223 305 251 amoris
322 223 455 255 accendit,
480 221 541 250 vide
556 222 690 257 quomodo
704 222 852 256 simplicem
868 222 942 248 illum

147 276 176 299 et
188 270 297 298 domum
312 270 485 302 incolentem,
496 268 591 296 fortem
601 274 627 295 et
641 269 803 295 laboriosum
818 268 942 295 reddide-

148 318 203 343 rit:
220 320 248 344 et
268 316 320 342 hoc
336 323 388 342 non
407 323 422 342 a
437 322 491 347 me,
512 314 559 342 sed
579 314 614 341 ab
634 316 692 349 ipso
706 313 854 348 patriarcha
871 314 943 340 audi.

147 362 278 389 Socerum
292 361 363 388 enim
381 360 516 392 incusans,
533 360 569 386 ait
583 368 588 385 :
608 358 662 385 Hos
674 359 759 394 viginti
772 367 851 385 annos
866 363 944 385 tecum

146 415 193 441 ego
206 415 263 433 sum
278 405 354 441 (Gen.
368 406 410 433 51.
424 405 468 433 5‘3.
485 404 549 440 ΔΟ).
566 405 598 432 Et
609 405 743 439 quomodo
759 405 828 432 fuisti
845 405 894 432 hos
905 404 945 431 vi-

147 452 214 486 ginti
237 452 344 479 annos?
366 459 427 478 nam
445 456 472 478 et
495 451 545 478 hoc
564 459 671 486 quoque
689 451 807 486 adjecit:
831 451 944 478 Adusta:

151 502 215 524 (2th
230 497 283 524 diei
294 501 318 524 et
333 497 427 532 [rigore
447 497 536 529 noctis,
552 501 574 523 et
587 497 705 523 abscessit
720 505 822 523 somnus
836 496 867 523 ab
881 504 944 523 acn-

148 544 180 571 lis
192 544 266 570 meis.
276 542 341 570 Ha'e
352 542 397 570 ille
409 542 466 570 sine
480 542 549 573 fuco,
566 543 610 576 qui
624 542 696 569 domi
713 542 849 569 habitabat
859 549 889 569 ac
903 549 945 568 rc-

148 589 259 616 missam
283 588 400 616 ducebat
424 588 519 615 vitam.
538 587 614 621 Quod
630 592 718 614 autem
740 587 845 614 timidus
861 593 942 619 esset,

148 635 234 670 palam
249 640 291 663 est
305 643 338 662 ex
352 642 385 662 eo
399 634 484 669 quod,
499 642 558 661 eum
574 641 602 660 se
618 634 687 660 Esau
702 634 818 660 visurum
831 641 943 667 exspec-

149 685 230 714 taret,
258 686 332 708 metu
355 684 514 708 moreretur.
538 680 588 707 Sed
612 679 671 706 vide
692 687 795 706 rursum
810 678 944 713 quomodo

148 727 193 754 ille
208 727 318 754 timidus
333 727 409 754 leone
420 726 547 754 audacior
558 734 590 753 ex
603 733 694 752 amore
710 725 794 752 factus
807 725 851 752 sit.
877 724 942 751 Nam

147 773 220 800 velut
234 772 343 807 quidam
370 777 551 806 propugnator
564 776 625 798 ante
641 771 707 797 alios
721 779 815 798 omnes
830 771 941 805 positus,

149 822 260 854 paratus
282 823 341 846 erat
365 817 480 844 ferocem
500 816 572 843 illum
589 821 616 844 et
628 816 727 844 c:edem
742 817 898 850 spirantem,
915 820 944 843 ut

149 863 330 896 existimabat,
352 864 454 898 primus
466 864 601 897 excipere,
617 868 643 889 ct
657 863 682 888 in
697 870 809 896 corpore
820 869 868 888 suo
882 870 942 888 mn-

148 910 260 938 lieribus
272 910 443 938 securitatem
458 917 599 944 apparare,
613 914 640 936 et
653 917 713 936 eum
727 917 805 944 quem
819 909 943 936 timuerat

149 962 176 983 et
191 955 393 988 formidavcrat,
408 956 510 989 primus
530 955 659 982 instructa
675 955 732 982 acie
747 954 837 982 videre
850 955 942 990 cupie~

151 1002 205 1029 bat.
232 1002 290 1029 Hoc
308 1002 406 1036 quippe
430 1002 526 1028 timore
540 1001 634 1028 fortior
648 1005 707 1027 crat
722 1009 834 1028 uxorum
855 1008 941 1028 amor.

150 1049 243 1077 Viden‘
267 1049 410 1084 qumnodo,
421 1049 528 1076 timidus
552 1056 611 1075 cum
634 1053 718 1081 esset,
741 1048 826 1075 audax
853 1048 942 1075 subito

149 1095 233 1123 factus
251 1095 296 1128 sit,
312 1102 364 1122 non
379 1099 480 1122 mutato
496 1094 596 1127 habitu,
613 1095 658 1121 sed
673 1095 705 1121 ab
718 1102 810 1121 amore
822 1094 935 1121 robora-

149 1142 208 1169 tus?
219 1141 287 1168 Nam
299 1140 370 1175 quod
385 1141 464 1168 etiam
481 1145 570 1175 postea
585 1140 693 1167 timidus
706 1145 787 1173 esset,
803 1141 889 1174 palam
900 1145 942 1168 est

149 1195 179 1214 ex
195 1194 239 1218 eo,
256 1186 327 1221 quod
342 1186 429 1213 locum
445 1194 479 1213 ex
494 1186 554 1212 loco
567 1190 691 1213 mutaret.
706 1186 757 1212 Sed
774 1193 852 1213 nemo
868 1190 942 1221 putet

148 1240 190 1265 ea,
216 1240 277 1268 quae
298 1231 368 1259 dicta
392 1236 463 1264 sunt,
482 1231 547 1266 justi
570 1239 629 1258 esse
651 1232 857 1259 accusationem.
883 1231 939 1258 Non

148 1278 218 1305 enim
241 1276 364 1304 timidum
377 1284 438 1304 esse
457 1277 534 1310 culpa
549 1281 590 1303 est
606 1285 612 1303 :
628 1284 688 1302 nam
703 1276 753 1303 hoc
768 1281 808 1303 est
821 1281 939 1308 naturm;

148 1323 193 1351 sed
204 1332 237 1351 ex
253 1324 350 1351 timore
360 1323 460 1358 aliquid
476 1328 571 1350 contra
586 1322 704 1349 ofticittm
720 1328 837 1357 patrare.
850 1323 941 1349 Potest

147 1369 216 1396 «enim
237 1369 298 1404 quis
316 1375 409 1396 natura
430 1368 548 1398 timidus.
574 1376 588 1394 a
605 1369 701 1402 pietate
715 1369 790 1395 fortis
806 1373 832 1394 et
851 1368 938 1402 magni

148 1411 227 1438 animi
248 1410 328 1439 eflici.
346 1410 413 1444 Quid
430 1416 517 1438 autem
534 1410 660 1444 Moyses?
673 1418 761 1437 annon
785 1410 939 1445 {Egyptium

149 1465 228 1485 unum
244 1457 343 1485 timens
357 1456 432 1491 fugit,
449 1461 475 1483 et
489 1457 514 1483 in
527 1457 650 1483 exsilium
665 1456 730 1482 ivit?
746 1457 869 1482 Attamen
893 1455 940 1482 ille

149 1504 281 1539 fugitivus,
295 1503 341 1538 qui
355 1504 404 1530 viri
418 1501 496 1530 unius
507 1503 592 1529 minas
607 1510 659 1529 non
675 1503 782 1534 tulerat,
796 1507 935 1536 postquam

148 1550 262 1584 gustavit
276 1549 330 1576 mel
341 1547 470 1578 caritatis.
487 1547 598 1581 pulchre
608 1555 640 1574 ac
654 1548 759 1574 nemine
771 1552 894 1581 cogente,
911 1551 939 1573 ut

627 164 658 193 IN
676 164 784 192 EPIST.
805 165 815 192 1
848 165 892 192 AI)
911 164 988 193 (ΞΟΠ.
1009 165 1124 192 HOMIL.
1145 165 1266 193 XXXIV.

1734 168 1787 194 ‘286

998 229 1049 248 una
1061 229 1120 248 eum
1136 221 1240 248 dilectis
1253 221 1354 255 periret
1379 221 1528 248 festinabat.
1550 221 1580 249 Si
1594 223 1676 253 enim,
1693 223 1786 257 inquit.

999 267 1103 293 dimittis
1123 267 1174 293 illis
1191 271 1330 299 peccatum,
1351 266 1466 298 dimitte;
1488 267 1527 293 sin
1543 267 1636 299 utinm,
1650 273 1721 294 etnte
1732 269 1790 296 delc

999 312 1030 338 o'e
1045 312 1109 338 libro
1123 317 1175 343 tuo,
1190 320 1262 346 quem
1277 312 1400 346 scripsisti
1412 312 1509 346 (Exod.
1526 312 1569 339 5‘2.
1583 313 1639 346 51).
1653 313 1729 345 Quod
1741 322 1787 340 an-

999 363 1050 385 tcnt
1065 366 1141 384 amor
1160 362 1188 385 et
1206 363 1308 384 trucem
1324 363 1502 391 mansuetum,
1516 363 1542 385 et
1556 358 1726 385 libidinosam
1746 367 1788 386 ca-

996 410 1066 430 stmn
1083 402 1192 435 ofﬁciat,
1209 411 1260 429 non
1278 403 1320 430 hic
1338 403 1404 430 ultra
1425 404 1556 437 exemplis
1569 404 1645 431 nobis
1658 412 1743 438 opus;
1760 405 1788 432 id

996 451 1066 475 cnitn
1078 449 1200 475 otnnibns
1216 451 1301 482 palam
1317 453 1357 474 est
1371 457 1376 474 :
1392 449 1496 475 etiamsi
1513 449 1567 475 fera
1582 450 1674 484 quavis
1690 450 1785 477 imma-

998 494 1058 520 nior
1078 494 1137 529 quis
1157 494 1245 524 fuerit,
1267 502 1316 520 ovc
1336 495 1498 521 mansuetior
1510 503 1542 521 cx
1559 503 1649 522 amore
1661 495 1785 523 efficitur.

995 538 1061 566 Nam
1086 539 1148 573 quid
1173 538 1252 566 Saﬁle
1278 539 1419 565 immanius
1445 543 1471 565 et
1495 539 1620 566 furiosius
1634 540 1713 567 erat?
1733 541 1786 568 Sed

995 583 1101 619 quando
1114 584 1167 611 filia
1183 585 1241 618 ejus
1253 584 1389 611 inimicum
1404 585 1493 618 solvit,
1510 593 1542 612 ne
1555 586 1664 612 verbum
1679 587 1786 621 quidem

997 637 1117 657 amarum
1133 635 1225 656 contra
1236 630 1307 656 illam
1321 630 1427 657 emisit:
1439 634 1465 656 et
1475 630 1517 663 qni
1530 631 1684 658 sacerdotes
1694 639 1790 658 omnes

997 676 1102 711 penitus
1123 676 1293 704 interfecerat
1314 680 1424 711 promer
1446 676 1582 708 Davidcm,
1603 678 1683 704 filiam
1696 679 1790 706 videns

996 729 1056 756 quae
1069 729 1101 748 ex
1114 721 1194 748 domo
1209 721 1282 748 illmn
1296 723 1433 755 emiserat,
1449 729 1482 748 ne
1498 722 1580 749 verbo
1591 723 1696 757 quidem
1712 730 1790 752 tenus

995 767 1124 795 adversus
1147 768 1220 794 illam
1235 767 1387 802 indignatus
1401 772 1452 799 est,
1469 769 1573 795 etiamsi
1597 769 1668 796 fraus
1682 771 1723 797 illa
1740 773 1788 797 ad-

995 821 1099 840 vorsum
1111 821 1140 840 se
1152 813 1280 839 adornata
1293 812 1385 840 fuisset
1399 822 1405 839 :
1421 814 1571 848 potentiore
1585 822 1699 850 namque
1710 823 1786 842 amo-

995 859 1032 886 ris
1052 858 1128 886 freno
1147 859 1327 886 detinebatur.
1355 859 1388 886 Ut
1408 865 1496 886 autem
1518 867 1682 894 mansuetos,
1704 863 1739 888 ita
1756 867 1785 890 et

995 908 1173 938 temperantes
1182 904 1250 931 solet
1258 904 1354 931 caritas
1363 905 1450 932 facere
1464 913 1472 931 :
1488 905 1509 932 si
1521 906 1582 941 quis
1592 907 1662 933 enim
1676 915 1787 935 uxorem

996 958 1072 977 suam
1087 955 1169 982 amat,
1186 956 1213 976 ut
1225 958 1315 977 amare
1330 955 1445 986 oportet,
1459 952 1629 984 quantumvis
1644 957 1737 980 natura
1752 954 1788 981 sit

994 997 1162 1026 libidinosus.
1178 1005 1322 1032 numquam
1338 998 1416 1024 aliam
1431 998 1540 1030 videbit,
1555 1006 1610 1026 sua:
1622 1007 1713 1026 amore
1739 999 1788 1027 du-

994 1048 1069 1070 ctus:
1087 1051 1146 1070 nam
1163 1043 1209 1076 ait,
1223 1042 1309 1070 Fortis
1322 1049 1357 1070 cst
1371 1048 1398 1070 ut
1412 1053 1479 1071 mors
1493 1044 1592 1071 dilectio
1607 1045 1691 1080 (Cant.
1705 1046 1732 1073 8.
1747 1046 1787 1079 6).

993 1089 1085 1124 Itaque
1120 1097 1173 1116 non
1203 1089 1311 1117 aliunde
1344 1090 1403 1124 quis
1440 1090 1598 1118 libidinosus
1621 1095 1681 1124 est,
1707 1100 1787 1127 quain

993 1136 1062 1170 quod
1100 1143 1152 1162 non
1179 1141 1262 1163 amet.
1292 1136 1423 1169 Quoniam
1453 1136 1533 1171 igitur
1563 1137 1651 1165 omnis
1680 1138 1788 1173 virtutis

993 1181 1082 1215 opifex
1097 1186 1136 1207 est
1159 1181 1266 1212 caritas,
1282 1189 1342 1208 cum
1370 1182 1540 1209 accuratione
1563 1183 1636 1210 omni
1662 1183 1734 1211 illam
1761 1185 1787 1212 in

998 1227 1095 1253 animis
1117 1227 1216 1254 nostris
1240 1227 1402 1260 inseramus,
1423 1232 1450 1254 ut
1471 1228 1549 1255 nobis
1566 1229 1647 1255 multa
1669 1229 1790 1257 conferat

993 1271 1074 1304 bena,
1092 1277 1119 1300 et
1133 1272 1242 1300 uberem
1257 1273 1315 1307 ejus
1331 1273 1445 1300 fructmn
1460 1279 1588 1308 perpetuo
1601 1274 1787 1309 tiL‘CC‘l‘pﬂtllUS,

993 1325 1102 1352 semper
1118 1319 1260 1349 virentem,
1276 1319 1320 1352 qui
1335 1326 1480 1354 tntmquam
1495 1326 1651 1347 marcescat.
1664 1321 1707 1348 Sic
1717 1322 1788 1348 enitn

992 1371 1091 1391 interna
1117 1372 1317 1399 consequemur
1336 1365 1403 1392 bona
1419 1373 1426 1391 :
1446 1374 1504 1399 qum
1520 1366 1619 1393 utinam
1634 1375 1682 1394 nos
1696 1375 1789 1394 omnes

992 1409 1102 1443 adipisci
1125 1410 1273 1444 contingat,
1299 1410 1382 1444 gratia
1396 1415 1423 1437 et
1442 1410 1605 1445 benignitate
1620 1412 1724 1439 Domini
1739 1420 1787 1439 no-

995 1455 1043 1481 stri
1059 1455 1122 1481 .lcsn
1138 1455 1248 1486 Christi.
1264 1455 1308 1489 qui
1324 1463 1383 1482 cum
1400 1456 1470 1483 Patri
1485 1464 1589 1491 unaque
1603 1457 1710 1493 Spiritui
1725 1465 1787 1485 san-

991 1505 1035 1527 cto
1058 1501 1153 1535 gloria,
1173 1502 1328 1536 impcriutn,
1350 1502 1449 1535 honor,
1462 1511 1534 1530 nunc
1545 1508 1573 1530 et
1586 1512 1704 1539 setnper,
1719 1505 1785 1532 etin

992 1547 1091 1574 sa-eula
1107 1547 1277 1574 saiculorum.
1293 1548 1390 1575 Amen.

546 1613 1767 1627 ι--ῄῂ-Ἥ-

820 1652 988 1682 HOMlLlA
1011 1651 1158 1682 XXXIV.

149 1723 209 1752 Car.
222 1725 263 1752 15.
274 1733 300 1752 v.
314 1724 340 1751 8.
354 1724 412 1752 Sive
425 1724 564 1759 prophetitv
574 1723 769 1757 evacuabttntur,
785 1723 835 1750 sive
847 1723 940 1758 lingutz

293 1770 441 1803 cessabunt,
457 1771 507 1797 sive
521 1770 624 1796 scientia
640 1761 797 1796 destruetur.-

183 1839 208 1865 Ι.
229 1837 297 1865 Cum
312 1839 431 1865 caritatis
449 1838 637 1866 excellentiam
655 1837 834 1869 ostendisset,
860 1846 893 1866 ex
908 1845 941 1865 eo

149 1883 218 1919 quod
238 1889 266 1911 et
284 1885 446 1910 charismata
466 1889 493 1911 et
510 1891 540 1910 ca
559 1892 618 1918 qum
639 1885 663 1910 in
684 1883 736 1911 vita
753 1884 880 1918 pra-clare
896 1891 941 1918 ge-

148 1935 246 1957 runtur
261 1937 291 1956 ea
308 1929 460 1964 indigeant;
475 1937 508 1956 cx
519 1937 552 1957 eo
566 1930 635 1964 quod
651 1929 708 1964 ejus
722 1937 815 1957 omnes
829 1930 941 1958 virtutes

147 1977 358 2009 enumeraverit,
373 1980 400 2003 et
410 1976 536 2010 perfectte
552 1977 726 2012 philosophia;
740 1977 940 2005 fundamentum

148 2030 207 2049 esse
228 2021 366 2056 probarit;
390 2029 422 2048 ex
445 2022 498 2049 alio
521 2030 614 2049 rursus
633 2023 764 2058 tertioque
777 2024 863 2058 capite
882 2024 940 2058 ejus

148 2067 266 2094 ostendit
282 2067 450 2102 dignitatem.
468 2067 501 2094 Et
525 2067 575 2095 hoc
600 2068 679 2102 facit,
701 2073 756 2096 tum
776 2074 804 2096 ut
823 2069 875 2096 illis
894 2069 940 2105 qui

149 2114 282 2141 imminuti
302 2121 363 2140 esse
380 2114 540 2141 videbantur
556 2115 715 2149 persuadeat
729 2115 808 2143 licere
823 2116 886 2151 ipsis
901 2117 939 2144 si-

148 2167 262 2194 gnorum
276 2152 451 2194 etiamrcaput
466 2167 513 2187 seu
530 2159 681 2188 facultatem
697 2161 804 2193 habere,
821 2162 940 2198 nihilque

149 2207 238 2232 minus
254 2205 377 2233 oblinere
397 2213 476 2240 quam
498 2206 514 2232 ii
537 2207 580 2240 qui
603 2207 761 2234 charismata
777 2208 894 2243 habent,
917 2209 939 2237 si

148 2251 219 2278 illam
236 2250 363 2283 habeant,
379 2251 433 2278 imo
447 2251 531 2279 multo
546 2253 649 2286 majus;
667 2258 720 2280 tum
743 2255 823 2282 etiam
845 2259 874 2283 ut
892 2263 939 2284 eos

148 2297 193 2331 qui
208 2296 311 2331 majora
327 2296 488 2323 charismata
505 2297 634 2325 haberent
650 2299 765 2334 indeque
778 2301 940 2329 extolleren-

149 2348 200 2374 tur,
217 2343 280 2371 hinc
294 2343 444 2377 deprimat.
467 2349 494 2372 et
515 2347 639 2373 ostendat
661 2354 707 2374 eos
729 2348 794 2375 nihil
820 2348 936 2381 habere,

148 2389 196 2416 nisi
211 2389 281 2416 hanc
295 2390 443 2418 obtineant.
460 2391 497 2418 lta
508 2392 579 2419 enim
592 2399 652 2420 sese
665 2399 692 2421 et
708 2399 800 2421 mutuo
813 2395 938 2424 dilecturi

148 2439 223 2461 crant
234 2455 242 2468 ,
262 2435 361 2462 invidia
378 2441 404 2462 et
429 2438 579 2471 arrogantia
602 2438 641 2465 sic
655 2439 689 2466 de
704 2440 792 2467 medio
809 2441 936 2475 sublatis,

147 2484 175 2506 et
197 2487 292 2507 rursus
313 2488 376 2508 sese
398 2485 490 2509 mutuo
509 2482 668 2518 diligentes,
693 2483 750 2512 haec
764 2485 826 2512 vitia
846 2487 937 2521 procul

147 2525 326 2553 amandabant
341 2535 348 2552 :
360 2534 421 2553 nam
435 2527 534 2554 Caritas
544 2537 595 2555 non
604 2529 748 2563 aemulatur,
761 2539 810 2558 non
821 2533 936 2567 inﬂatur.

147 2570 236 2606 Itaque
251 2579 329 2599 muro
346 2573 405 2600 illos
419 2573 536 2609 undique
551 2574 704 2603 firmissimo
719 2577 811 2610 cinxit,
825 2583 852 2605 et
867 2579 936 2606 mul-

148 2617 228 2652 tiplici
245 2619 401 2653 concordia,
414 2627 474 2654 qua:
487 2621 594 2648 morbos
607 2629 702 2650 omnes
717 2623 822 2651 tolleret
835 2629 862 2652 et
875 2625 937 2652 hinc

146 2671 240 2690 rursus
255 2663 354 2691 fortior
369 2665 506 2693 evaderet.
523 2666 637 2702 Ideoque
657 2669 864 2698 innumerabiles
879 2673 936 2706 agi-

147 2708 210 2736 tavit
224 2710 354 2742 rationes,
371 2718 431 2745 qua:
456 2716 564 2745 possent
586 2713 704 2747 ipsorum
729 2714 848 2742 dolorem
870 2724 935 2744 con-

146 2755 236 2782 solari.
271 2755 337 2782 Nam
367 2756 436 2783 idem
465 2756 511 2783 dat
538 2759 674 2792 Spiritus,
704 2760 808 2795 inquit,
843 2767 870 2789 et
902 2763 934 2790 ad

147 2801 287 2828 utilitatem
302 2801 359 2834 dat,
371 2807 397 2828 et
412 2806 440 2828 ut
454 2803 510 2829 vult
523 2803 626 2837 dividit,
647 2809 674 2832 et
687 2809 768 2840 gratis
783 2808 863 2838 dans,
882 2817 934 2837 non

147 2847 255 2878 debetis,
268 2846 374 2874 dividit.
389 2847 497 2874 Etiamsi
509 2856 571 2876 vero
586 2857 676 2883 parum
688 2854 831 2887 acceperis,
841 2854 935 2882 simili-

148 2892 186 2915 ter
199 2897 230 2918 ex
241 2901 357 2928 corpore
371 2901 411 2927 es,
426 2899 451 2920 et
467 2894 550 2922 multo
563 2896 600 2922 sic
613 2897 692 2924 etiam
708 2898 803 2926 frueris
815 2900 932 2929 honore:

996 1729 1027 1750 ac
1042 1723 1086 1756 qui
1104 1722 1189 1757 majus
1205 1722 1284 1750 habet
1295 1744 1302 1754 ,
1318 1728 1343 1751 te
1359 1725 1402 1759 qui
1418 1725 1506 1754 minus
1522 1725 1605 1754 habes
1620 1727 1739 1763 indiget:
1760 1734 1788 1757 et.

997 1768 1141 1794 niaximum
1155 1768 1299 1800 charisma,
1313 1770 1541 1804 excellentiorque
1554 1772 1595 1798 via
1606 1777 1646 1799 cst
1659 1774 1767 1801 caritas.

1029 1812 1129 1839 Caritas
1152 1813 1236 1840 omnia
1256 1814 1322 1840 tollit
1345 1815 1422 1842 mala.
1435 1816 1543 1844 —-llacc
1559 1824 1640 1851 porro
1660 1818 1765 1846 dicebat
1777 1839 1785 1852 ,

993 1857 1092 1892 duplici
1110 1858 1216 1885 vinculo
1229 1859 1365 1894 stringens
1380 1860 1440 1888 illos
1455 1861 1567 1889 invicem
1581 1871 1590 1894 ;
1609 1868 1635 1890 et
1653 1864 1722 1898 quod
1737 1873 1786 1899 pu-

994 1908 1081 1931 tarent
1100 1912 1130 1932 se
1146 1912 1197 1931 non
1219 1905 1306 1932 minus
1321 1906 1420 1934 habere
1435 1907 1479 1934 illa
1496 1914 1646 1942 prtesente,
1666 1915 1693 1937 ct
1714 1912 1785 1945 quod

993 1949 1025 1976 ad
1041 1950 1111 1976 illam
1125 1955 1298 1978 accurrentes
1312 1951 1437 1986 illamque
1449 1953 1600 1980 obtinentes
1611 1975 1619 1987 ,
1636 1955 1702 1982 nihil
1714 1956 1781 1982 ultra

993 1994 1139 2022 humanum
1164 2001 1328 2030 paterentur.
1353 2002 1407 2025 tum
1427 1999 1488 2033 quia
1505 1999 1623 2027 radicem
1638 2000 1785 2029 charisma-

993 2043 1048 2067 tum
1066 2040 1217 2072 haberent,
1239 2045 1293 2068 tum
1309 2042 1369 2075 quia
1391 2050 1443 2070 non
1464 2045 1532 2071 ultra
1557 2050 1681 2079 possent,
1703 2047 1784 2073 etiam

992 2086 1014 2113 si
1039 2086 1105 2113 nihil
1123 2086 1266 2118 haberent,
1282 2088 1456 2115 contendere.
1475 2089 1540 2116 Nam
1556 2091 1599 2124 qui
1613 2091 1694 2117 semel
1710 2100 1723 2118 a
1737 2100 1783 2118 ca-

992 2131 1071 2159 ritate
1091 2137 1185 2166 captus
1207 2137 1268 2165 est,
1290 2141 1304 2159 a
1328 2135 1500 2162 contentione
1520 2135 1588 2162 liber
1612 2140 1663 2163 est.
1683 2137 1783 2169 Quant-

991 2176 1083 2204 obrem
1099 2177 1259 2209 ostendens,
1276 2183 1373 2212 quanta
1388 2179 1449 2206 inde
1463 2179 1532 2207 bona
1546 2180 1696 2215 decerpturi
1709 2183 1763 2210 sint
1773 2205 1780 2215 .

992 2222 1094 2250 fructus
1114 2225 1172 2257 ejus
1193 2224 1354 2258 descripsit,
1378 2232 1425 2259 per
1444 2225 1516 2253 illius
1534 2228 1653 2254 eneomia
1674 2229 1783 2257 "101th

991 2267 1098 2295 illorum
1120 2270 1279 2304 reprimens.
1301 2270 1406 2297 Etenim
1425 2279 1484 2306 qmc
1501 2271 1570 2298 dicta
1589 2278 1653 2300 sunt
1668 2274 1781 2309 singula,

991 2313 1162 2347 pharmacam
1177 2319 1254 2342 erant
1268 2315 1339 2350 quod
1352 2316 1484 2344 sufticeret
1499 2317 1531 2344 ad
1547 2318 1651 2346 illorum
1666 2321 1781 2348 curanda

990 2358 1113 2386 vulnera.
1128 2360 1242 2396 Ideoque
1259 2361 1373 2393 dicebat,
1390 2361 1496 2390 Patiens
1511 2369 1562 2397 est,
1583 2365 1715 2393 adversus
1734 2377 1781 2394 eos

989 2404 1035 2438 qui
1051 2404 1121 2431 inter
1136 2412 1165 2432 sc
1179 2406 1365 2440 contendunt;
1385 2406 1499 2443 Benigna
1517 2414 1570 2442 est,
1592 2410 1720 2439 adversus
1735 2421 1781 2440 eos

989 2449 1034 2483 qui
1048 2448 1179 2476 dissident
1190 2454 1216 2477 et
1226 2451 1330 2478 occulto
1344 2452 1465 2479 feruntur
1475 2453 1536 2479 odio
1547 2462 1553 2485 ;
1563 2453 1624 2483 Non
1633 2457 1778 2490 wmulatur,

989 2499 1081 2521 contra
1097 2502 1144 2522 eos
1161 2495 1205 2530 qui
1229 2495 1348 2523 invident
1364 2497 1423 2531 plus
1443 2497 1619 2531 habentibus;
1646 2500 1706 2527 Non
1728 2504 1780 2536 agit

989 2547 1139 2574 perperam,
1155 2540 1282 2568 adversus
1298 2549 1344 2568 cos
1359 2542 1403 2576 qui
1419 2542 1543 2576 disjuucti
1562 2549 1641 2577 sunt;
1663 2545 1724 2572 Non
1739 2548 1778 2574 iu-

988 2586 1076 2619 ﬂatur,
1093 2591 1184 2613 contra
1199 2594 1245 2614 eos
1258 2587 1302 2622 qui
1316 2588 1341 2614 in
1355 2588 1421 2616 alios
1437 2590 1617 2623 extolluntur;
1634 2590 1694 2618 Non
1708 2593 1779 2620 inde-
1794 2579 1802 2599 ί

988 2639 1045 2657 core
1058 2632 1120 2667 agit,
1133 2637 1224 2659 contra
1238 2640 1285 2660 eos
1298 2633 1342 2668 qui
1357 2634 1450 2661 nolunt
1463 2643 1492 2662 se
1507 2639 1702 2670 attemperare;
1718 2637 1777 2666 Non

987 2678 1076 2710 quarrit
1090 2685 1147 2712 gnte
1160 2687 1206 2704 sua
1219 2684 1287 2711 sunt,
1303 2680 1431 2707 adversus
1444 2688 1491 2708 eos
1505 2682 1549 2716 qui
1564 2688 1676 2711 castcros
1691 2684 1778 2718 despi-

987 2721 1058 2748 ciunt
1071 2730 1077 2754 ;
1091 2722 1151 2749 Non
1165 2723 1289 2758 irritatur,
1303 2734 1352 2752 non
1364 2727 1456 2761 cogitat
1469 2728 1576 2761 malum,
1590 2729 1717 2757 adversus
1730 2738 1776 2757 eos

987 2767 1030 2801 qui
1045 2769 1234 2796 contumeliam
1250 2770 1388 2803 inferunt;
1412 2771 1472 2799 Non
1487 2773 1579 2807 gaudet
1593 2782 1668 2808 super
1681 2775 1774 2808 iniqui-

986 2818 1051 2844 tate,
1069 2815 1209 2849 congandet
1226 2821 1310 2843 autem
1326 2818 1441 2851 veritati,
1462 2827 1553 2846 rursus
1568 2819 1695 2847 adversus
1709 2820 1775 2846 invi-

985 2857 1034 2884 dos
1046 2867 1052 2891 ;
1069 2858 1160 2885 Omnia
1177 2860 1274 2894 snﬂ'ert,
1287 2862 1415 2890 adversus
1425 2871 1472 2891 eos
1482 2864 1525 2898 qui
1537 2864 1646 2891 insidias
1659 2869 1767 2899 parant;

987 2904 1080 2932 Omnia
1102 2912 1204 2940 sperat,
1221 2908 1348 2935 adversus
1370 2918 1416 2936 eos
1438 2910 1482 2944 qui
1502 2910 1662 2944 desperant;
1680 2911 1772 2938 Omnia
