2034 3109
138 178 190 206 289

137 243 196 262 cem
210 234 279 260 hanc
295 231 461 266 iniquitatem
476 236 538 257 esse
553 232 637 263 putet,
654 227 701 255 scd
716 233 744 255 et
757 226 888 262 duplicem
904 229 929 252 et

138 279 270 314 triplicem
286 282 315 305 et
330 275 516 311 multiplicem.
530 274 589 301 Non
611 274 684 301 enim
705 274 755 300 hoc
775 273 861 300 solum
884 271 932 299 ab-

137 325 250 353 surdum
270 328 324 356 est,
339 322 411 358 quod
424 329 456 350 ea
472 329 502 349 se
516 328 585 347 vane
599 319 751 355 glorientur
763 319 833 346 scire
845 339 852 350 ,
873 325 932 352 quat

138 371 254 405 Spiritus
267 369 353 396 solius
365 372 428 396 sunt
441 371 469 394 et
483 366 610 401 unigeniti
630 365 689 393 Filii
704 365 769 397 Dei;
783 363 830 391 sed
852 363 932 390 etiam

137 416 219 452 quod.
236 423 297 443 cum
317 414 416 442 Paulus
430 421 464 441 ne
479 417 580 447 partem
595 412 703 447 quidem
718 411 790 438 illam
803 409 933 445 cognitio-

138 463 181 489 nis
195 462 254 489 siuc
270 467 385 496 superna
401 459 566 487 revelatione
586 458 708 493 accipere
729 456 846 492 potuerit
857 475 865 488 ,
882 455 932 489 ipsi

139 513 223 535 totum
238 515 272 534 ex
288 506 402 542 propriis
416 504 563 533 ratiociniis
576 511 606 531 se
619 503 755 537 accepisse
768 502 869 529 dicant.
884 500 934 528 Nc-

138 563 191 589 que
203 555 276 581 enim
293 560 405 588 usquam
424 557 537 588 possunt
552 550 735 584 Scriptorum,
758 557 818 584 qua:
837 547 871 575 de
890 547 933 575 his

139 600 314 631 disseruerit,
332 599 408 626 nobis
422 597 577 625 ostendere.
600 596 654 624 Sed
670 596 750 623 missa
766 595 874 622 illorum
891 595 932 621 in-

139 648 224 679 sania,
242 646 381 680 sequentia
395 652 454 680 quae
468 643 503 671 de
517 643 629 670 caritate
648 642 772 670 dicuntur
788 649 933 676 persequa-

139 701 210 720 mur.
226 692 319 726 Neque
332 691 404 719 enim
418 690 461 718 his
474 693 616 716 contentus
630 687 694 720 fuit,
707 687 753 714 sed
770 694 863 714 rursus
877 687 934 714 htec

139 738 294 772 subjuugit:
312 737 354 764 l5.
371 736 448 763 Num:
462 740 546 762 autent
561 739 645 761 manet
659 733 732 768 fides.
746 742 813 767 apex,
828 733 932 764 caritas,

141 785 190 811 tria
203 785 276 816 hac;
291 783 374 816 major
388 787 472 808 autem
484 781 573 808 horum
588 785 623 806 est
636 780 738 806 caritas.

177 830 203 857 5.
219 829 339 856 Caritatis
350 826 587 855 emortum—Nam
603 826 669 852 fides
679 830 706 853 et
720 833 794 860 spes,
809 833 868 852 cum
885 825 933 852 ad-

142 876 268 903 venerint
286 876 354 902 bona
373 881 431 909 quae
443 873 543 901 credita
555 877 582 900 et
592 877 697 907 sperata
714 872 831 904 fuerunt,
845 880 935 900 cessa-

143 923 217 949 lnmt.
235 922 267 948 Et
281 921 329 948 hoc
345 920 500 955 significans
515 919 613 946 Paulus
629 918 738 946 dicebat
756 928 763 945 ε
786 918 852 953 Spes
869 918 936 944 enim

141 975 197 1002 (μέτε
209 968 317 997 videtur,
335 974 386 992 non
401 970 437 992 est
455 973 512 998 spe:
526 972 536 991 :
550 964 617 999 quad
630 965 695 991 enim
716 964 781 990 ridet
794 965 859 998 quis,
874 963 936 998 quid

144 1013 216 1039 etiam
232 1017 314 1047 speret
333 1011 422 1047 (Rom.
436 1011 462 1039 8.
478 1010 524 1045 26)
538 1010 550 1037 ἵ
563 1017 590 1038 et
605 1018 712 1037 rursum
727 1019 733 1037 :
750 1009 795 1036 Est
808 1015 891 1036 autem
904 1010 937 1043 ﬁ-

144 1059 186 1085 da
199 1067 288 1085 eorum
307 1066 363 1092 qua:
382 1061 517 1092 sperantur
532 1056 671 1084 substantia
681 1077 688 1089 ,
711 1064 795 1082 rerum
816 1064 872 1089 quae
887 1063 936 1082 non

143 1105 257 1132 videntur
277 1109 453 1140 argumentum
467 1102 565 1138 (Hebr.
582 1103 626 1130 Η.
641 1102 683 1137 ι).
700 1101 877 1136 Quamobrem
895 1101 936 1128 lue

144 1151 251 1186 quidem
263 1149 472 1178 cessabuntcum
487 1148 530 1175 illa
540 1148 728 1183 apparuerint:
741 1148 838 1174 caritas
848 1151 936 1174 autem

146 1203 208 1224 ttmc
231 1197 349 1223 maxime
368 1194 514 1227 extollitur,
538 1198 566 1222 et
584 1194 614 1221 fit
636 1193 830 1221 vehementior.
856 1192 936 1219 Aliud

145 1251 239 1271 rursus
262 1242 414 1270 eneomium
432 1242 552 1269 caritatis
572 1249 578 1267 :
595 1248 681 1275 neque
701 1240 772 1267 enim
794 1244 937 1267 conteuttts

144 1295 184 1318 est
198 1289 344 1324 prioribus,
359 1288 408 1316 sed
422 1293 448 1316 et
461 1288 513 1315 alia
531 1295 637 1314 rursum
657 1287 777 1314 invenire
788 1285 935 1313 contendit.

144 1337 271 1364 Animum
293 1341 382 1364 autem
409 1335 506 1363 adhibe
525 1343 531 1362 :
555 1334 622 1362 dixit
644 1341 703 1361 eam
726 1332 857 1361 charisma
878 1339 938 1360 esse

145 1391 270 1418 maguum
286 1387 314 1410 et
324 1382 392 1409 viam
404 1381 437 1408 ad
452 1381 510 1408 lucc
524 1379 766 1415 superemiuentcm
780 1387 787 1413 ;
802 1378 868 1406 dixit
880 1378 938 1405 sine

146 1429 188 1456 illa
210 1437 264 1455 non
287 1428 399 1454 multum
414 1427 508 1461 juvare
529 1426 704 1457 charismata,
722 1426 781 1460 ejus
795 1425 938 1459 imaginem

146 1475 267 1509 pluribus
293 1473 435 1507 descripsit
459 1480 466 1498 ε
491 1472 546 1499 vult
568 1478 662 1498 rursus
687 1471 759 1498 illam
784 1470 836 1497 alio
859 1469 939 1497 modo

146 1520 286 1552 extollere,
298 1525 325 1546 ct
337 1518 480 1545 ostendere
494 1516 565 1552 quod
575 1524 669 1551 magna
678 1517 711 1543 sit
719 1524 752 1544 ex
762 1523 795 1543 eo
802 1515 872 1550 quod
883 1523 939 1542 ma-

147 1572 217 1593 neat.
235 1565 352 1600 Ideoque
372 1564 449 1596 dixit,
467 1563 544 1590 Nunc
560 1567 645 1589 autem
657 1566 758 1589 manent
772 1561 845 1596 ﬁdes,
871 1569 938 1595 spes,

146 1614 250 1644 caritas,
265 1612 314 1639 tria
329 1611 399 1643 hac;
414 1611 496 1644 major
508 1616 591 1637 autent
606 1610 696 1636 horum
707 1609 854 1636 euron'tar.
869 1608 939 1641 Quo-

148 1659 227 1686 modo
242 1666 308 1693 ergo
328 1657 413 1692 major
434 1661 475 1683 est
494 1656 591 1683 caritas
606 1655 706 1689 ?Quod
726 1655 769 1682 illa
792 1659 938 1682 transeant.

149 1705 175 1732 Si
193 1712 258 1740 ergo
272 1708 345 1730 tanta
359 1707 400 1730 est
415 1703 499 1729 virtus
511 1702 641 1734 caritatis,
664 1701 725 1736 jure
747 1700 883 1735 subjungit
898 1700 940 1727 di-

149 1758 213 1779 ccns
231 1759 238 1777 :
255 1749 395 1777 Sectamini
418 1748 560 1775 caritatem.
581 1747 687 1775 Etenim
709 1746 813 1781 insequi
836 1750 942 1781 oportet

150 1804 181 1824 ac
194 1795 369 1823 vehementer
383 1794 414 1821 ad
430 1793 502 1821 illam
517 1801 627 1820 currere
641 1801 649 1825 ;
664 1793 699 1819 ita
715 1800 730 1819 a
744 1792 821 1819 nobis
837 1791 940 1824 avolat,

149 1847 176 1870 et
190 1847 262 1870 tanta
276 1845 339 1869 sunt
351 1848 411 1876 qua:
421 1844 573 1874 susceptum
585 1839 632 1866 illo
642 1846 748 1866 cursum
760 1838 942 1873 supplantant.

150 1889 319 1924 Quapropter
333 1894 401 1922 opus
419 1890 460 1914 est
482 1893 531 1914 nos
547 1893 641 1920 magna
663 1885 700 1912 uti
721 1884 899 1917 vehementia,
916 1889 944 1911 ut

152 1937 223 1964 illam
251 1933 509 1970 comprehendamus
533 1941 540 1960 :
569 1932 640 1968 quod
673 1931 819 1959 ostendens
851 1931 945 1958 beatus

152 1982 251 2010 Paulus
265 1990 317 2009 non
330 1981 407 2014 dixit,
422 1979 570 2014 Sequimini
582 1979 732 2009 caritatem.
744 1976 943 2012 sed,Pmcqui-

152 2030 214 2057 nunt
229 2029 378 2060 caritatem,
393 2027 513 2054 excitans
534 2033 582 2053 nos
596 2023 798 2058 acccndensque
815 2023 847 2050 ad
874 2023 944 2050 illam

153 2073 417 2111 apprehendendum.
432 2072 539 2100 Etenim
552 2071 622 2098 Deus
634 2078 649 2097 a
663 2069 794 2105 principio
808 2069 946 2096 innumera

155 2121 189 2149 ad
207 2121 280 2148 illam
297 2121 323 2147 in
342 2118 418 2146 nobis
434 2116 604 2144 inserendam
623 2115 791 2143 machinatus
806 2119 847 2141 est
861 2123 868 2140 :
885 2121 946 2140 nam

155 2168 280 2196 omnibus
295 2173 376 2193 unum
387 2164 460 2192 dedit
477 2167 567 2199 caput,
581 2162 723 2189 Adamum.
739 2161 793 2188 Cur
805 2160 877 2188 enim
894 2168 947 2188 non

156 2223 187 2242 ex
207 2218 276 2241 terra
298 2210 433 2239 nascimur
454 2209 571 2237 omnes?
590 2216 637 2236 cur
659 2215 711 2235 non
737 2206 868 2242 perfecti,
891 2206 948 2234 sive

156 2259 237 2288 adulti
250 2259 320 2286 sicut
331 2257 376 2285 ille
389 2256 401 2283 ?
416 2255 451 2284 Ut
463 2259 490 2283 et
504 2259 593 2290 partus
604 2259 630 2282 et
641 2254 753 2281 filiorum
765 2253 948 2285 educationes,

157 2312 183 2335 et
203 2305 276 2341 quod
304 2312 338 2332 ex
364 2302 424 2330 aliis
448 2308 632 2334 nasceremur,
647 2307 696 2326 nos
719 2302 813 2326 mutuo
836 2298 947 2333 colliga-

158 2357 226 2380 rent.
241 2350 306 2378 Ideo
324 2356 411 2384 neque
426 2347 566 2376 mulierem
585 2353 617 2374 ex
632 2350 702 2373 terra
717 2344 788 2372 fecit.
801 2344 867 2378 Quia
877 2344 948 2371 enim

157 2405 209 2425 non
223 2397 289 2424 satis
302 2398 361 2422 erat
373 2393 407 2421 ad
419 2391 609 2421 verecundiam
629 2391 654 2417 iu
672 2390 750 2417 nobis
765 2389 948 2421 inserendam,

157 2450 216 2478 qua!
231 2442 264 2470 ad
277 2439 450 2469 concordiam
468 2445 518 2466 nos
537 2437 694 2469 adduceret,
712 2435 782 2470 quod
804 2443 837 2463 ex
855 2435 949 2463 eadem

157 2487 307 2516 substantia
322 2492 443 2513 essemus
453 2504 462 2516 ,
478 2483 529 2511 nisi
541 2482 667 2511 eumdem
684 2481 846 2508 haberemus
860 2487 951 2515 proge-

159 2535 272 2562 nitorem
291 2541 299 2559 :
323 2531 375 2559 hoc
398 2536 504 2565 quoque
526 2527 626 2556 effecit.
648 2526 675 2554 Si
697 2526 768 2554 enim
788 2532 860 2553 nunc
885 2525 951 2552 solis

159 2579 285 2615 disjuncti
307 2577 390 2609 locis,
405 2575 508 2603 alienos
530 2581 579 2601 nos
598 2571 805 2602 existimamus;
823 2570 846 2598 si
867 2577 952 2606 genus

160 2632 280 2656 nostrum
300 2625 354 2653 duo
373 2622 504 2659 principia
525 2620 681 2653 habuisset,
702 2619 786 2647 multo
802 2619 887 2654 magis
901 2618 952 2646 hoc

159 2675 289 2704 eveniret.
311 2672 383 2705 ideo,
405 2671 481 2706 quasi
503 2669 537 2698 ab
559 2676 611 2696 uno
625 2668 722 2703 capite,
738 2671 823 2694 totum
845 2665 953 2702 generis

160 2720 268 2747 immani
293 2723 390 2751 corpus
409 2714 554 2750 colligavit.
571 2713 605 2741 Et
620 2713 681 2748 quia
706 2711 733 2739 in
754 2711 885 2747 principio
899 2710 953 2738 duo

160 2765 267 2801 quidam
284 2763 444 2790 videbantur
458 2767 518 2788 esse
530 2780 537 2793 ,
551 2758 612 2786 vide
622 2757 757 2793 quomodo
769 2757 830 2784 illos
839 2755 952 2791 conglu-

161 2812 225 2838 tinet
239 2815 267 2837 et
284 2809 310 2836 in
326 2815 409 2835 unum
423 2810 501 2842 cogat
514 2813 561 2840 per
575 2803 737 2832 concubium
757 2812 764 2830 :
781 2802 890 2837 Propter
907 2802 954 2828 hoc

161 2857 243 2890 enim,
257 2855 355 2890 inquit,
372 2853 494 2888 relinquet
509 2851 583 2878 homo
599 2854 695 2885 patrem
708 2857 782 2876 suum
802 2853 825 2875 et
837 2853 952 2879 matrem,

163 2907 184 2930 rt
197 2901 336 2930 adliarebit
357 2900 431 2927 uxori
456 2905 519 2931 sua,
547 2901 570 2924 et
590 2900 663 2923 erunt
686 2895 737 2923 duo
759 2895 786 2921 in
807 2902 883 2921 carne
904 2902 953 2920 una

638 171 670 200 IN
689 169 797 199 EPIST.
817 168 827 197 l
858 167 905 197 Al)
922 166 1000 195 COR.
1023 167 1138 194 ιιοιιιι,.
1160 165 1280 193 XXXIV.

1727 167 1776 193 2-?"

987 223 1109 258 μέθη-2.
1125 223 1189 258 2i).
1211 223 1270 251 Non
1289 222 1375 256 dixit,
1400 223 1509 255 Mulier.
1532 223 1690 258 schlomo,
1715 226 1776 259 quia

985 268 1071 304 major
1082 273 1123 296 est
1145 269 1171 296 in
1187 269 1232 296 illo
1244 269 1472 303 concupiscantia.
1490 269 1557 296 Nam
1571 269 1632 297 ideo
1647 271 1777 305 majorem

986 314 1057 341 illam
1080 314 1152 347 fecit,
1176 319 1204 342 ut
1224 315 1295 350 quod
1317 316 1492 343 excellentius
1514 320 1574 344 erat
1587 317 1706 344 ﬂecteret
1731 326 1779 352 per

986 359 1063 394 lmjus
1078 360 1177 388 amoris
1191 361 1371 396 tyrannidem,
1389 367 1416 388 et
1435 362 1604 390 imbecilliori
1620 363 1777 397 subjiceret.

986 406 1051 439 Quia
1066 413 1130 433 vero
1143 407 1340 433 matrimonium
1351 407 1431 434 etiam
1444 407 1622 436 inducendum
1635 414 1703 442 erat,
1715 417 1777 437 eum

986 460 1017 479 cx
1032 459 1085 487 quo
1099 457 1155 479 orta
1172 457 1229 479 erat
1249 451 1312 479 fecit
1326 452 1432 479 mulieri
1453 453 1577 480 maritum
1596 463 1602 480 :
1620 454 1690 482 Deus
1703 455 1776 482 enim

985 499 1074 526 omnia
1089 498 1193 525 caritati
1209 498 1354 533 postponit.
1371 498 1399 525 Si
1415 499 1486 526 enim
1502 506 1562 526 cum
1578 507 1621 526 res
1644 501 1680 527 ita
1700 500 1778 528 facta:

986 545 1039 572 sint
1050 564 1058 578 ,
1074 544 1176 580 primus
1190 545 1281 572 statim
1298 545 1336 572 sic
1352 545 1477 572 insanivit
1490 550 1643 581 tantamque
1664 555 1777 582 pugnant

986 595 1013 618 et
1026 591 1150 618 invidiam
1172 591 1283 617 inseruit
1297 591 1421 618 diabolus
1438 599 1445 623 ;
1467 591 1529 626 quid
1547 599 1599 619 non
1616 592 1738 624 fecisset,
1755 594 1776 620 si

986 645 1039 666 non
1050 645 1082 665 ex
1097 645 1149 665 una
1160 638 1250 665 radice
1264 638 1314 665 orti
1328 639 1540 672 germinassenl?
1551 639 1651 667 Deinde
1665 646 1693 668 ut
1705 640 1778 668 aliud

986 684 1091 719 quidem
1106 684 1292 718 siiltjiceretur,
1312 685 1383 711 aliud
1405 684 1572 719 imperaret;
1596 694 1657 712 nam
1675 687 1775 721 paritas

987 729 1097 757 honoris
1110 730 1179 757 solet
1190 737 1261 765 saepe
1277 738 1378 765 pugnas
1392 730 1517 758 inducere
1531 739 1538 763 ;
1554 739 1606 759 non
1620 732 1678 759 sirit
1697 741 1779 767 popu-

987 775 1043 802 lare
1057 776 1198 809 imperium
1213 783 1283 808 esse,
1296 776 1342 802 sed
1352 784 1473 810 regnum,
1489 782 1515 804 et
1529 777 1597 804 sicut
1613 778 1637 804 in
1649 780 1778 811 exerci'u,

987 822 1111 849 eumdem
1125 822 1224 849 vidi-ris
1246 823 1270 849 in
1290 822 1402 856 singulis
1426 822 1549 850 domibus
1572 823 1705 851 ordinem.
1730 824 1779 852 Est

987 877 1051 904 ergo
1066 869 1176 896 maritus
1192 869 1217 895 in
1233 868 1327 896 ordine
1341 868 1411 903 regis
1422 890 1429 900 ,
1447 869 1542 896 mulier
1557 877 1622 896 vero
1636 870 1662 896 in
1684 870 1780 897 ordiuc

989 914 1106 950 prmfecti
1130 919 1176 941 aut
1196 915 1270 941 ducis
1284 915 1436 946 exercitus;
1453 915 1560 941 tertium
1576 914 1622 941 lilii
1638 915 1780 949 imperium

989 961 1155 992 sortiuntur;
1184 961 1282 988 deinde
1307 966 1430 996 quartum
1456 961 1596 989 domestici
1623 967 1780 996 occupant:

989 1015 1050 1034 nam
1073 1007 1100 1034 hi
1116 1015 1222 1042 quoque
1247 1007 1379 1042 imperant
1394 1007 1552 1039 minoribus,
1577 1012 1603 1035 et
1624 1015 1692 1035 unus
1709 1015 1781 1043 smpe

988 1055 1113 1082 omnibus
1136 1055 1279 1089 prmfcctus
1305 1053 1369 1086 fuit,
1392 1054 1492 1081 domini
1513 1054 1633 1082 ordinem
1659 1062 1780 1087 servans,

988 1105 1113 1128 caeterum
1128 1105 1156 1127 ut
1168 1100 1340 1127 domesticus.
1351 1100 1385 1127 Et
1399 1105 1460 1134 post
1477 1099 1527 1128 hoc
1540 1100 1612 1127 aliud
1627 1109 1718 1128 rursus
1732 1101 1782 1128 im-
1794 1090 1797 1093 I

989 1147 1091 1182 perium
1101 1147 1139 1182 (a)
1149 1146 1187 1182 [et
1198 1147 1222 1173 in
1232 1147 1308 1181 ipsis,
1323 1146 1460 1180 imperium
1473 1146 1625 1179 mulierum,
1641 1147 1782 1181 imperium

990 1192 1135 1228 ﬁliorum],
1160 1196 1187 1219 et
1209 1192 1236 1220 in
1253 1193 1317 1227 ipsis
1341 1192 1402 1219 filiis
1416 1199 1509 1219 rursus
1534 1192 1606 1219 aliud
1633 1192 1782 1220 secundum

993 1243 1095 1267 etatem
1114 1244 1142 1266 ct
1166 1239 1313 1266 secundum
1335 1246 1452 1266 sexum:
1470 1246 1522 1266 non
1547 1238 1618 1266 enim
1640 1239 1666 1266 in
1691 1238 1783 1266 liberis

990 1285 1114 1312 similiter
1127 1285 1294 1312 dominatum
1309 1285 1410 1312 obtinet
1430 1285 1538 1312 femina.
1560 1285 1592 1312 Et
1614 1285 1712 1319 ubique
1728 1285 1782 1312 fere

991 1330 1060 1358 Deus
1090 1330 1237 1365 frequentia
1258 1329 1320 1357 fecit
1345 1330 1474 1364 imperia,
1503 1334 1532 1357 ut
1558 1330 1647 1356 omnia
1673 1330 1698 1357 io
1714 1337 1781 1357 cou<

990 1377 1080 1404 cordia
1102 1381 1241 1403 manerent
1260 1380 1287 1403 et
1304 1375 1329 1402 in
1349 1381 1422 1402 recto
1443 1374 1548 1402 ordine.
1575 1375 1687 1409 Idcirco,
1705 1381 1782 1403 ante-

990 1431 1070 1457 quam
1089 1429 1172 1457 genus
1197 1421 1341 1448 humanum
1364 1421 1597 1455 multiplicaretur,
1620 1428 1680 1448 cum
1704 1421 1783 1456 primi

990 1468 1045 1496 duo
1054 1473 1154 1495 tantum
1164 1472 1265 1500 essent,
1273 1467 1353 1502 jussit
1364 1466 1433 1493 hunc
1442 1467 1585 1501 imperare,
1596 1466 1667 1493 illam
1679 1474 1783 1501 parere.

992 1514 1025 1542 Et
1047 1522 1081 1541 nc
1104 1520 1197 1540 rursus
1221 1513 1293 1540 illam
1311 1517 1339 1539 ut
1353 1512 1485 1539 minorem
1510 1512 1678 1546 despiceret,
1699 1516 1726 1540 et
1739 1513 1783 1539 illa

991 1560 1200 1592 abscinderetur,
1225 1559 1285 1586 vide
1306 1558 1441 1593 quomodo
1464 1558 1536 1585 illam
1558 1557 1731 1585 honoraverit
1754 1563 1782 1585 et

992 1607 1170 1642 conjunxerit,
1185 1606 1266 1634 etiam
1281 1610 1343 1633 ante
1353 1605 1529 1632 creationem.
1543 1604 1609 1632 Nam
1620 1605 1658 1631 ait
1672 1614 1678 1631 :
1697 1604 1786 1631 Facia-

993 1662 1048 1680 mus
1063 1653 1102 1680 illi
1116 1653 1258 1687 adjutorem
1283 1650 1357 1687 (Gen.
1371 1651 1397 1678 2.
1415 1651 1461 1686 18)
1477 1658 1484 1682 ;
1506 1650 1650 1678 ostendens
1669 1650 1739 1677 illam
1760 1650 1787 1676 in

995 1707 1070 1726 usum
1095 1698 1190 1725 fartam
1205 1697 1305 1730 fuisse,
1321 1702 1347 1724 et
1362 1697 1410 1724 hac
1427 1697 1531 1723 ratione
1548 1696 1697 1723 concilians
1713 1696 1786 1723 illum

994 1753 1055 1773 cum
1069 1753 1111 1777 ea,
1127 1752 1187 1779 qua:
1201 1749 1311 1778 propter
1331 1743 1417 1778 ipsum
1441 1742 1510 1769 facta
1524 1741 1573 1769 fuit
1587 1750 1594 1769 :
1609 1750 1670 1768 nam
1693 1742 1788 1776 majori

995 1792 1091 1819 alii-ctu
1107 1791 1218 1819 ferimur
1238 1798 1300 1825 erga
1322 1798 1352 1817 ea
1367 1798 1427 1824 qua:
1440 1793 1552 1824 propter
1568 1796 1617 1815 nos
1631 1788 1699 1815 facta
1714 1793 1787 1816 sunt.

996 1839 1031 1867 Ut
1042 1847 1075 1866 ue
1087 1843 1174 1866 autem
1187 1837 1231 1864 illa
1243 1844 1338 1864 rursus
1351 1836 1502 1866 efferretur,
1519 1840 1609 1870 utpote
1623 1835 1648 1862 in
1660 1835 1787 1862 auxilium

997 1887 1046 1922 ipsi
1060 1886 1131 1916 data,
1148 1889 1174 1912 et
1189 1884 1239 1911 hoc
1251 1887 1387 1918 rumperet
1401 1883 1548 1916 vinculum,
1568 1889 1599 1909 ex
1617 1881 1699 1908 latere
1714 1881 1787 1908 illam

998 1933 1070 1965 fecit,
1095 1930 1241 1959 ostendens
1262 1929 1334 1956 illam
1356 1933 1457 1963 partem
1474 1935 1535 1955 esse
1553 1927 1634 1954 totius
1655 1926 1788 1960 corporis.

999 1980 1033 2008 Ut
1047 1983 1135 2006 autem
1157 1984 1244 2011 neque
1259 1977 1300 2003 vir
1320 1975 1383 2002 inde
1402 1974 1586 2007 extollerctur,
1603 1981 1654 2000 non
1677 1972 1792 2007 amplius

998 2027 1062 2055 sinit
1076 2033 1136 2054 esse
1149 2025 1242 2054 solius,
1257 2022 1328 2058 quod
1344 2022 1427 2049 solius
1442 2021 1556 2056 primum
1573 2021 1620 2047 fuit
1637 2028 1643 2052 ;
1664 2019 1711 2047 sed
1725 2026 1790 2046 con-

1000 2073 1110 2102 trarium
1134 2071 1206 2103 fecit,
1230 2070 1374 2097 liberorum
1400 2067 1614 2102 procreationem
1638 2065 1791 2097 inducens;

1000 2124 1027 2147 et
1039 2119 1088 2145 hac
1103 2118 1128 2144 iu
1143 2124 1172 2144 re
1184 2115 1292 2151 quidem
1305 2114 1391 2141 virum
1413 2112 1570 2148 prmfercns,
1595 2119 1681 2146 neque
1702 2115 1790 2138 tamen

1001 2170 1084 2193 totutn
1097 2163 1146 2199 ipsi
1160 2162 1323 2197 relinquens.

1036 2211 1063 2238 ι.
1081 2207 1201 2236 Vidistin‘
1213 2211 1275 2242 quot
1293 2205 1391 2233 amoris
1407 2205 1511 2232 vincula
1527 2204 1596 2231 Deus
1613 2203 1705 2230 fecerit
1716 2202 1728 2229 ’ἰ
1739 2202 1793 2230 Sed

1003 2258 1060 2285 hmc
1080 2255 1187 2291 quidem
1211 2262 1242 2282 ex
1273 2258 1365 2280 natura
1389 2248 1539 2279 concordizc
1564 2250 1671 2284 pignora
1694 2248 1794 2284 posuit.

1002 2304 1068 2331 Nam
1082 2301 1152 2337 quod
1166 2308 1198 2328 ex
1219 2299 1313 2327 eadem
1334 2297 1482 2325 substantia
1507 2296 1551 2327 sit,
1575 2295 1607 2322 ad
1628 2295 1679 2322 hoc
1699 2293 1796 2320 ducit:

1002 2358 1082 2379 omne
1097 2349 1195 2385 quippe
1215 2345 1314 2374 animal
1336 2343 1406 2379 quod
1426 2343 1515 2370 simile
1537 2342 1586 2376 ipsi
1608 2345 1753 2372 estamat;
1769 2344 1795 2366 cl

1003 2397 1072 2433 quod
1086 2395 1183 2423 mulier
1198 2393 1233 2421 sit
1248 2400 1280 2420 ex
1292 2393 1351 2419 viro
1363 2412 1371 2424 ,
1387 2395 1414 2417 et
1428 2388 1499 2424 quod
1514 2395 1548 2415 ex
1561 2392 1674 2422 utroque
1689 2393 1797 2413 rursum

1003 2444 1056 2472 sint
1071 2442 1128 2470 ﬁlii.
1143 2440 1219 2469 Unde
1234 2439 1315 2467 ctiatn
1331 2440 1476 2465 nascuntur
1491 2434 1569 2462 multi
1587 2433 1699 2461 allectus
1713 2433 1796 2460 modi.

1004 2491 1080 2518 lllum
1103 2494 1219 2523 namque
1239 2490 1267 2513 ιιι
1282 2489 1385 2520 patrem
1399 2489 1519 2510 amamus
1531 2502 1538 2514 ,
1558 2481 1631 2508 illum
1654 2485 1684 2508 ιιι
1697 2487 1796 2511 arum;

1005 2543 1029 2566 et
1045 2537 1116 2564 illam
1130 2540 1158 2562 ut
1171 2537 1298 2564 matrem,
1312 2532 1388 2559 istam
1410 2533 1439 2556 ut
1452 2528 1602 2559 nutricem;
1625 2526 1706 2554 alium
1723 2530 1751 2552 ιιι
1764 2526 1798 2552 li-

1005 2585 1081 2617 lium,
1095 2587 1124 2610 ut
1147 2584 1282 2615 nepotem,
1303 2583 1331 2605 ut
1354 2579 1549 2612 pronepotem;
1573 2573 1652 2600 aliam
1667 2576 1696 2600 ut
1717 2572 1800 2599 filiam

1005 2635 1033 2658 et
1045 2633 1073 2656 ut
1085 2627 1185 2656 sororis
1200 2626 1279 2653 filiam
1293 2627 1334 2651 :et
1345 2623 1416 2649 hunc
1426 2621 1532 2657 quidem
1547 2623 1575 2647 ut
1585 2619 1704 2651 fratrem,
1716 2619 1797 2645 alium

1006 2685 1071 2705 vero
1086 2680 1113 2703 ut
1128 2673 1274 2709 patruelem
1287 2679 1293 2703 ;
1309 2671 1387 2697 aliam
1403 2673 1431 2696 ut
1445 2674 1575 2700 sororem,
1589 2666 1668 2693 aliam
1684 2669 1713 2692 ut
1731 2671 1798 2691 con-

1006 2723 1152 2752 sobrinam.
1168 2719 1202 2747 Et
1218 2716 1281 2753 quid
1296 2724 1363 2751 opus
1378 2719 1420 2743 est
1433 2720 1577 2742 recensere
1595 2711 1683 2739 oinnia
1698 2717 1798 2744 cogna-

1007 2768 1088 2797 tionis
1103 2765 1210 2794 nomina
1224 2764 1236 2791 τ
1252 2761 1420 2798 Excogitavit
1433 2760 1512 2788 etiam
1534 2759 1614 2785 aliam
1629 2756 1739 2783 allectus
1753 2761 1798 2779 ec-

1006 2817 1141 2846 casionem
1159 2823 1166 2841 :
1178 2811 1319 2848 prohibitis
1329 2810 1401 2838 enim
1415 2811 1588 2843 cognatorum
1602 2802 1753 2832 connubiis,
1764 2799 1798 2826 ad

1040 2895 1077 2926 (rt)
1094 2892 1189 2918 Unclnis
1197 2890 1277 2915 clausa
1290 2894 1304 2913 e
1318 2886 1461 2913 Commelin.
1474 2881 1649 2914 supplevimus.
