2034 3109
213 173 263 201 291

213 232 317 259 alienos
331 228 422 256 eduxit
436 234 500 257 nos,
519 226 632 259 illosque
649 230 753 250 rursum
775 221 807 247 ad
823 229 870 247 nos
885 221 1006 247 attraxit.

216 277 282 310 Quia
299 275 370 303 enim
386 282 401 300 a
414 272 526 300 naturali
539 271 584 297 illa
600 269 757 304 cognatione
769 276 821 307 non
837 267 934 293 licebat
948 266 1007 292 illos

216 323 294 351 nobis
307 320 442 355 conjungi,
457 327 470 345 a
484 317 619 345 conmthiu
631 323 723 343 rursus
733 314 881 349 conjunxit,
892 314 1008 347 integras

215 369 310 396 domos
325 375 373 402 per
385 373 466 392 unam
482 370 605 398 sponsam
618 361 794 396 coniungens,
812 364 840 387 et
853 366 950 393 genera
967 359 1008 385 iu-

215 420 289 449 tegra
304 411 448 447 generibus
463 408 651 436 commiscens.
674 406 715 433 Ne
727 407 815 437 ducas,
832 405 929 439 inquit,
945 412 1009 430 uro-

215 468 267 486 rem
287 465 397 485 sororem
410 462 479 482 luant
489 475 496 486 ,
508 462 587 489 neque
603 461 713 480 sororem
733 452 822 487 patris,
839 459 918 485 neque
932 451 1008 476 alium

215 505 325 540 puellam
349 510 405 538 quae
420 502 494 528 talem
510 505 591 527 tecum
610 499 784 534 cognationem
806 497 894 523 habeat
910 495 1008 531 (Leuit.

215 551 260 577 18.
289 550 305 576 8
324 549 356 576 10
373 550 397 582 ),
420 555 480 582 qua:
504 545 703 573 matrimonium
727 543 875 577 impediat,
902 541 1009 568 nomina

216 602 319 630 ponens
333 592 486 627 ltujusmodi
502 591 702 626 cognationum.
719 589 777 615 'l'ilti
791 588 889 615 sufficit
902 587 934 614 ad
949 587 1010 614 illo-

216 649 274 667 rmn
298 639 423 666 allectum
449 637 629 668 trahendum,
657 635 727 670 quod
750 634 844 662 eodem
875 638 948 667 partu
974 633 1010 659 sis

214 686 314 718 editus,
330 690 357 712 et
376 684 447 719 quod
462 683 495 711 ad
512 688 538 710 te
556 682 634 709 aliter
647 681 706 708 alia:
720 685 842 715 spectent
855 680 1009 706 afﬁnitates.

215 732 268 759 Cur
282 732 307 759 in
324 735 465 766 angustum
478 730 577 764 redigis
589 728 755 755 latitudinem
767 727 885 754 caritatis
900 726 969 752 ?cur
985 726 1010 752 in

217 779 288 805 illam
312 778 408 804 frustra
432 775 546 809 suscipis
573 774 697 801 amicitiae
717 780 837 804 causam,
862 780 908 806 per
932 779 1010 805 quam

217 829 294 858 potes
314 823 391 850 aliam
407 821 533 856 consequi
556 819 681 846 amicitia:
698 818 878 850 occasionem,
901 823 1011 844 externa

174 861 178 866 ”
217 870 323 897 inducta
340 876 434 899 uxore,
449 873 474 894 et
490 875 536 901 per
549 867 619 893 illam
638 865 768 892 inducens
781 868 955 899 cognatorum
968 871 1012 890 se-

218 917 294 946 riem,
312 921 433 946 matrem,
460 919 571 948 patrem,
600 911 698 938 fratres
721 915 748 938 et
768 910 873 937 illorum
898 910 1012 937 affines?

218 960 312 987 Viden‘
333 965 396 994 quot
420 958 505 985 mmlis
520 965 568 984 nos
584 957 750 991 colligaverit
763 956 774 981 ?
788 957 911 982 Attamen
927 963 1013 990 neque

219 1006 261 1032 his
275 1010 417 1033 contentus
431 1004 488 1035 fuit,
505 1003 551 1030 sed
564 1003 643 1030 etiam
656 1001 745 1029 effecit
760 1006 788 1028 ut
801 1001 846 1028 alii
862 1001 922 1028 aliis
942 1001 1012 1028 indi-

218 1058 350 1087 geremus,
365 1055 392 1077 ut
403 1049 483 1076 etiam
499 1048 538 1075 sic
553 1055 602 1075 nos
615 1047 799 1082 conjungeret,
811 1047 872 1081 quia
883 1046 1014 1073 amicitias

219 1106 282 1125 ustts
297 1097 368 1124 facit.
393 1096 455 1123 Ideo
470 1103 522 1122 non
537 1095 635 1129 ubique
650 1095 738 1121 omnia
752 1093 822 1128 gigni
844 1093 972 1127 permisit,
986 1098 1014 1119 ιιι

219 1144 282 1171 hinc
305 1143 386 1170 etiam
403 1149 452 1169 nos
467 1145 576 1175 cogeret
597 1148 656 1167 cum
672 1140 730 1166 aliis
744 1139 924 1166 commisceri.
945 1138 1012 1164 Cum

221 1198 300 1224 porro
316 1188 379 1216 illud
392 1187 525 1215 effecisset
550 1191 579 1213 ut
599 1187 666 1214 alter
679 1186 763 1212 altero
776 1192 914 1220 egeremus
926 1206 933 1218 ,
950 1184 1014 1211 faci-

220 1237 271 1262 letn
296 1234 409 1262 reddidit
431 1233 647 1260 commixtioncm
665 1240 671 1258 :
688 1231 737 1258 nisi
762 1230 832 1258 enim
857 1230 908 1256 huc
923 1235 1012 1260 esset.

220 1281 302 1307 altera
316 1280 378 1306 hinc
391 1278 512 1306 molestia
526 1283 551 1304 et
564 1276 709 1303 difficultas
722 1281 882 1309 emergeret.
899 1275 926 1303 Si
939 1276 1012 1302 enim

221 1326 325 1353 medico
338 1329 461 1359 egentem
477 1328 521 1350 aut
536 1323 609 1350 fabro
629 1327 673 1348 :mt
686 1322 739 1348 alio
759 1322 863 1349 artifice
877 1326 1015 1356 oporteret

220 1378 332 1406 peregre
349 1369 490 1405 proficisci,
507 1373 589 1396 tottun
607 1368 715 1402 periret.
729 1366 791 1394 Ideo
807 1371 833 1394 et
845 1367 924 1394 urbes
937 1374 1014 1401 para-

221 1418 268 1449 vit,
281 1421 307 1443 ct
319 1423 414 1442 onmcs
425 1413 502 1441 simul
512 1413 661 1447 conjunxit.
672 1411 706 1439 Ut
717 1417 805 1439 autem
817 1419 863 1439 eos
870 1412 912 1446 qui
924 1411 1015 1446 procul

220 1467 282 1490 sunt
301 1462 378 1489 facile
392 1461 465 1488 adire
488 1467 637 1494 possemus,
654 1466 727 1485 mare
738 1459 764 1485 in
777 1458 866 1486 medio
885 1459 1014 1490 extendit,

219 1513 246 1535 et
271 1513 409 1534 ventorum
434 1506 508 1533 dedit
531 1505 705 1536 celeritatem,
729 1504 767 1531 sic
788 1503 877 1531 faciles
901 1504 1016 1531 reddens

220 1552 457 1588 peregrinationes.
483 1550 561 1578 [uitio
583 1550 663 1578 etiam
686 1557 780 1576 omnes
805 1549 831 1576 in
856 1557 908 1576 uno
930 1551 1017 1585 coegit

221 1601 298 1632 loco;
312 1606 398 1633 neque
413 1598 485 1632 prius
499 1596 637 1631 dispersit,
654 1595 741 1623 donec
753 1596 770 1622 ii
783 1596 827 1630 qui
840 1596 954 1630 primum
968 1597 1016 1623 do-

222 1655 285 1674 num
301 1649 469 1680 acceperant,
487 1643 631 1671 concordia
647 1642 679 1670 ad
699 1643 799 1669 malum
814 1643 852 1669 usi
869 1646 952 1674 sunt;
968 1642 1015 1669 Sed

222 1693 339 1727 inlidique
355 1699 404 1718 nos
416 1690 535 1725 collegit,
547 1695 573 1717 et
584 1697 599 1716 a
614 1693 707 1716 natura
724 1694 750 1716 et
760 1697 775 1715 a
788 1688 948 1723 cognatione
961 1693 986 1716 et
1001 1696 1015 1715 a

222 1739 310 1773 lingua
332 1743 359 1764 et
377 1745 390 1763 a
411 1737 481 1763 loco.
501 1736 540 1763 Ac
560 1735 628 1762 sicut
651 1734 757 1762 nolebat
779 1741 828 1760 nos
844 1733 969 1761 excidere
984 1741 1016 1761 ex

220 1784 393 1821 paradiso;si
405 1784 477 1810 enim
493 1782 631 1814 voluisset,
647 1789 700 1808 nou
712 1781 767 1808 illic
779 1789 840 1808 eum
852 1788 931 1814 quem
948 1780 1017 1808 fece—

222 1835 263 1858 rat
277 1830 412 1858 homincm
430 1830 455 1856 in
473 1828 602 1863 principio
615 1827 757 1862 posuisset,
770 1826 816 1854 sed
827 1826 872 1861 qui
888 1834 939 1853 non
952 1826 1016 1853 ohe.

222 1878 298 1909 divit,
317 1877 342 1903 in
365 1883 444 1903 causa
461 1876 509 1902 fuit
526 1884 532 1902 :
550 1876 589 1902 sic
603 1881 652 1900 nos
670 1874 778 1901 nolebat
792 1873 906 1899 diversa:
921 1872 1016 1907 linguae

223 1931 301 1956 esse;
318 1930 378 1949 nam
391 1921 424 1949 ab
438 1921 513 1948 initio
528 1920 580 1948 hoc
594 1920 700 1947 fecisset
716 1927 723 1951 ;
739 1927 809 1946 nunc
820 1924 909 1945 autem
923 1920 948 1945 in
963 1923 1015 1945 tota

224 1974 294 1996 terra
311 1968 409 1995 labium
433 1970 490 1994 erat
510 1973 590 1993 unum
612 1970 639 1992 et
656 1972 706 1991 vox
728 1971 779 1991 una
800 1963 936 1990 omnibus.
952 1963 1018 1991 Pro-

225 2021 314 2050 ptetca
329 2021 378 2040 nec
392 2012 500 2048 quando
511 2017 610 2039 terram
623 2011 740 2045 oportuit
749 2009 844 2041 deleri,
857 2017 906 2036 nos
919 2017 950 2035 cx
963 2009 1015 2036 alia

225 2060 286 2087 fecit
308 2059 429 2090 materia,
447 2065 534 2093 neque
554 2057 656 2092 justum
679 2054 833 2087 transtulit;
851 2054 897 2082 sed
922 2055 967 2081 illo
991 2055 1017 2081 in

225 2106 318 2134 mediis
328 2105 451 2132 fluctibus
461 2104 583 2134 dimisso,
596 2102 670 2137 quasi
682 2101 795 2137 quadam
807 2100 880 2127 orbis
891 2101 1016 2134 scintilla,

224 2161 308 2188 genus
323 2156 443 2179 nostrum
461 2157 553 2177 rursus
567 2148 690 2176 accendit
701 2156 733 2175 ex
751 2149 828 2176 beato
842 2149 887 2175 illo
903 2149 967 2177 Noe.
985 2149 1018 2176 Et

225 2199 259 2226 ab
274 2199 349 2225 initio
364 2197 472 2232 quidem
487 2204 568 2223 unum
590 2195 653 2221 fecit
668 2195 809 2229 imperium
823 2195 909 2222 virum
929 2195 1015 2229 praefi-

225 2245 301 2271 ciens
322 2242 426 2270 mulieri
443 2251 449 2268 :
465 2241 527 2276 quia
541 2247 605 2267 vero
619 2247 704 2275 genus
724 2244 844 2267 nostrum
860 2239 886 2267 in
908 2240 1018 2267 multam

225 2289 326 2316 decidit
341 2287 443 2315 ordinis
457 2287 634 2316 eversionem,
649 2284 700 2312 alia
715 2292 820 2320 quoque
834 2285 944 2320 imperia
956 2293 1020 2313 con-

226 2335 331 2366 stituit,
348 2341 444 2368 nempe
466 2332 636 2359 dominorum
651 2335 678 2358 et
691 2332 911 2366 magistratuum;
929 2335 955 2359 et
970 2331 1021 2360 huc

228 2385 337 2416 propter
352 2379 502 2406 caritatem.
517 2378 583 2411 Quia
597 2377 668 2404 enim
685 2377 784 2404 malitia
800 2384 884 2412 genus
901 2382 1019 2404 nostrum

227 2427 307 2455 solvit
317 2431 346 2454 et
357 2426 474 2461 perimit,
488 2433 537 2452 ceu
550 2424 680 2460 quosdam
695 2423 813 2451 medicos
829 2424 855 2450 in
870 2423 965 2461 mediis
977 2432 1022 2451 ur-

228 2474 306 2500 bibus
319 2472 457 2499 constituit
471 2471 514 2506 qui
524 2470 624 2506 judicia
636 2469 748 2501 ferrent,
766 2473 795 2496 ut
807 2468 934 2503 deinceps
946 2469 1022 2496 mali-

229 2519 291 2546 tiam
307 2525 356 2545 ceu
375 2517 515 2552 quamdam
530 2515 649 2543 caritatis
671 2520 772 2550 pestem
788 2515 957 2542 eliminantes
971 2535 977 2547 ,
995 2515 1021 2542 in

230 2571 309 2592 unum
327 2572 375 2590 nos
386 2567 523 2596 cogerent.
540 2562 573 2590 Ut
588 2566 676 2589 autem
693 2569 745 2588 non
759 2562 844 2588 solum
861 2561 886 2588 in
900 2561 1020 2592 urbibus.

230 2610 277 2639 sed
292 2611 371 2637 etiam
385 2609 410 2636 in
425 2609 537 2644 singulis
548 2608 673 2636 domibus
687 2608 769 2634 multa
781 2607 924 2634 concordia
935 2612 1021 2639 esset;

229 2664 290 2683 cum
305 2656 391 2682 virum
405 2655 518 2689 imperio
531 2658 558 2681 et
573 2653 754 2688 prateelleutia
770 2653 928 2680 honorasset
939 2673 945 2685 ,
962 2661 1022 2679 tnu-

230 2703 321 2729 liorem
337 2707 425 2729 autent
445 2699 662 2735 concupiscentia
677 2703 825 2731 armasset,
850 2703 878 2726 et
896 2706 1022 2733 procrea-

230 2749 310 2776 tionis
323 2749 468 2776 liberorum
482 2747 582 2774 donum
596 2747 622 2773 in
637 2745 725 2773 medio
740 2753 832 2773 eorum
843 2746 1020 2781 deposuisset,

230 2795 281 2821 alia
296 2802 356 2822 cum
382 2794 423 2821 his
444 2801 504 2828 qua:
526 2792 664 2820 caritatem
684 2793 859 2820 conciliarent
873 2798 1020 2827 apparavit.

233 2839 321 2874 Neque
342 2839 413 2867 enim
428 2839 517 2865 omnia
531 2838 652 2873 permisit
666 2838 723 2865 viro
733 2858 740 2870 ,
758 2845 844 2874 neque
857 2838 947 2865 omnia
962 2847 1021 2866 ntu-

232 2884 301 2916 lieri,
319 2884 364 2910 sed
379 2889 405 2911 et
427 2884 484 2910 Ιιωε
499 2882 641 2918 uuicuiqtte
655 2883 762 2917 divisit,
780 2882 884 2910 mulieri
900 2882 1021 2917 domum,

552 169 580 196 S.
599 165 737 196 JOANNIS
755 163 988 192 CHRYSOSTOMI
1009 161 1167 190 ARClllEl’.
1188 161 1452 190 CONSTANTINOP.

1806 162 1858 190 2‘]!

1064 219 1121 246 viro
1133 218 1219 246 forum
1234 219 1412 254 consignans;
1427 223 1454 246 et
1466 219 1523 246 viro
1533 219 1641 254 quidem
1653 224 1681 247 ut
1696 220 1789 253 aleret,
1805 226 1859 248 ter-

1064 273 1121 292 ram
1135 265 1206 291 enim
1228 265 1309 298 colit;
1324 265 1430 292 mulieri
1445 272 1510 292 vero
1526 269 1553 292 ut
1566 265 1694 298 vestiret,
1716 265 1767 292 tela
1786 267 1857 293 enim

1062 316 1088 338 et
1107 311 1184 338 colus
1206 315 1269 337 sunt
1290 310 1411 338 mulieris
1429 319 1436 337 :
1452 310 1509 345 ipse
1531 318 1647 346 namque
1665 311 1739 338 dedit
1753 311 1858 340 mulieri

1063 357 1170 384 texendi
1193 357 1363 384 industriam.
1386 357 1439 384 Sed
1463 362 1555 392 pereat
1575 359 1705 390 avaritia,
1731 367 1790 394 qua:
1806 367 1858 387 non

1063 404 1126 431 sinit
1139 403 1208 430 hanc
1218 410 1348 438 apparere
1359 402 1546 430 differentiam.
1560 403 1625 430 Nam
1636 404 1781 431 multorum
1793 405 1860 432 mol-

1063 449 1134 476 lities
1150 448 1223 476 viros
1237 448 1270 475 ad
1285 448 1352 475 telas
1366 448 1492 481 deduxit,
1513 453 1540 475 et
1562 449 1650 476 radios
1672 450 1710 477 eis
1724 450 1750 478 in
1765 458 1860 478 manus

1062 493 1136 521 dedit
1158 499 1185 521 et
1207 494 1364 529 sublcgmcn
1388 498 1415 521 et
1429 494 1554 521 stamina.
1572 495 1696 522 Attamen
1717 496 1756 524 sic
1778 497 1859 524 etiam

1063 539 1145 574 fulget
1159 539 1257 566 divina:
1279 540 1486 574 dispensationis
1509 540 1686 575 providentia.
1709 541 1776 569 Nam
1799 550 1860 569 mu-

1063 585 1128 613 liere
1149 586 1174 613 in
1189 585 1249 612 aliis
1262 586 1343 613 etiam
1363 586 1507 614 admodum
1522 588 1682 614 necessariis
1696 595 1764 623 opus
1776 588 1859 615 habe-

1063 639 1133 662 mus,
1146 637 1173 658 et
1184 632 1332 658 minoribus
1346 632 1372 658 in
1383 632 1415 658 iis
1427 639 1487 666 qua:
1497 633 1578 659 vitam
1589 634 1727 661 continent
1741 639 1859 661 nostram

1064 677 1230 711 indigemus;
1248 681 1373 712 tantaque
1394 681 1436 704 est
1459 678 1604 705 necessitas
1616 699 1623 711 ,
1639 682 1668 705 ut
1682 679 1788 706 etiamsi
1801 680 1860 714 quis

1064 723 1183 750 onmium
1198 723 1232 750 sit
1248 722 1386 750 hominum
1403 722 1561 757 ditissimus,
1577 731 1665 758 neque
1677 724 1715 751 sic
1730 724 1781 752 hac
1794 732 1860 751 con-

1061 769 1200 804 junctione
1222 769 1360 802 liberetur,
1386 770 1421 796 ita
1437 769 1558 797 utetiam
1582 770 1709 798 inferiore
1723 779 1791 806 opus
1813 771 1860 797 ha-

1066 816 1136 842 heat.
1152 815 1242 850 Neque
1256 815 1328 842 enim
1343 822 1474 850 pauperes
1489 815 1575 842 solum
1596 823 1664 851 opus
1679 816 1779 844 habent
1792 817 1861 844 divi-

1066 862 1147 894 tibus,
1163 862 1210 889 sed
1224 862 1304 888 etiam
1318 862 1415 889 divites
1430 863 1603 897 pauperibus,
1620 867 1647 890 et
1658 863 1684 890 hi
1700 864 1784 898 magis
1799 864 1859 898 illis,

1064 917 1143 944 quam
1159 908 1196 935 illi
1213 909 1281 936 istis.

1101 956 1126 983 5.
1149 955 1183 982 Ει
1204 961 1233 982 ut
1249 956 1300 982 hoc
1323 955 1421 983 clarius
1443 955 1546 988 videas,
1568 956 1707 989 faciamus,
1723 957 1745 984 si
1761 957 1856 991 placet,

1065 1001 1131 1028 duas
1145 1000 1242 1033 urbes;
1257 1001 1335 1028 aliam
1356 1001 1470 1028 divitum
1492 1006 1606 1034 tantum,
1621 1003 1700 1029 aliam
1717 1011 1782 1030 vero
1797 1011 1861 1038 pau-

1067 1055 1175 1082 perum;
1192 1052 1220 1074 et
1235 1055 1322 1082 neque
1335 1047 1361 1074 in
1377 1055 1407 1074 ea
1422 1055 1481 1082 qua:
1495 1047 1606 1074 divitum
1618 1053 1659 1075 est
1672 1048 1707 1076 sit
1717 1049 1777 1083 quis
1793 1057 1859 1084 pau-

1067 1100 1124 1127 per,
1141 1100 1228 1127 neque
1242 1093 1268 1119 in
1284 1100 1314 1119 ea
1330 1101 1389 1128 qua:
1413 1101 1559 1128 pauperum
1582 1099 1624 1120 est
1645 1094 1678 1121 sit
1693 1095 1753 1129 quis
1773 1095 1859 1128 dives,

1066 1138 1112 1166 sed
1126 1143 1265 1173 utramque
1279 1143 1373 1166 exacte
1388 1146 1569 1174 expurgemus
1582 1149 1587 1166 :
1601 1144 1628 1167 et
1641 1140 1778 1168 videamus
1787 1149 1860 1176 qum-

1067 1192 1127 1210 nam
1144 1184 1228 1219 magis
1242 1184 1292 1211 sibi
1305 1184 1430 1212 sufficere
1446 1186 1553 1219 poterit.
1567 1185 1595 1212 Si
1608 1186 1679 1212 enim
1693 1185 1861 1214 inveniamus

1067 1237 1126 1257 eam
1139 1238 1198 1265 qua:
1213 1230 1308 1265 possit,
1321 1238 1380 1258 esse
1399 1238 1544 1266 pauperum
1561 1232 1664 1264 urbem,
1689 1233 1776 1267 palam
1799 1235 1860 1266 erit,

1067 1276 1139 1311 quod
1154 1276 1252 1303 divites
1268 1277 1352 1311 magis
1376 1277 1430 1304 illis
1445 1277 1593 1312 indigeant.
1610 1277 1702 1313 itaque
1717 1278 1742 1306 in
1758 1279 1803 1306 illa
1818 1279 1860 1307 di-

1068 1323 1151 1350 vitum
1167 1323 1233 1350 urbe
1245 1323 1333 1350 nullus
1348 1323 1399 1350 erit
1411 1323 1521 1356 artifex,
1540 1332 1592 1351 non
1614 1325 1788 1358 architectus,
1806 1334 1858 1353 non

1068 1369 1151 1401 faber,
1168 1377 1221 1396 non
1240 1373 1316 1396 stttor
1330 1369 1490 1401 cztlcearius,
1509 1378 1561 1396 non
1579 1370 1674 1405 pistor,
1690 1379 1742 1398 non
1757 1372 1862 1406 agrico-

1069 1416 1105 1448 la,
1126 1423 1180 1442 non
1202 1415 1279 1442 faber
1293 1416 1416 1448 aerarius,
1437 1422 1489 1442 non
1514 1415 1617 1442 funium
1641 1421 1791 1447 contextor.
1809 1426 1861 1445 non

1067 1462 1140 1490 aliud
1156 1462 1302 1497 quidquam
1320 1462 1481 1496 hujusmodi.
1500 1462 1566 1496 Quis
1579 1463 1650 1489 enim
1672 1463 1784 1490 divitum
1799 1472 1861 1491 um—

1068 1516 1147 1544 quam
1162 1508 1219 1535 hzec
1234 1513 1349 1535 tractare
1358 1508 1483 1541 voluerit,
1496 1508 1604 1543 quando
1614 1508 1630 1535 ii
1641 1509 1733 1542 etiam,
1749 1510 1792 1544 qui
1805 1509 1863 1536 ha-c

1069 1559 1194 1586 tractant,
1220 1561 1281 1581 cum
1304 1553 1425 1588 opulenti
1447 1553 1557 1586 fuerint,
1573 1561 1626 1580 non
1641 1555 1708 1581 ultra
1729 1555 1861 1582 sustinent

1069 1601 1164 1628 horum
1177 1607 1289 1636 operum
1299 1594 1453 1627 miseriam?
1468 1600 1608 1634 Quomodo
1622 1601 1701 1634 igitur
1710 1601 1786 1628 nobis
1798 1601 1862 1628 urbs

1069 1647 1143 1674 istmc
1157 1646 1306 1674 consistet?
1321 1646 1475 1679 Numerata,
1501 1647 1616 1681 inquies,
1641 1647 1753 1681 pecunia
1768 1647 1863 1675 divites

1069 1695 1126 1722 hzec
1141 1702 1156 1721 a
1180 1694 1343 1729 pauperibus
1365 1697 1466 1720 ement.
1483 1693 1553 1728 Ergo
1567 1701 1619 1720 non
1641 1693 1692 1720 sibi
1708 1694 1772 1728 ipsis
1786 1695 1861 1721 suffi-

1069 1740 1151 1772 cient,
1167 1740 1188 1766 si
1206 1739 1259 1766 illis
1273 1739 1417 1773 indigeant.
1429 1739 1570 1772 Quomodo
1584 1744 1674 1766 autem
1689 1739 1785 1766 domos
1799 1739 1863 1766 mdi-

1071 1785 1205 1813 ficabunt?
1219 1792 1252 1811 an
1275 1784 1327 1811 hoc
1347 1785 1427 1811 etiam
1449 1785 1559 1811 cmem?
1579 1784 1626 1811 sed
1649 1785 1674 1812 id
1694 1790 1786 1812 natura
1809 1793 1862 1813 neu

1071 1831 1160 1858 habet.
1177 1831 1248 1866 Ergo
1262 1838 1372 1858 necesse
1385 1835 1425 1857 est
1441 1830 1493 1858 huc
1510 1831 1628 1858 artifices
1643 1839 1768 1865 evocare,
1784 1837 1809 1859 ct
1825 1832 1864 1859 lc-

1069 1885 1129 1912 gem
1153 1884 1337 1911 corrumpere,
1358 1884 1438 1911 quam
1454 1877 1529 1904 initio
1545 1879 1681 1912 posuimus
1694 1885 1754 1905 cum
1771 1878 1864 1905 urbem

1071 1923 1165 1950 incolis
1179 1923 1392 1950 instrueremus:
1407 1922 1567 1949 meministis
1589 1923 1659 1950 enim
1681 1923 1751 1958 quod
1765 1923 1865 1951 dixeri-

1071 1976 1141 2001 mus,
1158 1968 1292 1995 neminem
1307 1975 1367 1995 esse
1380 1967 1452 1995 intus
1465 1975 1621 2003 pauperem.
1632 1968 1685 1996 Sed
1697 1976 1761 1996 ecce
1772 1977 1865 1997 neces-

1070 2015 1136 2042 sitas
1150 2014 1232 2041 etiam
1245 2013 1322 2040 nobis
1335 2013 1488 2040 nolentibus
1503 2013 1576 2048 ipsos
1593 2014 1733 2041 advocavit
1743 2019 1771 2042 et
1782 2015 1865 2042 intro-

1070 2060 1155 2088 duxit.
1171 2059 1248 2087 Unde
1259 2059 1347 2094 palam
1360 2063 1402 2086 est
1417 2067 1468 2086 non
1484 2067 1563 2094 posse
1573 2060 1631 2087 sine
1645 2062 1807 2095 pauperibus
1821 2069 1865 2088 ur-

1071 2106 1131 2134 bem
1148 2105 1304 2133 subsistere.
1318 2105 1345 2132 Si
1360 2106 1431 2133 eniut
1445 2111 1552 2133 maneat
1566 2107 1660 2134 civitas
1672 2107 1774 2134 nullum
1789 2116 1821 2135 ex
1831 2108 1864 2135 iis

1071 2151 1223 2186 excipiens,
1234 2159 1289 2178 non
1303 2151 1370 2178 ultra
1386 2151 1479 2178 civitas
1490 2151 1550 2185 erit,
1567 2152 1613 2179 sed
1627 2153 1734 2186 peribit.
1746 2153 1805 2181 Non
1815 2154 1865 2189 igi-

1073 2203 1115 2225 tur
1128 2198 1178 2225 sibi
1194 2197 1320 2231 sufficict,
1336 2197 1386 2224 nisi
1403 2198 1477 2225 velut
1489 2204 1643 2225 Servatores
1654 2199 1783 2233 quosdam
1799 2208 1865 2236 pau-

1073 2251 1150 2278 peres
1161 2243 1187 2270 in
1202 2250 1232 2270 se
1245 2243 1426 2278 cougregarit.
1444 2243 1589 2272 Videamus
1610 2253 1703 2272 rursus
1718 2253 1865 2281 pauperum

1073 2288 1178 2321 urbem,
1193 2296 1255 2315 num
1270 2289 1314 2315 illa
1329 2288 1453 2316 similiter
1466 2289 1492 2316 in
1505 2295 1626 2325 egestate
1638 2290 1727 2325 degat,
1740 2291 1866 2320 divitibus

1073 2335 1186 2371 privata.
1203 2335 1237 2362 Et
1251 2336 1337 2369 primo
1350 2343 1530 2370 expurgemus
1555 2337 1677 2365 oratione
1694 2338 1815 2372 divitias,
1833 2341 1866 2367 il-

1074 2381 1166 2415 lasque
1186 2385 1279 2415 aperte
1301 2381 1486 2408 ostendamus.
1507 2382 1640 2415 Quidnam
1662 2389 1723 2411 sunt
1747 2385 1868 2413 divitiae?

1074 2426 1189 2459 Aurum,
1203 2431 1354 2461 argentum.
1369 2427 1472 2462 lapides
1487 2428 1607 2462 pretiosi,
1628 2435 1717 2457 vestes
1733 2432 1828 2459 serica:
1841 2439 1867 2460 et

1076 2481 1215 2508 purpurea:
1228 2478 1254 2500 et
1269 2481 1368 2500 aureae.
1383 2474 1448 2507 Quia
1463 2474 1543 2509 igitur
1555 2481 1666 2511 apparet
1681 2485 1803 2512 quzrnam
1815 2479 1869 2506 sint

1075 2519 1185 2552 divitize,
1202 2520 1366 2554 expellamus
1379 2520 1439 2547 illas
1451 2528 1482 2547 ex
1499 2522 1652 2556 pauperum
1668 2524 1746 2556 urbe,
1762 2525 1785 2552 si
1801 2526 1868 2552 veli—

1075 2573 1134 2593 mus
1149 2573 1294 2601 pauperum
1316 2567 1450 2594 civitatem
1472 2573 1566 2596 exacte
1580 2570 1763 2604 constituere;
1780 2580 1814 2599 ne
1827 2573 1868 2600 vel

1076 2620 1125 2647 per
1139 2613 1272 2639 somniqu
1288 2613 1341 2640 illic
1354 2622 1447 2641 aurum
1463 2620 1600 2650 appareat,
1617 2625 1704 2653 neque
1715 2619 1777 2645 talia
1790 2620 1870 2647 vesti—

1077 2662 1181 2690 menta;
1193 2658 1214 2684 si
1226 2657 1266 2685 vis
1276 2663 1375 2691 autem,
1389 2667 1476 2695 neque
1489 2667 1640 2696 argentum,
1651 2671 1737 2699 neque
1746 2673 1808 2692 vasa
1824 2674 1868 2692 ar-

1075 2708 1182 2738 gentea.
1198 2703 1266 2738 Quid
1281 2705 1365 2740 ergo?
1379 2705 1422 2733 dic
1434 2706 1511 2739 mihi,
1526 2707 1623 2736 ideone
1641 2709 1668 2737 in
1682 2715 1803 2746 egestate
1818 2714 1870 2740 erit

1076 2751 1135 2777 hmc
1150 2750 1232 2778 urbs?
1243 2751 1361 2779 Minime.
1376 2751 1403 2780 Si
1418 2753 1488 2780 enim
1505 2754 1640 2784 mdificare
1660 2763 1794 2792 oporteat.
1817 2767 1870 2787 non

1077 2803 1143 2822 auro
1158 2803 1208 2823 nec
1222 2802 1332 2832 argento
1346 2806 1395 2825 nec
1411 2801 1562 2835 margaritis
1576 2807 1616 2829 est
1638 2810 1715 2838 opus,
1736 2804 1784 2831 sed
1799 2811 1868 2837 arte,

1077 2841 1217 2874 manibus;
1230 2843 1351 2870 manibus
1363 2849 1451 2873 autem
1467 2854 1520 2874 rrn
1534 2852 1688 2884 utcumque,
1703 2849 1752 2877 Sed
1763 2851 1870 2878 callosis

1078 2886 1220 2923 digitisque
1235 2888 1376 2924 induratis,
1392 2892 1488 2920 robore
1505 2894 1599 2929 umlto,
1615 2895 1703 2931 lignis,
1719 2896 1868 2931 lapidibus:
