  <div class='ocr_page' id='page_1' title='image "/cluster/home/n/w/nwhite01/storage/ocr_20150623/61/njp.32101077772679/300.png"; bbox 0 0 2034 3109; ppageno 0'>
   <div class='ocr_carea' id='block_1_1' title="bbox 160 142 209 171">
    <p class='ocr_par' dir='ltr' id='par_1_1' title="bbox 160 142 209 171">
     <span class='ocr_line' id='line_1_1' title="bbox 160 142 209 171; baseline 0 -1"><span class='ocrx_word' id='word_1_1' title='bbox 160 142 209 171; x_wconf 66' lang='grc'>991</span> 
     </span>
    </p>
   </div>
   <div class='ocr_carea' id='block_1_2' title="bbox 161 193 949 231">
    <p class='ocr_par' dir='ltr' id='par_1_2' title="bbox 161 193 949 231">
     <span class='ocr_line' id='line_1_2' title="bbox 161 193 949 231; baseline -0.01 -5"><span class='ocrx_word' id='word_1_2' title='bbox 161 199 207 226; x_wconf 78' lang='grc' dir='ltr'>καὶ</span> <span class='ocrx_word' id='word_1_3' title='bbox 222 198 254 224; x_wconf 83' lang='grc' dir='ltr'>δι’</span> <span class='ocrx_word' id='word_1_4' title='bbox 273 196 379 231; x_wconf 83' lang='grc' dir='ltr'>ἐκείνης</span> <span class='ocrx_word' id='word_1_5' title='bbox 405 195 542 229; x_wconf 80' lang='grc' dir='ltr'>συγγενῶν</span> <span class='ocrx_word' id='word_1_6' title='bbox 558 195 688 230; x_wconf 78' lang='grc' dir='ltr'>ὀρμαθὸν.</span> <span class='ocrx_word' id='word_1_7' title='bbox 703 196 750 222; x_wconf 72' lang='grc' dir='ltr'>καὶ</span> <span class='ocrx_word' id='word_1_8' title='bbox 769 195 884 230; x_wconf 83' lang='grc' dir='ltr'>μητέρα,</span> <span class='ocrx_word' id='word_1_9' title='bbox 903 193 949 219; x_wconf 68' lang='grc' dir='ltr'>καὶ</span> 
     </span>
    </p>
   </div>
   <div class='ocr_carea' id='block_1_3' title="bbox 161 235 944 274">
    <p class='ocr_par' dir='ltr' id='par_1_3' title="bbox 161 235 944 274">
     <span class='ocr_line' id='line_1_3' title="bbox 161 235 944 274; baseline -0.005 -9"><span class='ocrx_word' id='word_1_10' title='bbox 161 239 276 274; x_wconf 79' lang='grc' dir='ltr'>πατέρα.</span> <span class='ocrx_word' id='word_1_11' title='bbox 293 238 341 263; x_wconf 77' lang='grc' dir='ltr'>καὶ</span> <span class='ocrx_word' id='word_1_12' title='bbox 350 236 490 270; x_wconf 74' lang='grc' dir='ltr'>ἀδελφοὺς,</span> <span class='ocrx_word' id='word_1_13' title='bbox 507 237 553 263; x_wconf 73' lang='grc' dir='ltr'>καὶ</span> <span class='ocrx_word' id='word_1_14' title='bbox 567 237 630 267; x_wconf 72' lang='grc' dir='ltr'>τοὺς</span> <span class='ocrx_word' id='word_1_15' title='bbox 643 237 745 263; x_wconf 79' lang='grc' dir='ltr'>τούτων</span> <span class='ocrx_word' id='word_1_16' title='bbox 762 235 944 270; x_wconf 81' lang='grc' dir='ltr'>ὲπιτηδείους;</span> 
     </span>
    </p>
   </div>
   <div class='ocr_carea' id='block_1_4' title="bbox 161 276 946 313">
    <p class='ocr_par' dir='ltr' id='par_1_4' title="bbox 161 276 946 313">
     <span class='ocr_line' id='line_1_4' title="bbox 161 276 946 313; baseline -0.005 -7"><span class='ocrx_word' id='word_1_17' title='bbox 161 279 237 311; x_wconf 79' lang='grc' dir='ltr'>Εἶδες</span> <span class='ocrx_word' id='word_1_18' title='bbox 254 280 347 310; x_wconf 78' lang='grc' dir='ltr'>πόσοις</span> <span class='ocrx_word' id='word_1_19' title='bbox 366 278 476 313; x_wconf 84' lang='grc' dir='ltr'>τρόποις</span> <span class='ocrx_word' id='word_1_20' title='bbox 495 279 568 313; x_wconf 80' lang='grc' dir='ltr'>ἡμᾶς</span> <span class='ocrx_word' id='word_1_21' title='bbox 595 278 755 313; x_wconf 81' lang='grc' dir='ltr'>συνέδησεν;</span> <span class='ocrx_word' id='word_1_22' title='bbox 783 277 850 303; x_wconf 83' lang='grc' dir='ltr'>Ἀλλ’</span> <span class='ocrx_word' id='word_1_23' title='bbox 874 276 946 310; x_wconf 75' lang='grc' dir='ltr'>ὅμως</span> 
     </span>
    </p>
   </div>
   <div class='ocr_carea' id='block_1_5' title="bbox 160 316 947 355">
    <p class='ocr_par' dir='ltr' id='par_1_5' title="bbox 160 316 947 355">
     <span class='ocr_line' id='line_1_5' title="bbox 160 316 947 355; baseline -0.008 -7"><span class='ocrx_word' id='word_1_24' title='bbox 160 321 220 348; x_wconf 79' lang='grc' dir='ltr'>οὐδὲ</span> <span class='ocrx_word' id='word_1_25' title='bbox 235 320 323 347; x_wconf 84' lang='grc' dir='ltr'>ταῦτα</span> <span class='ocrx_word' id='word_1_26' title='bbox 337 319 410 355; x_wconf 85' lang='grc' dir='ltr'>αὐτῷ</span> <span class='ocrx_word' id='word_1_27' title='bbox 418 319 546 355; x_wconf 72' lang='grc' dir='ltr'>ἤρκεσεν,</span> <span class='ocrx_word' id='word_1_28' title='bbox 562 319 630 346; x_wconf 84' lang='grc' dir='ltr'>ἀλλὰ</span> <span class='ocrx_word' id='word_1_29' title='bbox 646 320 692 346; x_wconf 75' lang='grc' dir='ltr'>καὶ</span> <span class='ocrx_word' id='word_1_30' title='bbox 705 319 826 354; x_wconf 82' lang='grc' dir='ltr'>αλλήλων</span> <span class='ocrx_word' id='word_1_31' title='bbox 838 316 947 352; x_wconf 76' lang='grc' dir='ltr'>χρῄζειν</span> 
     </span>
    </p>
   </div>
   <div class='ocr_carea' id='block_1_6' title="bbox 163 360 946 398">
    <p class='ocr_par' dir='ltr' id='par_1_6' title="bbox 163 360 946 398">
     <span class='ocr_line' id='line_1_6' title="bbox 163 360 946 398; baseline -0.006 -8"><span class='ocrx_word' id='word_1_32' title='bbox 163 362 368 398; x_wconf 73' lang='grc' dir='ltr'>παρεσκεύασεν</span> <span class='ocrx_word' id='word_1_33' title='bbox 380 367 404 393; x_wconf 73' lang='grc' dir='ltr'>ιι,</span> <span class='ocrx_word' id='word_1_34' title='bbox 429 362 473 387; x_wconf 74' lang='grc' dir='ltr'>ἵνα</span> <span class='ocrx_word' id='word_1_35' title='bbox 499 361 547 387; x_wconf 77' lang='grc' dir='ltr'>καὶ</span> <span class='ocrx_word' id='word_1_36' title='bbox 575 361 661 392; x_wconf 73' lang='grc' dir='ltr'>οὕτως</span> <span class='ocrx_word' id='word_1_37' title='bbox 689 362 763 396; x_wconf 73' lang='grc' dir='ltr'>ἡμᾶς</span> <span class='ocrx_word' id='word_1_38' title='bbox 796 360 946 394; x_wconf 76' lang='grc' dir='ltr'>συναγάγῃ,</span> 
     </span>
    </p>
   </div>
   <div class='ocr_carea' id='block_1_7' title="bbox 161 401 946 440">
    <p class='ocr_par' dir='ltr' id='par_1_7' title="bbox 161 401 946 440">
     <span class='ocr_line' id='line_1_7' title="bbox 161 401 946 440; baseline -0.005 -9"><span class='ocrx_word' id='word_1_39' title='bbox 161 404 256 440; x_wconf 69' lang='grc' dir='ltr'>ἐπειδὴ</span> <span class='ocrx_word' id='word_1_40' title='bbox 276 404 393 439; x_wconf 79' lang='grc' dir='ltr'>μάλιστα</span> <span class='ocrx_word' id='word_1_41' title='bbox 405 402 455 434; x_wconf 87' lang='grc' dir='ltr'>τὰς</span> <span class='ocrx_word' id='word_1_42' title='bbox 470 403 561 437; x_wconf 85' lang='grc' dir='ltr'>φιλίας</span> <span class='ocrx_word' id='word_1_43' title='bbox 575 403 603 428; x_wconf 86' lang='grc' dir='ltr'>αἱ</span> <span class='ocrx_word' id='word_1_44' title='bbox 617 404 708 438; x_wconf 79' lang='grc' dir='ltr'>χρεῖαι</span> <span class='ocrx_word' id='word_1_45' title='bbox 724 402 838 429; x_wconf 82' lang='grc' dir='ltr'>ποιοῦσι.</span> <span class='ocrx_word' id='word_1_46' title='bbox 855 401 902 427; x_wconf 79' lang='grc' dir='ltr'>Διά</span> <span class='ocrx_word' id='word_1_47' title='bbox 916 401 946 434; x_wconf 79' lang='grc' dir='ltr'>δὴ</span> 
     </span>
    </p>
   </div>
   <div class='ocr_carea' id='block_1_8' title="bbox 161 443 948 480">
    <p class='ocr_par' dir='ltr' id='par_1_8' title="bbox 161 443 948 480">
     <span class='ocr_line' id='line_1_8' title="bbox 161 443 948 480; baseline -0.008 -6"><span class='ocrx_word' id='word_1_48' title='bbox 161 447 240 474; x_wconf 77' lang='grc' dir='ltr'>τοῦτο</span> <span class='ocrx_word' id='word_1_49' title='bbox 250 446 311 473; x_wconf 81' lang='grc' dir='ltr'>οὐδὲ</span> <span class='ocrx_word' id='word_1_50' title='bbox 324 446 411 472; x_wconf 77' lang='grc' dir='ltr'>πάντα</span> <span class='ocrx_word' id='word_1_51' title='bbox 425 445 513 480; x_wconf 73' lang='grc' dir='ltr'>ἀφῆκε</span> <span class='ocrx_word' id='word_1_52' title='bbox 530 445 668 479; x_wconf 82' lang='grc' dir='ltr'>πανταχοῦ</span> <span class='ocrx_word' id='word_1_53' title='bbox 682 444 815 478; x_wconf 85' lang='grc' dir='ltr'>γίνεσθαι,</span> <span class='ocrx_word' id='word_1_54' title='bbox 828 444 870 469; x_wconf 82' lang='grc' dir='ltr'>ἵνα</span> <span class='ocrx_word' id='word_1_55' title='bbox 884 443 948 469; x_wconf 73' lang='grc' dir='ltr'>κάν-</span> 
     </span>
    </p>
   </div>
   <div class='ocr_carea' id='block_1_9' title="bbox 162 485 949 522">
    <p class='ocr_par' dir='ltr' id='par_1_9' title="bbox 162 485 949 522">
     <span class='ocr_line' id='line_1_9' title="bbox 162 485 949 522; baseline -0.008 -7"><span class='ocrx_word' id='word_1_56' title='bbox 162 488 259 515; x_wconf 79' lang='grc' dir='ltr'>τεῦθεν</span> <span class='ocrx_word' id='word_1_57' title='bbox 271 487 398 522; x_wconf 74' lang='grc' dir='ltr'>ἀλλήλοις</span> <span class='ocrx_word' id='word_1_58' title='bbox 416 487 615 520; x_wconf 79' lang='grc' dir='ltr'>ἀναμίγνυσθαι</span> <span class='ocrx_word' id='word_1_59' title='bbox 635 486 786 521; x_wconf 83' lang='grc' dir='ltr'>ἀναγκάσῃ.</span> <span class='ocrx_word' id='word_1_60' title='bbox 805 485 949 518; x_wconf 85' lang='grc' dir='ltr'>Καταστή-</span> 
     </span>
    </p>
   </div>
   <div class='ocr_carea' id='block_1_10' title="bbox 163 525 949 566">
    <p class='ocr_par' dir='ltr' id='par_1_10' title="bbox 163 525 949 566">
     <span class='ocr_line' id='line_1_10' title="bbox 163 525 949 566; baseline -0.008 -9"><span class='ocrx_word' id='word_1_61' title='bbox 163 540 212 563; x_wconf 85' lang='grc' dir='ltr'>σας</span> <span class='ocrx_word' id='word_1_62' title='bbox 232 530 262 557; x_wconf 79' lang='grc' dir='ltr'>δὲ</span> <span class='ocrx_word' id='word_1_63' title='bbox 279 530 353 566; x_wconf 75' lang='grc' dir='ltr'>ἡμᾶς</span> <span class='ocrx_word' id='word_1_64' title='bbox 372 530 401 555; x_wconf 87' lang='grc' dir='ltr'>ὲν</span> <span class='ocrx_word' id='word_1_65' title='bbox 423 529 501 564; x_wconf 80' lang='grc' dir='ltr'>χρείᾳ</span> <span class='ocrx_word' id='word_1_66' title='bbox 521 528 652 563; x_wconf 86' lang='grc' dir='ltr'>ἀλλήλων,</span> <span class='ocrx_word' id='word_1_67' title='bbox 669 527 779 554; x_wconf 76' lang='grc' dir='ltr'>εὔκολον</span> <span class='ocrx_word' id='word_1_68' title='bbox 799 527 878 553; x_wconf 83' lang='grc' dir='ltr'>πάλιν</span> <span class='ocrx_word' id='word_1_69' title='bbox 900 525 949 560; x_wconf 79' lang='grc' dir='ltr'>τὴν</span> 
     </span>
    </p>
   </div>
   <div class='ocr_carea' id='block_1_11' title="bbox 163 566 949 607">
    <p class='ocr_par' dir='ltr' id='par_1_11' title="bbox 163 566 949 607">
     <span class='ocr_line' id='line_1_11' title="bbox 163 566 949 607; baseline -0.006 -9"><span class='ocrx_word' id='word_1_70' title='bbox 163 572 302 607; x_wconf 68' lang='grc' dir='ltr'>ἐπιμιξίαν</span> <span class='ocrx_word' id='word_1_71' title='bbox 326 571 463 605; x_wconf 65' lang='grc' dir='ltr'>ἐποίησεν</span> <span class='ocrx_word' id='word_1_72' title='bbox 481 570 541 596; x_wconf 73' lang='grc' dir='ltr'>ἐπεὶ</span> <span class='ocrx_word' id='word_1_73' title='bbox 555 570 580 595; x_wconf 86' lang='grc' dir='ltr'>εί</span> <span class='ocrx_word' id='word_1_74' title='bbox 596 569 633 604; x_wconf 84' lang='grc' dir='ltr'>μὴ</span> <span class='ocrx_word' id='word_1_75' title='bbox 649 569 728 595; x_wconf 84' lang='grc' dir='ltr'>τοῦτο</span> <span class='ocrx_word' id='word_1_76' title='bbox 741 566 784 603; x_wconf 81' lang='grc' dir='ltr'>ἦν,</span> <span class='ocrx_word' id='word_1_77' title='bbox 803 569 841 599; x_wconf 86' lang='grc' dir='ltr'>είς</span> <span class='ocrx_word' id='word_1_78' title='bbox 854 567 949 602; x_wconf 79' lang='grc' dir='ltr'>ἑτέραν</span> 
     </span>
    </p>
   </div>
   <div class='ocr_carea' id='block_1_12' title="bbox 164 609 949 649">
    <p class='ocr_par' dir='ltr' id='par_1_12' title="bbox 164 609 949 649">
     <span class='ocr_line' id='line_1_12' title="bbox 164 609 949 649; baseline -0.008 -8"><span class='ocrx_word' id='word_1_79' title='bbox 164 613 258 649; x_wconf 80' lang='grc' dir='ltr'>ἀηδίαν</span> <span class='ocrx_word' id='word_1_80' title='bbox 286 613 318 639; x_wconf 74' lang='grc' dir='ltr'>τὸ</span> <span class='ocrx_word' id='word_1_81' title='bbox 339 613 456 648; x_wconf 82' lang='grc' dir='ltr'>πρᾶγμα</span> <span class='ocrx_word' id='word_1_82' title='bbox 480 612 638 647; x_wconf 80' lang='grc' dir='ltr'>περιΐστατο</span> <span class='ocrx_word' id='word_1_83' title='bbox 662 611 709 638; x_wconf 80' lang='grc' dir='ltr'>καὶ</span> <span class='ocrx_word' id='word_1_84' title='bbox 731 610 899 645; x_wconf 85' lang='grc' dir='ltr'>δυσχέρειαν.</span> <span class='ocrx_word' id='word_1_85' title='bbox 919 609 949 635; x_wconf 82' lang='grc' dir='ltr'>Εἰ</span> 
     </span>
    </p>
   </div>
   <div class='ocr_carea' id='block_1_13' title="bbox 163 651 950 690">
    <p class='ocr_par' dir='ltr' id='par_1_13' title="bbox 163 651 950 690">
     <span class='ocr_line' id='line_1_13' title="bbox 163 651 950 690; baseline -0.009 -8"><span class='ocrx_word' id='word_1_86' title='bbox 163 657 217 690; x_wconf 78' lang='grc' dir='ltr'>γὰρ</span> <span class='ocrx_word' id='word_1_87' title='bbox 235 655 329 689; x_wconf 77' lang='grc' dir='ltr'>ἰατροῦ</span> <span class='ocrx_word' id='word_1_88' title='bbox 355 654 480 688; x_wconf 83' lang='grc' dir='ltr'>δεόμενον</span> <span class='ocrx_word' id='word_1_89' title='bbox 496 654 512 688; x_wconf 86' lang='grc' dir='ltr'><strong>ἢ</strong></span> <span class='ocrx_word' id='word_1_90' title='bbox 534 653 658 684; x_wconf 81' lang='grc' dir='ltr'>τέκτονος</span> <span class='ocrx_word' id='word_1_91' title='bbox 675 653 691 687; x_wconf 86' lang='grc' dir='ltr'><strong>ἢ</strong></span> <span class='ocrx_word' id='word_1_92' title='bbox 710 652 802 686; x_wconf 77' lang='grc' dir='ltr'>ἐτέρου</span> <span class='ocrx_word' id='word_1_93' title='bbox 821 651 950 685; x_wconf 85' lang='grc' dir='ltr'>δημιουρ-</span> 
     </span>
    </p>
   </div>
   <div class='ocr_carea' id='block_1_14' title="bbox 163 692 950 732">
    <p class='ocr_par' dir='ltr' id='par_1_14' title="bbox 163 692 950 732">
     <span class='ocr_line' id='line_1_14' title="bbox 163 692 950 732; baseline -0.009 -8"><span class='ocrx_word' id='word_1_94' title='bbox 163 698 222 732; x_wconf 81' lang='grc' dir='ltr'>γοῦ,</span> <span class='ocrx_word' id='word_1_95' title='bbox 254 696 362 732; x_wconf 77' lang='grc' dir='ltr'>μακρὰν</span> <span class='ocrx_word' id='word_1_96' title='bbox 387 695 440 722; x_wconf 73' lang='grc' dir='ltr'>ἔδει</span> <span class='ocrx_word' id='word_1_97' title='bbox 469 694 624 721; x_wconf 80' lang='grc' dir='ltr'>στέλλεσθαι</span> <span class='ocrx_word' id='word_1_98' title='bbox 650 693 814 728; x_wconf 88' lang='grc' dir='ltr'>ἀποδημίαν,</span> <span class='ocrx_word' id='word_1_99' title='bbox 841 692 871 718; x_wconf 82' lang='grc' dir='ltr'>τὸ</span> <span class='ocrx_word' id='word_1_100' title='bbox 896 692 950 718; x_wconf 82' lang='grc' dir='ltr'>πᾶν</span> 
     </span>
    </p>
   </div>
   <div class='ocr_carea' id='block_1_15' title="bbox 163 734 950 772">
    <p class='ocr_par' dir='ltr' id='par_1_15' title="bbox 163 734 950 772">
     <span class='ocr_line' id='line_1_15' title="bbox 163 734 950 772; baseline -0.009 -7"><span class='ocrx_word' id='word_1_101' title='bbox 163 738 307 765; x_wconf 83' lang='grc' dir='ltr'>ἀπολώλει.</span> <span class='ocrx_word' id='word_1_102' title='bbox 321 738 371 764; x_wconf 84' lang='grc' dir='ltr'>Διά</span> <span class='ocrx_word' id='word_1_103' title='bbox 385 737 417 772; x_wconf 86' lang='grc' dir='ltr'>δὴ</span> <span class='ocrx_word' id='word_1_104' title='bbox 430 737 509 763; x_wconf 76' lang='grc' dir='ltr'>τοῦτο</span> <span class='ocrx_word' id='word_1_105' title='bbox 523 737 569 763; x_wconf 74' lang='grc' dir='ltr'>καὶ</span> <span class='ocrx_word' id='word_1_106' title='bbox 586 736 677 766; x_wconf 75' lang='grc' dir='ltr'>πόλεις</span> <span class='ocrx_word' id='word_1_107' title='bbox 691 734 888 765; x_wconf 72' lang='grc' dir='ltr'>κατεσκεύασε,</span> <span class='ocrx_word' id='word_1_108' title='bbox 903 734 950 759; x_wconf 78' lang='grc' dir='ltr'>καὶ</span> 
     </span>
    </p>
   </div>
   <div class='ocr_carea' id='block_1_16' title="bbox 164 774 950 814">
    <p class='ocr_par' dir='ltr' id='par_1_16' title="bbox 164 774 950 814">
     <span class='ocr_line' id='line_1_16' title="bbox 164 774 950 814; baseline -0.01 -7"><span class='ocrx_word' id='word_1_109' title='bbox 164 781 265 811; x_wconf 78' lang='grc' dir='ltr'>πάντας</span> <span class='ocrx_word' id='word_1_110' title='bbox 282 778 349 814; x_wconf 80' lang='grc' dir='ltr'>ὁμοῦ</span> <span class='ocrx_word' id='word_1_111' title='bbox 366 779 528 813; x_wconf 83' lang='grc' dir='ltr'>συνήγαγεν.</span> <span class='ocrx_word' id='word_1_112' title='bbox 543 778 601 803; x_wconf 86' lang='grc' dir='ltr'>Ἵνα</span> <span class='ocrx_word' id='word_1_113' title='bbox 617 777 649 812; x_wconf 84' lang='grc' dir='ltr'>δὴ</span> <span class='ocrx_word' id='word_1_114' title='bbox 670 777 717 803; x_wconf 72' lang='grc' dir='ltr'>καὶ</span> <span class='ocrx_word' id='word_1_115' title='bbox 731 777 787 806; x_wconf 82' lang='grc' dir='ltr'>τοῖς</span> <span class='ocrx_word' id='word_1_116' title='bbox 811 774 950 810; x_wconf 76' lang='grc' dir='ltr'>πόρρωθεν</span> 
     </span>
    </p>
   </div>
   <div class='ocr_carea' id='block_1_17' title="bbox 165 816 948 857">
    <p class='ocr_par' dir='ltr' id='par_1_17' title="bbox 165 816 948 857">
     <span class='ocr_line' id='line_1_17' title="bbox 165 816 948 857; baseline -0.01 -9"><span class='ocrx_word' id='word_1_117' title='bbox 165 821 264 857; x_wconf 61' lang='grc' dir='ltr'>ῥαδίως</span> <span class='ocrx_word' id='word_1_118' title='bbox 276 819 518 856; x_wconf 80' lang='grc' dir='ltr'>ὲπιχωριάζωμεν,</span> <span class='ocrx_word' id='word_1_119' title='bbox 537 819 668 845; x_wconf 86' lang='grc' dir='ltr'>θάλατταν</span> <span class='ocrx_word' id='word_1_120' title='bbox 680 819 718 848; x_wconf 85' lang='grc' dir='ltr'>είς</span> <span class='ocrx_word' id='word_1_121' title='bbox 735 817 815 852; x_wconf 80' lang='grc' dir='ltr'>μέσον</span> <span class='ocrx_word' id='word_1_122' title='bbox 828 816 948 851; x_wconf 75' lang='grc' dir='ltr'>ἦπλωσε,</span> 
     </span>
    </p>
   </div>
   <div class='ocr_carea' id='block_1_18' title="bbox 164 857 950 897">
    <p class='ocr_par' dir='ltr' id='par_1_18' title="bbox 164 857 950 897">
     <span class='ocr_line' id='line_1_18' title="bbox 164 857 950 897; baseline -0.009 -8"><span class='ocrx_word' id='word_1_123' title='bbox 164 864 211 889; x_wconf 73' lang='grc' dir='ltr'>καὶ</span> <span class='ocrx_word' id='word_1_124' title='bbox 227 862 335 897; x_wconf 81' lang='grc' dir='ltr'>ἀνέμων</span> <span class='ocrx_word' id='word_1_125' title='bbox 357 862 496 897; x_wconf 83' lang='grc' dir='ltr'>ταχύτητα</span> <span class='ocrx_word' id='word_1_126' title='bbox 517 860 617 891; x_wconf 76' lang='grc' dir='ltr'>ἔδωκε,</span> <span class='ocrx_word' id='word_1_127' title='bbox 640 859 733 895; x_wconf 75' lang='grc' dir='ltr'>ῥᾳδίας</span> <span class='ocrx_word' id='word_1_128' title='bbox 756 857 881 884; x_wconf 78' lang='grc' dir='ltr'>ἐντεῦθεν</span> <span class='ocrx_word' id='word_1_129' title='bbox 901 857 950 887; x_wconf 86' lang='grc' dir='ltr'>τὰς</span> 
     </span>
    </p>
   </div>
   <div class='ocr_carea' id='block_1_19' title="bbox 164 898 950 939">
    <p class='ocr_par' dir='ltr' id='par_1_19' title="bbox 164 898 950 939">
     <span class='ocr_line' id='line_1_19' title="bbox 164 898 950 939; baseline -0.009 -8"><span class='ocrx_word' id='word_1_130' title='bbox 164 904 316 939; x_wconf 70' lang='grc' dir='ltr'>ἀποδημίας</span> <span class='ocrx_word' id='word_1_131' title='bbox 341 903 435 930; x_wconf 80' lang='grc' dir='ltr'>ποιῶν.</span> <span class='ocrx_word' id='word_1_132' title='bbox 458 903 535 937; x_wconf 84' lang='grc' dir='ltr'>Παρά</span> <span class='ocrx_word' id='word_1_133' title='bbox 561 903 588 928; x_wconf 78' lang='grc' dir='ltr'>δὲ</span> <span class='ocrx_word' id='word_1_134' title='bbox 617 902 664 936; x_wconf 85' lang='grc' dir='ltr'>τὴν</span> <span class='ocrx_word' id='word_1_135' title='bbox 687 900 772 935; x_wconf 72' lang='grc' dir='ltr'>ἀρχὴν</span> <span class='ocrx_word' id='word_1_136' title='bbox 794 899 840 925; x_wconf 70' lang='grc' dir='ltr'>καὶ</span> <span class='ocrx_word' id='word_1_137' title='bbox 859 900 886 924; x_wconf 83' lang='grc' dir='ltr'>ὲν</span> <span class='ocrx_word' id='word_1_138' title='bbox 911 898 950 924; x_wconf 80' lang='grc' dir='ltr'>ἑνὶ</span> 
     </span>
    </p>
   </div>
   <div class='ocr_carea' id='block_1_20' title="bbox 165 941 948 979">
    <p class='ocr_par' dir='ltr' id='par_1_20' title="bbox 165 941 948 979">
     <span class='ocr_line' id='line_1_20' title="bbox 165 941 948 979; baseline -0.009 -6"><span class='ocrx_word' id='word_1_139' title='bbox 165 947 268 977; x_wconf 77' lang='grc' dir='ltr'>πάντας</span> <span class='ocrx_word' id='word_1_140' title='bbox 288 946 426 979; x_wconf 78' lang='grc' dir='ltr'>συνήγαγε</span> <span class='ocrx_word' id='word_1_141' title='bbox 447 944 549 979; x_wconf 80' lang='grc' dir='ltr'>χωρίῳ,</span> <span class='ocrx_word' id='word_1_142' title='bbox 573 944 620 969; x_wconf 65' lang='grc' dir='ltr'>καὶ</span> <span class='ocrx_word' id='word_1_143' title='bbox 638 943 668 969; x_wconf 77' lang='grc' dir='ltr'>οὺ</span> <span class='ocrx_word' id='word_1_144' title='bbox 684 943 814 976; x_wconf 75' lang='grc' dir='ltr'>πρότερον</span> <span class='ocrx_word' id='word_1_145' title='bbox 830 941 948 967; x_wconf 75' lang='grc' dir='ltr'>διέσπει-</span> 
     </span>
    </p>
   </div>
   <div class='ocr_carea' id='block_1_21' title="bbox 165 982 949 1022">
    <p class='ocr_par' dir='ltr' id='par_1_21' title="bbox 165 982 949 1022">
     <span class='ocr_line' id='line_1_21' title="bbox 165 982 949 1022; baseline -0.008 -9"><span class='ocrx_word' id='word_1_146' title='bbox 165 996 221 1022; x_wconf 74' lang='grc' dir='ltr'>ρεν,</span> <span class='ocrx_word' id='word_1_147' title='bbox 241 987 295 1018; x_wconf 70' lang='grc' dir='ltr'>ἕως</span> <span class='ocrx_word' id='word_1_148' title='bbox 313 987 352 1017; x_wconf 87' lang='grc' dir='ltr'>εἰς</span> <span class='ocrx_word' id='word_1_149' title='bbox 368 986 451 1012; x_wconf 72' lang='grc' dir='ltr'>κακὸν</span> <span class='ocrx_word' id='word_1_150' title='bbox 470 986 619 1020; x_wconf 78' lang='grc' dir='ltr'>ἐχρήσαντο</span> <span class='ocrx_word' id='word_1_151' title='bbox 633 985 666 1018; x_wconf 78' lang='grc' dir='ltr'>τῇ</span> <span class='ocrx_word' id='word_1_152' title='bbox 683 983 794 1018; x_wconf 72' lang='grc' dir='ltr'>ὁμονοία</span> <span class='ocrx_word' id='word_1_153' title='bbox 807 984 831 1008; x_wconf 89' lang='grc' dir='ltr'>οἱ</span> <span class='ocrx_word' id='word_1_154' title='bbox 849 982 949 1018; x_wconf 83' lang='grc' dir='ltr'>πρῶτοι</span> 
     </span>
    </p>
   </div>
   <div class='ocr_carea' id='block_1_22' title="bbox 165 1025 949 1061">
    <p class='ocr_par' dir='ltr' id='par_1_22' title="bbox 165 1025 949 1061">
     <span class='ocr_line' id='line_1_22' title="bbox 165 1025 949 1061; baseline -0.009 -6"><span class='ocrx_word' id='word_1_155' title='bbox 165 1029 293 1059; x_wconf 72' lang='grc' dir='ltr'>λαϐόντες</span> <span class='ocrx_word' id='word_1_156' title='bbox 307 1027 336 1054; x_wconf 82' lang='grc' dir='ltr'>τὺ</span> <span class='ocrx_word' id='word_1_157' title='bbox 349 1027 434 1061; x_wconf 83' lang='grc' dir='ltr'>δῶρον</span> <span class='ocrx_word' id='word_1_158' title='bbox 446 1035 452 1041; x_wconf 71' lang='grc'><strong><em>⁸</em></strong></span> <span class='ocrx_word' id='word_1_159' title='bbox 473 1026 540 1052; x_wconf 78' lang='grc' dir='ltr'>ἀλλά</span> <span class='ocrx_word' id='word_1_160' title='bbox 558 1025 690 1052; x_wconf 75' lang='grc' dir='ltr'>πάντοθεν</span> <span class='ocrx_word' id='word_1_161' title='bbox 707 1025 780 1060; x_wconf 82' lang='grc' dir='ltr'>ἡμᾶς</span> <span class='ocrx_word' id='word_1_162' title='bbox 803 1025 949 1058; x_wconf 81' lang='grc' dir='ltr'>συνήγαγε,</span> 
     </span>
    </p>
   </div>
   <div class='ocr_carea' id='block_1_23' title="bbox 166 1065 951 1104">
    <p class='ocr_par' dir='ltr' id='par_1_23' title="bbox 166 1065 951 1104">
     <span class='ocr_line' id='line_1_23' title="bbox 166 1065 951 1104; baseline -0.009 -7"><span class='ocrx_word' id='word_1_163' title='bbox 166 1071 213 1097; x_wconf 76' lang='grc' dir='ltr'>καὶ</span> <span class='ocrx_word' id='word_1_164' title='bbox 232 1070 287 1097; x_wconf 85' lang='grc' dir='ltr'>ἀπὸ</span> <span class='ocrx_word' id='word_1_165' title='bbox 303 1069 410 1104; x_wconf 76' lang='grc' dir='ltr'>φύσεως</span> <span class='ocrx_word' id='word_1_166' title='bbox 428 1068 475 1095; x_wconf 71' lang='grc' dir='ltr'>καὶ</span> <span class='ocrx_word' id='word_1_167' title='bbox 491 1068 545 1094; x_wconf 77' lang='grc' dir='ltr'>ἀπὸ</span> <span class='ocrx_word' id='word_1_168' title='bbox 560 1067 718 1102; x_wconf 79' lang='grc' dir='ltr'>συγγενείας</span> <span class='ocrx_word' id='word_1_169' title='bbox 734 1067 780 1092; x_wconf 63' lang='grc' dir='ltr'>καὶ</span> <span class='ocrx_word' id='word_1_170' title='bbox 797 1065 849 1091; x_wconf 72' lang='grc' dir='ltr'>ἀπὸ</span> <span class='ocrx_word' id='word_1_171' title='bbox 864 1065 951 1099; x_wconf 84' lang='grc' dir='ltr'>γλώτ-</span> 
     </span>
    </p>
   </div>
   <div class='ocr_carea' id='block_1_24' title="bbox 168 1107 952 1146">
    <p class='ocr_par' dir='ltr' id='par_1_24' title="bbox 168 1107 952 1146">
     <span class='ocr_line' id='line_1_24' title="bbox 168 1107 952 1146; baseline -0.009 -8"><span class='ocrx_word' id='word_1_172' title='bbox 168 1120 216 1146; x_wconf 90' lang='grc' dir='ltr'>της</span> <span class='ocrx_word' id='word_1_173' title='bbox 225 1112 272 1138; x_wconf 75' lang='grc' dir='ltr'>καὶ</span> <span class='ocrx_word' id='word_1_174' title='bbox 287 1111 341 1138; x_wconf 76' lang='grc' dir='ltr'>ἀπὸ</span> <span class='ocrx_word' id='word_1_175' title='bbox 351 1110 444 1137; x_wconf 84' lang='grc' dir='ltr'>τόπου.</span> <span class='ocrx_word' id='word_1_176' title='bbox 467 1111 521 1137; x_wconf 66' lang='grc' dir='ltr'>Καὶ</span> <span class='ocrx_word' id='word_1_177' title='bbox 542 1109 636 1144; x_wconf 79' lang='grc' dir='ltr'>ὥσπερ</span> <span class='ocrx_word' id='word_1_178' title='bbox 657 1109 706 1135; x_wconf 69' lang='grc' dir='ltr'>οὐκ</span> <span class='ocrx_word' id='word_1_179' title='bbox 729 1107 852 1134; x_wconf 74' lang='grc' dir='ltr'>ἐϐούλετο</span> <span class='ocrx_word' id='word_1_180' title='bbox 871 1107 952 1132; x_wconf 83' lang='grc' dir='ltr'>ὲκπε-</span> 
     </span>
    </p>
   </div>
   <div class='ocr_carea' id='block_1_25' title="bbox 167 1146 952 1188">
    <p class='ocr_par' dir='ltr' id='par_1_25' title="bbox 167 1146 952 1188">
     <span class='ocr_line' id='line_1_25' title="bbox 167 1146 952 1188; baseline -0.011 -8"><span class='ocrx_word' id='word_1_181' title='bbox 167 1155 222 1180; x_wconf 86' lang='grc' dir='ltr'>σείν</span> <span class='ocrx_word' id='word_1_182' title='bbox 236 1153 311 1188; x_wconf 78' lang='grc' dir='ltr'>ἡμᾶς</span> <span class='ocrx_word' id='word_1_183' title='bbox 326 1152 372 1178; x_wconf 76' lang='grc' dir='ltr'>τοῦ</span> <span class='ocrx_word' id='word_1_184' title='bbox 390 1151 554 1187; x_wconf 75' lang='grc' dir='ltr'>παραδείσου</span> <span class='ocrx_word' id='word_1_185' title='bbox 570 1151 605 1179; x_wconf 81' lang='grc' dir='ltr'>(εἱ</span> <span class='ocrx_word' id='word_1_186' title='bbox 622 1150 676 1184; x_wconf 78' lang='grc' dir='ltr'>γὰρ</span> <span class='ocrx_word' id='word_1_187' title='bbox 695 1149 828 1178; x_wconf 73' lang='grc' dir='ltr'>ἐϐούλετο,</span> <span class='ocrx_word' id='word_1_188' title='bbox 846 1147 899 1173; x_wconf 73' lang='grc' dir='ltr'>οὐδ’</span> <span class='ocrx_word' id='word_1_189' title='bbox 920 1146 952 1172; x_wconf 78' lang='grc' dir='ltr'>ἂν</span> 
     </span>
    </p>
   </div>
   <div class='ocr_carea' id='block_1_26' title="bbox 165 1188 951 1227">
    <p class='ocr_par' dir='ltr' id='par_1_26' title="bbox 165 1188 951 1227">
     <span class='ocr_line' id='line_1_26' title="bbox 165 1188 951 1227; baseline -0.011 -6"><span class='ocrx_word' id='word_1_190' title='bbox 165 1195 222 1221; x_wconf 68' lang='grc' dir='ltr'>ἐκεῖ</span> <span class='ocrx_word' id='word_1_191' title='bbox 244 1193 376 1220; x_wconf 77' lang='grc' dir='ltr'>κατέθετο</span> <span class='ocrx_word' id='word_1_192' title='bbox 403 1193 431 1219; x_wconf 83' lang='grc' dir='ltr'>ὃν</span> <span class='ocrx_word' id='word_1_193' title='bbox 461 1193 589 1227; x_wconf 77' lang='grc' dir='ltr'>ἐποίησεν</span> <span class='ocrx_word' id='word_1_194' title='bbox 613 1192 753 1226; x_wconf 79' lang='grc' dir='ltr'>ἄνθρωπον</span> <span class='ocrx_word' id='word_1_195' title='bbox 774 1190 822 1224; x_wconf 77' lang='grc' dir='ltr'>τὴν</span> <span class='ocrx_word' id='word_1_196' title='bbox 843 1188 951 1223; x_wconf 68' lang='grc' dir='ltr'>ἀρχὴν),</span> 
     </span>
    </p>
   </div>
   <div class='ocr_carea' id='block_1_27' title="bbox 166 1230 953 1270">
    <p class='ocr_par' dir='ltr' id='par_1_27' title="bbox 166 1230 953 1270">
     <span class='ocr_line' id='line_1_27' title="bbox 166 1230 953 1270; baseline -0.01 -7"><span class='ocrx_word' id='word_1_197' title='bbox 166 1236 222 1263; x_wconf 74' lang='grc' dir='ltr'>ἀλλ’</span> <span class='ocrx_word' id='word_1_198' title='bbox 234 1237 248 1262; x_wconf 87' lang='grc' dir='ltr'><strong>ὁ</strong></span> <span class='ocrx_word' id='word_1_199' title='bbox 265 1235 442 1270; x_wconf 80' lang='grc' dir='ltr'>παρακούσας</span> <span class='ocrx_word' id='word_1_200' title='bbox 460 1234 545 1266; x_wconf 78' lang='grc' dir='ltr'>αἴτιος</span> <span class='ocrx_word' id='word_1_201' title='bbox 555 1243 561 1249; x_wconf 90' lang='grc'>·</span> <span class='ocrx_word' id='word_1_202' title='bbox 577 1233 663 1264; x_wconf 77' lang='grc' dir='ltr'>οὕτως</span> <span class='ocrx_word' id='word_1_203' title='bbox 679 1233 738 1259; x_wconf 77' lang='grc' dir='ltr'>οὐδὲ</span> <span class='ocrx_word' id='word_1_204' title='bbox 751 1230 953 1264; x_wconf 65' lang='grc' dir='ltr'>ἀλλογλώσσους</span> 
     </span>
    </p>
   </div>
   <div class='ocr_carea' id='block_1_28' title="bbox 167 1272 951 1312">
    <p class='ocr_par' dir='ltr' id='par_1_28' title="bbox 167 1272 951 1312">
     <span class='ocr_line' id='line_1_28' title="bbox 167 1272 951 1312; baseline -0.01 -8"><span class='ocrx_word' id='word_1_205' title='bbox 167 1275 235 1304; x_wconf 81' lang='grc' dir='ltr'>εἶναι</span> <span class='ocrx_word' id='word_1_206' title='bbox 251 1277 383 1312; x_wconf 71' lang='grc' dir='ltr'>ἠθέλησεν</span> <span class='ocrx_word' id='word_1_207' title='bbox 394 1284 401 1291; x_wconf 88' lang='grc'><strong>·</strong></span> <span class='ocrx_word' id='word_1_208' title='bbox 422 1276 482 1302; x_wconf 76' lang='grc' dir='ltr'>ἐπεὶ</span> <span class='ocrx_word' id='word_1_209' title='bbox 499 1276 552 1302; x_wconf 77' lang='grc' dir='ltr'>κᾶν</span> <span class='ocrx_word' id='word_1_210' title='bbox 572 1275 601 1306; x_wconf 79' lang='grc' dir='ltr'><strong>ἐξ</strong></span> <span class='ocrx_word' id='word_1_211' title='bbox 617 1275 703 1309; x_wconf 81' lang='grc' dir='ltr'>ἀρχῆς</span> <span class='ocrx_word' id='word_1_212' title='bbox 725 1273 804 1299; x_wconf 77' lang='grc' dir='ltr'>τοῦτο</span> <span class='ocrx_word' id='word_1_213' title='bbox 823 1272 951 1306; x_wconf 73' lang='grc' dir='ltr'>ἐποίησε·</span> 
     </span>
    </p>
   </div>
   <div class='ocr_carea' id='block_1_29' title="bbox 167 1314 951 1353">
    <p class='ocr_par' dir='ltr' id='par_1_29' title="bbox 167 1314 951 1353">
     <span class='ocr_line' id='line_1_29' title="bbox 167 1314 951 1353; baseline -0.008 -7"><span class='ocrx_word' id='word_1_214' title='bbox 167 1319 215 1346; x_wconf 76' lang='grc' dir='ltr'>νῦν</span> <span class='ocrx_word' id='word_1_215' title='bbox 232 1319 262 1346; x_wconf 80' lang='grc' dir='ltr'>δὲ</span> <span class='ocrx_word' id='word_1_216' title='bbox 279 1319 355 1345; x_wconf 81' lang='grc' dir='ltr'>πᾶσα</span> <span class='ocrx_word' id='word_1_217' title='bbox 371 1319 388 1353; x_wconf 82' lang='grc' dir='ltr'>ἡ</span> <span class='ocrx_word' id='word_1_218' title='bbox 401 1318 436 1352; x_wconf 85' lang='grc' dir='ltr'>γῆ</span> <span class='ocrx_word' id='word_1_219' title='bbox 455 1317 541 1352; x_wconf 81' lang='grc' dir='ltr'>χεῖλος</span> <span class='ocrx_word' id='word_1_220' title='bbox 554 1317 582 1342; x_wconf 79' lang='grc' dir='ltr'>ἓν</span> <span class='ocrx_word' id='word_1_221' title='bbox 596 1314 639 1351; x_wconf 81' lang='grc' dir='ltr'>ἧν,</span> <span class='ocrx_word' id='word_1_222' title='bbox 656 1316 702 1341; x_wconf 80' lang='grc' dir='ltr'>καὶ</span> <span class='ocrx_word' id='word_1_223' title='bbox 718 1314 793 1348; x_wconf 67' lang='grc' dir='ltr'>φωνὴ</span> <span class='ocrx_word' id='word_1_224' title='bbox 812 1314 859 1347; x_wconf 91' lang='grc' dir='ltr'>μία</span> <span class='ocrx_word' id='word_1_225' title='bbox 875 1314 951 1340; x_wconf 81' lang='grc' dir='ltr'>πᾶσι.</span> 
     </span>
    </p>
   </div>
   <div class='ocr_carea' id='block_1_30' title="bbox 168 1354 952 1394">
    <p class='ocr_par' dir='ltr' id='par_1_30' title="bbox 168 1354 952 1394">
     <span class='ocr_line' id='line_1_30' title="bbox 168 1354 952 1394; baseline -0.01 -7"><span class='ocrx_word' id='word_1_226' title='bbox 168 1361 217 1388; x_wconf 88' lang='grc' dir='ltr'>Διά</span> <span class='ocrx_word' id='word_1_227' title='bbox 233 1360 266 1394; x_wconf 82' lang='grc' dir='ltr'>δὴ</span> <span class='ocrx_word' id='word_1_228' title='bbox 285 1359 365 1386; x_wconf 75' lang='grc' dir='ltr'>τοῦτο</span> <span class='ocrx_word' id='word_1_229' title='bbox 381 1359 441 1385; x_wconf 74' lang='grc' dir='ltr'>οὐδὲ</span> <span class='ocrx_word' id='word_1_230' title='bbox 456 1358 537 1393; x_wconf 74' lang='grc' dir='ltr'>ἡνίκα</span> <span class='ocrx_word' id='word_1_231' title='bbox 553 1358 602 1392; x_wconf 79' lang='grc' dir='ltr'>τὴν</span> <span class='ocrx_word' id='word_1_232' title='bbox 622 1357 674 1391; x_wconf 76' lang='grc' dir='ltr'>γῆν</span> <span class='ocrx_word' id='word_1_233' title='bbox 695 1355 875 1390; x_wconf 75' lang='grc' dir='ltr'>ἀφανισθῆναι</span> <span class='ocrx_word' id='word_1_234' title='bbox 889 1354 952 1384; x_wconf 74' lang='grc' dir='ltr'>ἔδει,</span> 
     </span>
    </p>
   </div>
   <div class='ocr_carea' id='block_1_31' title="bbox 168 1395 955 1435">
    <p class='ocr_par' dir='ltr' id='par_1_31' title="bbox 168 1395 955 1435">
     <span class='ocr_line' id='line_1_31' title="bbox 168 1395 955 1435; baseline -0.011 -6"><span class='ocrx_word' id='word_1_235' title='bbox 168 1403 227 1429; x_wconf 70' lang='grc' dir='ltr'>οὐδὲ</span> <span class='ocrx_word' id='word_1_236' title='bbox 247 1401 309 1427; x_wconf 83' lang='grc' dir='ltr'>τότε</span> <span class='ocrx_word' id='word_1_237' title='bbox 331 1401 404 1435; x_wconf 84' lang='grc' dir='ltr'>ἡμᾶς</span> <span class='ocrx_word' id='word_1_238' title='bbox 425 1399 453 1431; x_wconf 79' lang='grc' dir='ltr'>ἐξ</span> <span class='ocrx_word' id='word_1_239' title='bbox 475 1399 558 1432; x_wconf 79' lang='grc' dir='ltr'>ἄλλης</span> <span class='ocrx_word' id='word_1_240' title='bbox 574 1398 699 1432; x_wconf 75' lang='grc' dir='ltr'>ἐποίησεν</span> <span class='ocrx_word' id='word_1_241' title='bbox 722 1396 796 1431; x_wconf 80' lang='grc' dir='ltr'>ὒλης,</span> <span class='ocrx_word' id='word_1_242' title='bbox 813 1395 872 1421; x_wconf 78' lang='grc' dir='ltr'>οὐδὲ</span> <span class='ocrx_word' id='word_1_243' title='bbox 889 1403 955 1429; x_wconf 88' lang='grc' dir='ltr'>μετ-</span> 
     </span>
    </p>
   </div>
   <div class='ocr_carea' id='block_1_32' title="bbox 169 1436 955 1478">
    <p class='ocr_par' dir='ltr' id='par_1_32' title="bbox 169 1436 955 1478">
     <span class='ocr_line' id='line_1_32' title="bbox 169 1436 955 1478; baseline -0.011 -8"><span class='ocrx_word' id='word_1_244' title='bbox 169 1444 251 1478; x_wconf 88' lang='grc' dir='ltr'>έθηκε</span> <span class='ocrx_word' id='word_1_245' title='bbox 265 1443 312 1470; x_wconf 67' lang='grc' dir='ltr'>τὸν</span> <span class='ocrx_word' id='word_1_246' title='bbox 327 1442 440 1472; x_wconf 81' lang='grc' dir='ltr'>δίκαιον,</span> <span class='ocrx_word' id='word_1_247' title='bbox 454 1440 510 1466; x_wconf 83' lang='grc' dir='ltr'>ἀλλ’</span> <span class='ocrx_word' id='word_1_248' title='bbox 527 1440 606 1473; x_wconf 73' lang='grc' dir='ltr'>ἀφεὶς</span> <span class='ocrx_word' id='word_1_249' title='bbox 620 1439 700 1465; x_wconf 76' lang='grc' dir='ltr'>αὑτὸν</span> <span class='ocrx_word' id='word_1_250' title='bbox 716 1439 744 1464; x_wconf 81' lang='grc' dir='ltr'>ὲν</span> <span class='ocrx_word' id='word_1_251' title='bbox 756 1437 830 1472; x_wconf 88' lang='grc' dir='ltr'>μέσῳ</span> <span class='ocrx_word' id='word_1_252' title='bbox 843 1436 880 1471; x_wconf 82' lang='grc' dir='ltr'>τῷ</span> <span class='ocrx_word' id='word_1_253' title='bbox 891 1436 955 1462; x_wconf 87' lang='grc' dir='ltr'>κλυ-</span> 
     </span>
    </p>
   </div>
   <div class='ocr_carea' id='block_1_33' title="bbox 172 1477 955 1520">
    <p class='ocr_par' dir='ltr' id='par_1_33' title="bbox 172 1477 955 1520">
     <span class='ocr_line' id='line_1_33' title="bbox 172 1477 955 1520; baseline -0.01 -9"><span class='ocrx_word' id='word_1_254' title='bbox 172 1477 271 1520; x_wconf 81' lang='grc' dir='ltr'>δωνίῳ,</span> <span class='ocrx_word' id='word_1_255' title='bbox 290 1484 385 1518; x_wconf 84' lang='grc' dir='ltr'>ὥσπερ</span> <span class='ocrx_word' id='word_1_256' title='bbox 398 1482 457 1509; x_wconf 80' lang='grc' dir='ltr'>τινὰ</span> <span class='ocrx_word' id='word_1_257' title='bbox 473 1481 609 1515; x_wconf 79' lang='grc' dir='ltr'>σπινθῆρα</span> <span class='ocrx_word' id='word_1_258' title='bbox 625 1482 673 1515; x_wconf 79' lang='grc' dir='ltr'>τῆς</span> <span class='ocrx_word' id='word_1_259' title='bbox 683 1479 854 1514; x_wconf 76' lang='grc' dir='ltr'>οἰκουμένης,</span> <span class='ocrx_word' id='word_1_260' title='bbox 870 1477 955 1512; x_wconf 73' lang='grc' dir='ltr'>ἀνῆψε</span> 
     </span>
    </p>
   </div>
   <div class='ocr_carea' id='block_1_34' title="bbox 170 1520 954 1561">
    <p class='ocr_par' dir='ltr' id='par_1_34' title="bbox 170 1520 954 1561">
     <span class='ocr_line' id='line_1_34' title="bbox 170 1520 954 1561; baseline -0.009 -8"><span class='ocrx_word' id='word_1_261' title='bbox 170 1527 252 1553; x_wconf 82' lang='grc' dir='ltr'>πάλιν</span> <span class='ocrx_word' id='word_1_262' title='bbox 263 1526 342 1561; x_wconf 87' lang='grc' dir='ltr'>ήμῶν</span> <span class='ocrx_word' id='word_1_263' title='bbox 355 1525 384 1551; x_wconf 76' lang='grc' dir='ltr'>τὸ</span> <span class='ocrx_word' id='word_1_264' title='bbox 400 1524 477 1558; x_wconf 80' lang='grc' dir='ltr'>γένος</span> <span class='ocrx_word' id='word_1_265' title='bbox 492 1523 595 1550; x_wconf 73' lang='grc' dir='ltr'>ἐκεῖθεν</span> <span class='ocrx_word' id='word_1_266' title='bbox 610 1523 663 1549; x_wconf 73' lang='grc' dir='ltr'>ἀπὸ</span> <span class='ocrx_word' id='word_1_267' title='bbox 676 1521 722 1548; x_wconf 73' lang='grc' dir='ltr'>τοῦ</span> <span class='ocrx_word' id='word_1_268' title='bbox 739 1520 872 1556; x_wconf 75' lang='grc' dir='ltr'>μακαρίου</span> <span class='ocrx_word' id='word_1_269' title='bbox 882 1520 954 1547; x_wconf 84' lang='grc' dir='ltr'>Νῶε.</span> 
     </span>
    </p>
   </div>
   <div class='ocr_carea' id='block_1_35' title="bbox 169 1562 956 1603">
    <p class='ocr_par' dir='ltr' id='par_1_35' title="bbox 169 1562 956 1603">
     <span class='ocr_line' id='line_1_35' title="bbox 169 1562 956 1603; baseline -0.01 -7"><span class='ocrx_word' id='word_1_270' title='bbox 169 1569 224 1596; x_wconf 81' lang='grc' dir='ltr'>Καὶ</span> <span class='ocrx_word' id='word_1_271' title='bbox 239 1567 269 1601; x_wconf 79' lang='grc' dir='ltr'>ἐξ</span> <span class='ocrx_word' id='word_1_272' title='bbox 281 1568 370 1603; x_wconf 84' lang='grc' dir='ltr'>ἀρχῆς</span> <span class='ocrx_word' id='word_1_273' title='bbox 385 1567 433 1602; x_wconf 81' lang='grc' dir='ltr'>μὲν</span> <span class='ocrx_word' id='word_1_274' title='bbox 457 1565 521 1600; x_wconf 83' lang='grc' dir='ltr'>μίαν</span> <span class='ocrx_word' id='word_1_275' title='bbox 538 1565 665 1599; x_wconf 79' lang='grc' dir='ltr'>ἐποίησεν</span> <span class='ocrx_word' id='word_1_276' title='bbox 688 1564 785 1599; x_wconf 87' lang='grc' dir='ltr'>ἀρχὴν,</span> <span class='ocrx_word' id='word_1_277' title='bbox 801 1564 846 1588; x_wconf 82' lang='grc' dir='ltr'>τὸν</span> <span class='ocrx_word' id='word_1_278' title='bbox 873 1562 956 1597; x_wconf 82' lang='grc' dir='ltr'>ἄνδρα</span> 
     </span>
    </p>
   </div>
   <div class='ocr_carea' id='block_1_36' title="bbox 172 1604 958 1644">
    <p class='ocr_par' dir='ltr' id='par_1_36' title="bbox 172 1604 958 1644">
     <span class='ocr_line' id='line_1_36' title="bbox 172 1604 958 1644; baseline -0.01 -7"><span class='ocrx_word' id='word_1_279' title='bbox 172 1610 323 1644; x_wconf 75' lang='grc' dir='ltr'>ἐπιστήσας</span> <span class='ocrx_word' id='word_1_280' title='bbox 339 1610 371 1644; x_wconf 82' lang='grc' dir='ltr'>τῇ</span> <span class='ocrx_word' id='word_1_281' title='bbox 388 1607 511 1642; x_wconf 78' lang='grc' dir='ltr'>γυναικί’</span> <span class='ocrx_word' id='word_1_282' title='bbox 529 1606 622 1641; x_wconf 76' lang='grc' dir='ltr'>ἐπειδὴ</span> <span class='ocrx_word' id='word_1_283' title='bbox 636 1606 663 1632; x_wconf 77' lang='grc' dir='ltr'>δὲ</span> <span class='ocrx_word' id='word_1_284' title='bbox 676 1606 715 1637; x_wconf 86' lang='grc' dir='ltr'>είς</span> <span class='ocrx_word' id='word_1_285' title='bbox 731 1604 830 1640; x_wconf 80' lang='grc' dir='ltr'>πολλὴν</span> <span class='ocrx_word' id='word_1_286' title='bbox 848 1604 958 1636; x_wconf 78' lang='grc' dir='ltr'>ἐξώκει-</span> 
     </span>
    </p>
   </div>
   <div class='ocr_carea' id='block_1_37' title="bbox 170 1646 955 1683">
    <p class='ocr_par' dir='ltr' id='par_1_37' title="bbox 170 1646 955 1683">
     <span class='ocr_line' id='line_1_37' title="bbox 170 1646 955 1683; baseline -0.009 -5"><span class='ocrx_word' id='word_1_287' title='bbox 170 1652 214 1678; x_wconf 85' lang='grc' dir='ltr'>λεν</span> <span class='ocrx_word' id='word_1_288' title='bbox 232 1650 347 1682; x_wconf 79' lang='grc' dir='ltr'>ἀταξίαν</span> <span class='ocrx_word' id='word_1_289' title='bbox 361 1650 391 1675; x_wconf 81' lang='grc' dir='ltr'>τὸ</span> <span class='ocrx_word' id='word_1_290' title='bbox 406 1649 483 1683; x_wconf 82' lang='grc' dir='ltr'>γένος</span> <span class='ocrx_word' id='word_1_291' title='bbox 503 1648 593 1683; x_wconf 80' lang='grc' dir='ltr'>ἡμῶν,</span> <span class='ocrx_word' id='word_1_292' title='bbox 609 1647 657 1674; x_wconf 70' lang='grc' dir='ltr'>καὶ</span> <span class='ocrx_word' id='word_1_293' title='bbox 679 1647 774 1682; x_wconf 83' lang='grc' dir='ltr'>ἐτέρας</span> <span class='ocrx_word' id='word_1_294' title='bbox 796 1646 955 1680; x_wconf 81' lang='grc' dir='ltr'>κατέστησε,</span> 
     </span>
    </p>
   </div>
   <div class='ocr_carea' id='block_1_38' title="bbox 169 1688 957 1728">
    <p class='ocr_par' dir='ltr' id='par_1_38' title="bbox 169 1688 957 1728">
     <span class='ocr_line' id='line_1_38' title="bbox 169 1688 957 1728; baseline -0.01 -6"><span class='ocrx_word' id='word_1_295' title='bbox 169 1696 218 1727; x_wconf 71' lang='grc' dir='ltr'>τὰς</span> <span class='ocrx_word' id='word_1_296' title='bbox 224 1694 278 1722; x_wconf 91' lang='grc' dir='ltr'>τῶν</span> <span class='ocrx_word' id='word_1_297' title='bbox 291 1693 428 1720; x_wconf 81' lang='grc' dir='ltr'>δεσποτῶν</span> <span class='ocrx_word' id='word_1_298' title='bbox 439 1691 525 1728; x_wconf 77' lang='grc'>[516],</span> <span class='ocrx_word' id='word_1_299' title='bbox 538 1691 585 1722; x_wconf 87' lang='grc' dir='ltr'>τάς</span> <span class='ocrx_word' id='word_1_300' title='bbox 594 1691 648 1717; x_wconf 90' lang='grc' dir='ltr'>τῶν</span> <span class='ocrx_word' id='word_1_301' title='bbox 659 1690 808 1725; x_wconf 80' lang='grc' dir='ltr'>ἀρχόντων·</span> <span class='ocrx_word' id='word_1_302' title='bbox 825 1688 957 1715; x_wconf 73' lang='grc' dir='ltr'>καὶτοῦτο</span> 
     </span>
    </p>
   </div>
   <div class='ocr_carea' id='block_1_39' title="bbox 169 1728 958 1768">
    <p class='ocr_par' dir='ltr' id='par_1_39' title="bbox 169 1728 958 1768">
     <span class='ocr_line' id='line_1_39' title="bbox 169 1728 958 1768; baseline -0.009 -8"><span class='ocrx_word' id='word_1_303' title='bbox 169 1734 197 1760; x_wconf 74' lang='grc' dir='ltr'>δὲ</span> <span class='ocrx_word' id='word_1_304' title='bbox 209 1733 242 1760; x_wconf 77' lang='grc' dir='ltr'>δι’</span> <span class='ocrx_word' id='word_1_305' title='bbox 255 1728 375 1768; x_wconf 80' lang='grc' dir='ltr'>ἀγάπην.</span> <span class='ocrx_word' id='word_1_306' title='bbox 385 1730 493 1766; x_wconf 79' lang='grc' dir='ltr'>Ἐπειδὴ</span> <span class='ocrx_word' id='word_1_307' title='bbox 506 1730 560 1766; x_wconf 85' lang='grc' dir='ltr'>γὰρ</span> <span class='ocrx_word' id='word_1_308' title='bbox 569 1731 586 1766; x_wconf 81' lang='grc' dir='ltr'><strong>ἡ</strong></span> <span class='ocrx_word' id='word_1_309' title='bbox 598 1729 679 1757; x_wconf 82' lang='grc' dir='ltr'>κακία</span> <span class='ocrx_word' id='word_1_310' title='bbox 695 1728 845 1756; x_wconf 79' lang='grc' dir='ltr'>διαλυτικδν</span> <span class='ocrx_word' id='word_1_311' title='bbox 858 1729 903 1754; x_wconf 74' lang='grc' dir='ltr'>καὶ</span> <span class='ocrx_word' id='word_1_312' title='bbox 912 1729 958 1753; x_wconf 78' lang='grc' dir='ltr'>ἀν-</span> 
     </span>
    </p>
   </div>
   <div class='ocr_carea' id='block_1_40' title="bbox 171 1769 958 1811">
    <p class='ocr_par' dir='ltr' id='par_1_40' title="bbox 171 1769 958 1811">
     <span class='ocr_line' id='line_1_40' title="bbox 171 1769 958 1811; baseline -0.01 -10"><span class='ocrx_word' id='word_1_313' title='bbox 171 1775 308 1811; x_wconf 67' lang='grc' dir='ltr'>αιρετικὸν</span> <span class='ocrx_word' id='word_1_314' title='bbox 325 1773 403 1809; x_wconf 81' lang='grc' dir='ltr'>ήμῶν</span> <span class='ocrx_word' id='word_1_315' title='bbox 420 1771 465 1799; x_wconf 76' lang='grc' dir='ltr'>τοῦ</span> <span class='ocrx_word' id='word_1_316' title='bbox 483 1772 588 1806; x_wconf 83' lang='grc' dir='ltr'>γένους,</span> <span class='ocrx_word' id='word_1_317' title='bbox 605 1772 699 1806; x_wconf 72' lang='grc' dir='ltr'>ὥσπερ</span> <span class='ocrx_word' id='word_1_318' title='bbox 717 1770 791 1801; x_wconf 78' lang='grc' dir='ltr'>τινὰς</span> <span class='ocrx_word' id='word_1_319' title='bbox 808 1770 914 1804; x_wconf 74' lang='grc' dir='ltr'>ἰατροὺς</span> <span class='ocrx_word' id='word_1_320' title='bbox 930 1769 958 1794; x_wconf 78' lang='grc' dir='ltr'>ὲν</span> 
     </span>
    </p>
   </div>
   <div class='ocr_carea' id='block_1_41' title="bbox 173 1810 958 1852">
    <p class='ocr_par' dir='ltr' id='par_1_41' title="bbox 173 1810 958 1852">
     <span class='ocr_line' id='line_1_41' title="bbox 173 1810 958 1852; baseline -0.01 -9"><span class='ocrx_word' id='word_1_321' title='bbox 173 1810 268 1852; x_wconf 80' lang='grc' dir='ltr'>μέσαις</span> <span class='ocrx_word' id='word_1_322' title='bbox 279 1817 339 1846; x_wconf 82' lang='grc' dir='ltr'>ταῖς</span> <span class='ocrx_word' id='word_1_323' title='bbox 356 1815 465 1841; x_wconf 70' lang='grc' dir='ltr'>πόλεσιν</span> <span class='ocrx_word' id='word_1_324' title='bbox 478 1813 587 1840; x_wconf 73' lang='grc' dir='ltr'>ἐκάθισε</span> <span class='ocrx_word' id='word_1_325' title='bbox 602 1813 665 1844; x_wconf 73' lang='grc' dir='ltr'>τοὺς</span> <span class='ocrx_word' id='word_1_326' title='bbox 675 1812 843 1843; x_wconf 80' lang='grc' dir='ltr'>δικάζοντας,</span> <span class='ocrx_word' id='word_1_327' title='bbox 860 1810 891 1836; x_wconf 81' lang='grc' dir='ltr'>ἵν’</span> <span class='ocrx_word' id='word_1_328' title='bbox 903 1810 958 1835; x_wconf 86' lang='grc' dir='ltr'>ῶσ-</span> 
     </span>
    </p>
   </div>
   <div class='ocr_carea' id='block_1_42' title="bbox 171 1852 959 1894">
    <p class='ocr_par' dir='ltr' id='par_1_42' title="bbox 171 1852 959 1894">
     <span class='ocr_line' id='line_1_42' title="bbox 171 1852 959 1894; baseline -0.01 -9"><span class='ocrx_word' id='word_1_329' title='bbox 171 1867 224 1894; x_wconf 81' lang='grc' dir='ltr'>περ</span> <span class='ocrx_word' id='word_1_330' title='bbox 235 1857 298 1884; x_wconf 72' lang='grc' dir='ltr'>τινὰ</span> <span class='ocrx_word' id='word_1_331' title='bbox 310 1857 403 1892; x_wconf 72' lang='grc' dir='ltr'>λοιμὲν</span> <span class='ocrx_word' id='word_1_332' title='bbox 414 1856 464 1890; x_wconf 76' lang='grc' dir='ltr'>τῆς</span> <span class='ocrx_word' id='word_1_333' title='bbox 479 1856 590 1889; x_wconf 77' lang='grc' dir='ltr'>ἀγάπης</span> <span class='ocrx_word' id='word_1_334' title='bbox 608 1857 657 1888; x_wconf 80' lang='grc' dir='ltr'>τὴν</span> <span class='ocrx_word' id='word_1_335' title='bbox 677 1854 776 1880; x_wconf 77' lang='grc' dir='ltr'>κακίαν</span> <span class='ocrx_word' id='word_1_336' title='bbox 796 1852 959 1879; x_wconf 83' lang='grc' dir='ltr'>ἀπελαύνον-</span> 
     </span>
    </p>
   </div>
   <div class='ocr_carea' id='block_1_43' title="bbox 171 1894 959 1931">
    <p class='ocr_par' dir='ltr' id='par_1_43' title="bbox 171 1894 959 1931">
     <span class='ocr_line' id='line_1_43' title="bbox 171 1894 959 1931; baseline -0.01 -4"><span class='ocrx_word' id='word_1_337' title='bbox 171 1908 228 1931; x_wconf 78' lang='grc' dir='ltr'>τες,</span> <span class='ocrx_word' id='word_1_338' title='bbox 247 1899 353 1929; x_wconf 72' lang='grc' dir='ltr'>πάντας</span> <span class='ocrx_word' id='word_1_339' title='bbox 369 1898 407 1929; x_wconf 87' lang='grc' dir='ltr'>είς</span> <span class='ocrx_word' id='word_1_340' title='bbox 423 1897 452 1923; x_wconf 84' lang='grc' dir='ltr'>ἓν</span> <span class='ocrx_word' id='word_1_341' title='bbox 473 1897 673 1930; x_wconf 86' lang='grc' dir='ltr'>συναγάγωσιν.</span> <span class='ocrx_word' id='word_1_342' title='bbox 696 1896 754 1922; x_wconf 84' lang='grc' dir='ltr'>’Ὶνα</span> <span class='ocrx_word' id='word_1_343' title='bbox 770 1895 798 1921; x_wconf 80' lang='grc' dir='ltr'>δὲ</span> <span class='ocrx_word' id='word_1_344' title='bbox 820 1894 858 1929; x_wconf 84' lang='grc' dir='ltr'>μὴ</span> <span class='ocrx_word' id='word_1_345' title='bbox 881 1894 959 1928; x_wconf 88' lang='grc' dir='ltr'>μόνον</span> 
     </span>
    </p>
   </div>
   <div class='ocr_carea' id='block_1_44' title="bbox 172 1935 958 1972">
    <p class='ocr_par' dir='ltr' id='par_1_44' title="bbox 172 1935 958 1972">
     <span class='ocr_line' id='line_1_44' title="bbox 172 1935 958 1972; baseline -0.01 -4"><span class='ocrx_word' id='word_1_346' title='bbox 172 1942 201 1968; x_wconf 70' lang='grc' dir='ltr'>ἐν</span> <span class='ocrx_word' id='word_1_347' title='bbox 216 1942 277 1972; x_wconf 78' lang='grc' dir='ltr'>ταῖς</span> <span class='ocrx_word' id='word_1_348' title='bbox 289 1939 409 1972; x_wconf 84' lang='grc' dir='ltr'>πόλεσιν,</span> <span class='ocrx_word' id='word_1_349' title='bbox 436 1938 505 1965; x_wconf 85' lang='grc' dir='ltr'>ἁλλά</span> <span class='ocrx_word' id='word_1_350' title='bbox 521 1938 567 1964; x_wconf 69' lang='grc' dir='ltr'>καὶ</span> <span class='ocrx_word' id='word_1_351' title='bbox 591 1939 619 1964; x_wconf 79' lang='grc' dir='ltr'>ἐν</span> <span class='ocrx_word' id='word_1_352' title='bbox 642 1937 742 1972; x_wconf 75' lang='grc' dir='ltr'>ἑκάστῃ</span> <span class='ocrx_word' id='word_1_353' title='bbox 754 1936 826 1971; x_wconf 72' lang='grc' dir='ltr'>οἰκία</span> <span class='ocrx_word' id='word_1_354' title='bbox 846 1935 928 1970; x_wconf 85' lang='grc' dir='ltr'>πολλὴ</span> <span class='ocrx_word' id='word_1_355' title='bbox 942 1936 958 1970; x_wconf 90' lang='grc' dir='ltr'>ή</span> 
     </span>
    </p>
   </div>
   <div class='ocr_carea' id='block_1_45' title="bbox 172 1977 957 2018">
    <p class='ocr_par' dir='ltr' id='par_1_45' title="bbox 172 1977 957 2018">
     <span class='ocr_line' id='line_1_45' title="bbox 172 1977 957 2018; baseline -0.009 -9"><span class='ocrx_word' id='word_1_356' title='bbox 172 1983 283 2018; x_wconf 81' lang='grc' dir='ltr'>ὁμόνοια</span> <span class='ocrx_word' id='word_1_357' title='bbox 295 1979 324 2017; x_wconf 80' lang='grc' dir='ltr'>ᾗ,</span> <span class='ocrx_word' id='word_1_358' title='bbox 341 1981 386 2008; x_wconf 71' lang='grc' dir='ltr'>τὸν</span> <span class='ocrx_word' id='word_1_359' title='bbox 403 1980 452 2015; x_wconf 82' lang='grc' dir='ltr'>μὲν</span> <span class='ocrx_word' id='word_1_360' title='bbox 472 1979 554 2015; x_wconf 79' lang='grc' dir='ltr'>ἄνδρα</span> <span class='ocrx_word' id='word_1_361' title='bbox 576 1980 608 2014; x_wconf 81' lang='grc' dir='ltr'>τῇ</span> <span class='ocrx_word' id='word_1_362' title='bbox 628 1979 697 2014; x_wconf 85' lang='grc' dir='ltr'>ἀρχῇ</span> <span class='ocrx_word' id='word_1_363' title='bbox 715 1978 761 2004; x_wconf 78' lang='grc' dir='ltr'>καὶ</span> <span class='ocrx_word' id='word_1_364' title='bbox 781 1979 814 2012; x_wconf 82' lang='grc' dir='ltr'>τῇ</span> <span class='ocrx_word' id='word_1_365' title='bbox 838 1977 957 2012; x_wconf 83' lang='grc' dir='ltr'>ὑπεροχῇ</span> 
     </span>
    </p>
   </div>
   <div class='ocr_carea' id='block_1_46' title="bbox 172 2017 958 2059">
    <p class='ocr_par' dir='ltr' id='par_1_46' title="bbox 172 2017 958 2059">
     <span class='ocr_line' id='line_1_46' title="bbox 172 2017 958 2059; baseline -0.009 -9"><span class='ocrx_word' id='word_1_366' title='bbox 172 2017 303 2059; x_wconf 81' lang='grc' dir='ltr'>τιμήσας,</span> <span class='ocrx_word' id='word_1_367' title='bbox 326 2023 376 2058; x_wconf 80' lang='grc' dir='ltr'>τὴν</span> <span class='ocrx_word' id='word_1_368' title='bbox 393 2022 422 2048; x_wconf 81' lang='grc' dir='ltr'>δὲ</span> <span class='ocrx_word' id='word_1_369' title='bbox 448 2023 564 2055; x_wconf 84' lang='grc' dir='ltr'>γυναῖκα</span> <span class='ocrx_word' id='word_1_370' title='bbox 583 2022 615 2055; x_wconf 87' lang='grc' dir='ltr'>τῇ</span> <span class='ocrx_word' id='word_1_371' title='bbox 631 2019 762 2054; x_wconf 81' lang='grc' dir='ltr'>ἐπιθυμίᾳ</span> <span class='ocrx_word' id='word_1_372' title='bbox 781 2017 958 2050; x_wconf 81' lang='grc' dir='ltr'>καθοπλίσας,</span> 
     </span>
    </p>
   </div>
   <div class='ocr_carea' id='block_1_47' title="bbox 175 2059 961 2099">
    <p class='ocr_par' dir='ltr' id='par_1_47' title="bbox 175 2059 961 2099">
     <span class='ocr_line' id='line_1_47' title="bbox 175 2059 961 2099; baseline -0.01 -7"><span class='ocrx_word' id='word_1_373' title='bbox 175 2067 221 2092; x_wconf 70' lang='grc' dir='ltr'>καὶ</span> <span class='ocrx_word' id='word_1_374' title='bbox 229 2065 261 2092; x_wconf 87' lang='grc' dir='ltr'>τὺ</span> <span class='ocrx_word' id='word_1_375' title='bbox 275 2065 324 2099; x_wconf 79' lang='grc' dir='ltr'>τῆς</span> <span class='ocrx_word' id='word_1_376' title='bbox 346 2063 518 2094; x_wconf 84' lang='grc' dir='ltr'>παιδοποιίας</span> <span class='ocrx_word' id='word_1_377' title='bbox 534 2062 562 2089; x_wconf 84' lang='grc' dir='ltr'>δὲ</span> <span class='ocrx_word' id='word_1_378' title='bbox 577 2062 662 2097; x_wconf 86' lang='grc' dir='ltr'>δῶρον</span> <span class='ocrx_word' id='word_1_379' title='bbox 677 2062 716 2091; x_wconf 82' lang='grc' dir='ltr'>εἰς</span> <span class='ocrx_word' id='word_1_380' title='bbox 738 2060 819 2094; x_wconf 87' lang='grc' dir='ltr'>μέσον</span> <span class='ocrx_word' id='word_1_381' title='bbox 838 2059 961 2095; x_wconf 84' lang='grc' dir='ltr'>ἀμφοτέ-</span> 
     </span>
    </p>
   </div>
   <div class='ocr_carea' id='block_1_48' title="bbox 176 2100 962 2142">
    <p class='ocr_par' dir='ltr' id='par_1_48' title="bbox 176 2100 962 2142">
     <span class='ocr_line' id='line_1_48' title="bbox 176 2100 962 2142; baseline -0.008 -9"><span class='ocrx_word' id='word_1_382' title='bbox 176 2115 234 2142; x_wconf 89' lang='grc' dir='ltr'>ροις</span> <span class='ocrx_word' id='word_1_383' title='bbox 249 2105 390 2137; x_wconf 66' lang='grc' dir='ltr'>καταθεὶς,</span> <span class='ocrx_word' id='word_1_384' title='bbox 403 2105 450 2132; x_wconf 81' lang='grc' dir='ltr'>καὶ</span> <span class='ocrx_word' id='word_1_385' title='bbox 458 2104 540 2138; x_wconf 74' lang='grc' dir='ltr'>ἕτερα</span> <span class='ocrx_word' id='word_1_386' title='bbox 554 2103 622 2138; x_wconf 87' lang='grc' dir='ltr'>μετά</span> <span class='ocrx_word' id='word_1_387' title='bbox 635 2102 736 2129; x_wconf 90' lang='grc' dir='ltr'>τούτων</span> <span class='ocrx_word' id='word_1_388' title='bbox 751 2102 896 2135; x_wconf 88' lang='grc' dir='ltr'>συναγωγά</span> <span class='ocrx_word' id='word_1_389' title='bbox 912 2100 962 2135; x_wconf 86' lang='grc' dir='ltr'>τῆς</span> 
     </span>
    </p>
   </div>
   <div class='ocr_carea' id='block_1_49' title="bbox 174 2142 962 2184">
    <p class='ocr_par' dir='ltr' id='par_1_49' title="bbox 174 2142 962 2184">
     <span class='ocr_line' id='line_1_49' title="bbox 174 2142 962 2184; baseline -0.011 -8"><span class='ocrx_word' id='word_1_390' title='bbox 174 2148 286 2184; x_wconf 77' lang='grc' dir='ltr'>ἀγάπης</span> <span class='ocrx_word' id='word_1_391' title='bbox 309 2146 520 2174; x_wconf 83' lang='grc' dir='ltr'>κατεσκεύασεν.</span> <span class='ocrx_word' id='word_1_392' title='bbox 543 2145 611 2172; x_wconf 78' lang='grc' dir='ltr'>Οὔτε</span> <span class='ocrx_word' id='word_1_393' title='bbox 633 2144 688 2179; x_wconf 83' lang='grc' dir='ltr'>γὰρ</span> <span class='ocrx_word' id='word_1_394' title='bbox 713 2143 802 2170; x_wconf 88' lang='grc' dir='ltr'>πάντα</span> <span class='ocrx_word' id='word_1_395' title='bbox 829 2142 962 2178; x_wconf 75' lang='grc' dir='ltr'>ἐπέτρεψε</span> 
     </span>
    </p>
   </div>
   <div class='ocr_carea' id='block_1_50' title="bbox 175 2183 962 2226">
    <p class='ocr_par' dir='ltr' id='par_1_50' title="bbox 175 2183 962 2226">
     <span class='ocr_line' id='line_1_50' title="bbox 175 2183 962 2226; baseline -0.01 -9"><span class='ocrx_word' id='word_1_396' title='bbox 175 2191 213 2226; x_wconf 85' lang='grc' dir='ltr'>τῷ</span> <span class='ocrx_word' id='word_1_397' title='bbox 235 2190 323 2225; x_wconf 77' lang='grc' dir='ltr'>ἀνδρὶ,</span> <span class='ocrx_word' id='word_1_398' title='bbox 340 2188 402 2216; x_wconf 77' lang='grc' dir='ltr'>οὔτε</span> <span class='ocrx_word' id='word_1_399' title='bbox 427 2189 516 2215; x_wconf 87' lang='grc' dir='ltr'>πάντα</span> <span class='ocrx_word' id='word_1_400' title='bbox 534 2189 567 2223; x_wconf 80' lang='grc' dir='ltr'>τῇ</span> <span class='ocrx_word' id='word_1_401' title='bbox 582 2186 702 2221; x_wconf 73' lang='grc' dir='ltr'>γυναικὶ,</span> <span class='ocrx_word' id='word_1_402' title='bbox 721 2185 789 2212; x_wconf 87' lang='grc' dir='ltr'>ἀλλά</span> <span class='ocrx_word' id='word_1_403' title='bbox 807 2185 854 2211; x_wconf 78' lang='grc' dir='ltr'>καὶ</span> <span class='ocrx_word' id='word_1_404' title='bbox 875 2183 962 2210; x_wconf 83' lang='grc' dir='ltr'>ταῦτα</span> 
     </span>
    </p>
   </div>
   <div class='ocr_carea' id='block_1_51' title="bbox 175 2226 962 2266">
    <p class='ocr_par' dir='ltr' id='par_1_51' title="bbox 175 2226 962 2266">
     <span class='ocr_line' id='line_1_51' title="bbox 175 2226 962 2266; baseline -0.01 -7"><span class='ocrx_word' id='word_1_405' title='bbox 175 2233 273 2259; x_wconf 72' lang='grc' dir='ltr'>διεῖλεν</span> <span class='ocrx_word' id='word_1_406' title='bbox 294 2232 418 2266; x_wconf 77' lang='grc' dir='ltr'>ἑκάστῳ,</span> <span class='ocrx_word' id='word_1_407' title='bbox 436 2232 469 2266; x_wconf 75' lang='grc' dir='ltr'>τῇ</span> <span class='ocrx_word' id='word_1_408' title='bbox 489 2230 538 2265; x_wconf 82' lang='grc' dir='ltr'>μὲν</span> <span class='ocrx_word' id='word_1_409' title='bbox 552 2229 601 2264; x_wconf 84' lang='grc' dir='ltr'>τὴν</span> <span class='ocrx_word' id='word_1_410' title='bbox 615 2228 713 2260; x_wconf 77' lang='grc' dir='ltr'>οἰκίαν,</span> <span class='ocrx_word' id='word_1_411' title='bbox 731 2227 769 2262; x_wconf 83' lang='grc' dir='ltr'>τῷ</span> <span class='ocrx_word' id='word_1_412' title='bbox 789 2227 817 2253; x_wconf 88' lang='grc' dir='ltr'>δὲ</span> <span class='ocrx_word' id='word_1_413' title='bbox 833 2226 881 2262; x_wconf 84' lang='grc' dir='ltr'>τὴν</span> <span class='ocrx_word' id='word_1_414' title='bbox 897 2226 962 2259; x_wconf 64' lang='grc' dir='ltr'>ἄγος</span> 
     </span>
    </p>
   </div>
   <div class='ocr_carea' id='block_1_52' title="bbox 177 2267 961 2309">
    <p class='ocr_par' dir='ltr' id='par_1_52' title="bbox 177 2267 961 2309">
     <span class='ocr_line' id='line_1_52' title="bbox 177 2267 961 2309; baseline -0.01 -8"><span class='ocrx_word' id='word_1_415' title='bbox 177 2274 227 2309; x_wconf 79' lang='grc' dir='ltr'>ρὰν</span> <span class='ocrx_word' id='word_1_416' title='bbox 239 2273 408 2308; x_wconf 71' lang='grc' dir='ltr'>ιγχειρίσας,</span> <span class='ocrx_word' id='word_1_417' title='bbox 416 2272 464 2299; x_wconf 81' lang='grc' dir='ltr'>καὶ</span> <span class='ocrx_word' id='word_1_418' title='bbox 475 2271 515 2306; x_wconf 84' lang='grc' dir='ltr'>τῷ</span> <span class='ocrx_word' id='word_1_419' title='bbox 527 2271 576 2306; x_wconf 81' lang='grc' dir='ltr'>μὲν</span> <span class='ocrx_word' id='word_1_420' title='bbox 592 2270 621 2297; x_wconf 83' lang='grc' dir='ltr'>τὸ</span> <span class='ocrx_word' id='word_1_421' title='bbox 632 2269 752 2305; x_wconf 75' lang='grc' dir='ltr'>τρέφειν,</span> <span class='ocrx_word' id='word_1_422' title='bbox 764 2270 880 2304; x_wconf 86' lang='grc' dir='ltr'>γεωργεῖ</span> <span class='ocrx_word' id='word_1_423' title='bbox 890 2267 944 2303; x_wconf 83' lang='grc' dir='ltr'>γάρ</span> <span class='ocrx_word' id='word_1_424' title='bbox 954 2275 961 2283; x_wconf 92' lang='grc'><strong>·</strong></span> 
     </span>
    </p>
   </div>
   <div class='ocr_carea' id='block_1_53' title="bbox 175 2310 964 2352">
    <p class='ocr_par' dir='ltr' id='par_1_53' title="bbox 175 2310 964 2352">
     <span class='ocr_line' id='line_1_53' title="bbox 175 2310 964 2352; baseline -0.01 -9"><span class='ocrx_word' id='word_1_425' title='bbox 175 2318 209 2352; x_wconf 76' lang='grc' dir='ltr'>τῇ</span> <span class='ocrx_word' id='word_1_426' title='bbox 220 2316 250 2344; x_wconf 72' lang='grc' dir='ltr'>δὲ</span> <span class='ocrx_word' id='word_1_427' title='bbox 262 2316 293 2342; x_wconf 80' lang='grc' dir='ltr'>τὸ</span> <span class='ocrx_word' id='word_1_428' title='bbox 304 2314 487 2350; x_wconf 81' lang='grc' dir='ltr'>περισάλλειν,</span> <span class='ocrx_word' id='word_1_429' title='bbox 502 2313 573 2345; x_wconf 84' lang='grc' dir='ltr'>ἱστὸς</span> <span class='ocrx_word' id='word_1_430' title='bbox 587 2313 640 2348; x_wconf 86' lang='grc' dir='ltr'>γὰρ</span> <span class='ocrx_word' id='word_1_431' title='bbox 656 2313 703 2338; x_wconf 75' lang='grc' dir='ltr'>καὶ</span> <span class='ocrx_word' id='word_1_432' title='bbox 717 2311 838 2346; x_wconf 73' lang='grc' dir='ltr'>ἠλακάτη</span> <span class='ocrx_word' id='word_1_433' title='bbox 854 2310 904 2345; x_wconf 86' lang='grc' dir='ltr'>τῆς</span> <span class='ocrx_word' id='word_1_434' title='bbox 915 2318 964 2344; x_wconf 87' lang='grc' dir='ltr'>γυ-</span> 
     </span>
    </p>
   </div>
   <div class='ocr_carea' id='block_1_54' title="bbox 178 2353 964 2392">
    <p class='ocr_par' dir='ltr' id='par_1_54' title="bbox 178 2353 964 2392">
     <span class='ocr_line' id='line_1_54' title="bbox 178 2353 964 2392; baseline -0.009 -7"><span class='ocrx_word' id='word_1_435' title='bbox 178 2358 279 2389; x_wconf 78' lang='grc' dir='ltr'>ναικός·</span> <span class='ocrx_word' id='word_1_436' title='bbox 297 2357 380 2388; x_wconf 80' lang='grc' dir='ltr'>αὐτὸς</span> <span class='ocrx_word' id='word_1_437' title='bbox 393 2356 448 2392; x_wconf 86' lang='grc' dir='ltr'>γὰρ</span> <span class='ocrx_word' id='word_1_438' title='bbox 464 2356 546 2383; x_wconf 64' lang='grc' dir='ltr'>ἔδωκε</span> <span class='ocrx_word' id='word_1_439' title='bbox 563 2356 596 2390; x_wconf 85' lang='grc' dir='ltr'>τῇ</span> <span class='ocrx_word' id='word_1_440' title='bbox 613 2354 722 2389; x_wconf 75' lang='grc' dir='ltr'>γυναικὶ</span> <span class='ocrx_word' id='word_1_441' title='bbox 740 2353 898 2388; x_wconf 79' lang='grc' dir='ltr'>ὑφάσματος</span> <span class='ocrx_word' id='word_1_442' title='bbox 920 2361 964 2378; x_wconf 90' lang='grc' dir='ltr'>σο-</span> 
     </span>
    </p>
   </div>
   <div class='ocr_carea' id='block_1_55' title="bbox 178 2395 964 2435">
    <p class='ocr_par' dir='ltr' id='par_1_55' title="bbox 178 2395 964 2435">
     <span class='ocr_line' id='line_1_55' title="bbox 178 2395 964 2435; baseline -0.009 -8"><span class='ocrx_word' id='word_1_443' title='bbox 178 2400 251 2435; x_wconf 77' lang='grc' dir='ltr'>φίαν.</span> <span class='ocrx_word' id='word_1_444' title='bbox 280 2399 350 2426; x_wconf 77' lang='grc' dir='ltr'>Ἀλλ’</span> <span class='ocrx_word' id='word_1_445' title='bbox 377 2398 502 2425; x_wconf 79' lang='grc' dir='ltr'>ἀπόλοιτο</span> <span class='ocrx_word' id='word_1_446' title='bbox 528 2398 544 2433; x_wconf 84' lang='grc' dir='ltr'><strong>ἡ</strong></span> <span class='ocrx_word' id='word_1_447' title='bbox 570 2396 747 2432; x_wconf 84' lang='grc' dir='ltr'>φιλαργυρία,</span> <span class='ocrx_word' id='word_1_448' title='bbox 773 2396 822 2422; x_wconf 87' lang='grc' dir='ltr'>οὐκ</span> <span class='ocrx_word' id='word_1_449' title='bbox 853 2395 964 2429; x_wconf 76' lang='grc' dir='ltr'>ἀφιεῖσα</span> 
     </span>
    </p>
   </div>
   <div class='ocr_carea' id='block_1_56' title="bbox 178 2436 964 2476">
    <p class='ocr_par' dir='ltr' id='par_1_56' title="bbox 178 2436 964 2476">
     <span class='ocr_line' id='line_1_56' title="bbox 178 2436 964 2476; baseline -0.008 -8"><span class='ocrx_word' id='word_1_450' title='bbox 178 2440 278 2476; x_wconf 65' lang='grc' dir='ltr'>ταύτην</span> <span class='ocrx_word' id='word_1_451' title='bbox 304 2440 445 2476; x_wconf 74' lang='grc' dir='ltr'>φαίνεσθαι</span> <span class='ocrx_word' id='word_1_452' title='bbox 466 2439 515 2474; x_wconf 83' lang='grc' dir='ltr'>τὴν</span> <span class='ocrx_word' id='word_1_453' title='bbox 544 2439 689 2473; x_wconf 87' lang='grc' dir='ltr'>διάκρισιν.</span> <span class='ocrx_word' id='word_1_454' title='bbox 726 2438 757 2464; x_wconf 89' lang='lat' dir='ltr'>&#39;H</span> <span class='ocrx_word' id='word_1_455' title='bbox 774 2438 828 2472; x_wconf 85' lang='grc' dir='ltr'>γάρ</span> <span class='ocrx_word' id='word_1_456' title='bbox 852 2436 964 2472; x_wconf 85' lang='grc' dir='ltr'>βλακεία</span> 
     </span>
    </p>
   </div>
   <div class='ocr_carea' id='block_1_57' title="bbox 179 2478 965 2515">
    <p class='ocr_par' dir='ltr' id='par_1_57' title="bbox 179 2478 965 2515">
     <span class='ocr_line' id='line_1_57' title="bbox 179 2478 965 2515; baseline -0.009 -5"><span class='ocrx_word' id='word_1_457' title='bbox 179 2483 232 2510; x_wconf 88' lang='grc' dir='ltr'>τῶν</span> <span class='ocrx_word' id='word_1_458' title='bbox 251 2482 358 2510; x_wconf 82' lang='grc' dir='ltr'>πολλῶν</span> <span class='ocrx_word' id='word_1_459' title='bbox 388 2481 435 2508; x_wconf 84' lang='grc' dir='ltr'>καὶ</span> <span class='ocrx_word' id='word_1_460' title='bbox 453 2481 515 2512; x_wconf 82' lang='grc' dir='ltr'>τοὺς</span> <span class='ocrx_word' id='word_1_461' title='bbox 529 2480 628 2515; x_wconf 81' lang='grc' dir='ltr'>ἄνδρας</span> <span class='ocrx_word' id='word_1_462' title='bbox 641 2480 681 2510; x_wconf 84' lang='grc' dir='ltr'>εἰς</span> <span class='ocrx_word' id='word_1_463' title='bbox 694 2479 757 2511; x_wconf 80' lang='grc' dir='ltr'>τοὺς</span> <span class='ocrx_word' id='word_1_464' title='bbox 770 2478 860 2509; x_wconf 77' lang='grc' dir='ltr'>ἱστοὺς</span> <span class='ocrx_word' id='word_1_465' title='bbox 874 2479 965 2504; x_wconf 78' lang='grc' dir='ltr'>ἐπεισ-</span> 
     </span>
    </p>
   </div>
   <div class='ocr_carea' id='block_1_58' title="bbox 179 2519 966 2561">
    <p class='ocr_par' dir='ltr' id='par_1_58' title="bbox 179 2519 966 2561">
     <span class='ocr_line' id='line_1_58' title="bbox 179 2519 966 2561; baseline -0.009 -9"><span class='ocrx_word' id='word_1_466' title='bbox 179 2527 277 2561; x_wconf 79' lang='grc' dir='ltr'>ήγαγε,</span> <span class='ocrx_word' id='word_1_467' title='bbox 290 2524 339 2550; x_wconf 72' lang='grc' dir='ltr'>καὶ</span> <span class='ocrx_word' id='word_1_468' title='bbox 349 2523 477 2557; x_wconf 81' lang='grc' dir='ltr'>κερκίδας</span> <span class='ocrx_word' id='word_1_469' title='bbox 489 2521 579 2553; x_wconf 76' lang='grc' dir='ltr'>αὐτοῖς</span> <span class='ocrx_word' id='word_1_470' title='bbox 588 2521 734 2556; x_wconf 72' lang='grc' dir='ltr'>ἐνεχείρισε</span> <span class='ocrx_word' id='word_1_471' title='bbox 749 2519 796 2546; x_wconf 79' lang='grc' dir='ltr'>καὶ</span> <span class='ocrx_word' id='word_1_472' title='bbox 805 2519 908 2555; x_wconf 80' lang='grc' dir='ltr'>κρόκην</span> <span class='ocrx_word' id='word_1_473' title='bbox 919 2519 966 2546; x_wconf 70' lang='grc' dir='ltr'>καὶ</span> 
     </span>
    </p>
   </div>
   <div class='ocr_carea' id='block_1_59' title="bbox 181 2561 966 2602">
    <p class='ocr_par' dir='ltr' id='par_1_59' title="bbox 181 2561 966 2602">
     <span class='ocr_line' id='line_1_59' title="bbox 181 2561 966 2602; baseline -0.009 -8"><span class='ocrx_word' id='word_1_474' title='bbox 181 2567 328 2602; x_wconf 83' lang='grc' dir='ltr'>στήμονας.</span> <span class='ocrx_word' id='word_1_475' title='bbox 350 2563 421 2591; x_wconf 82' lang='grc' dir='ltr'>Ἀλλ’</span> <span class='ocrx_word' id='word_1_476' title='bbox 438 2564 511 2598; x_wconf 75' lang='grc' dir='ltr'>ὅμως</span> <span class='ocrx_word' id='word_1_477' title='bbox 525 2562 573 2589; x_wconf 78' lang='grc' dir='ltr'>καὶ</span> <span class='ocrx_word' id='word_1_478' title='bbox 587 2561 658 2588; x_wconf 80' lang='grc' dir='ltr'>οὕτω</span> <span class='ocrx_word' id='word_1_479' title='bbox 670 2561 815 2596; x_wconf 79' lang='grc' dir='ltr'>διαλάμπει</span> <span class='ocrx_word' id='word_1_480' title='bbox 830 2562 878 2596; x_wconf 85' lang='grc' dir='ltr'>τῆς</span> <span class='ocrx_word' id='word_1_481' title='bbox 891 2561 966 2593; x_wconf 86' lang='grc' dir='ltr'>Θείας</span> 
     </span>
    </p>
   </div>
   <div class='ocr_carea' id='block_1_60' title="bbox 181 2603 966 2643">
    <p class='ocr_par' dir='ltr' id='par_1_60' title="bbox 181 2603 966 2643">
     <span class='ocr_line' id='line_1_60' title="bbox 181 2603 966 2643; baseline -0.008 -9"><span class='ocrx_word' id='word_1_482' title='bbox 181 2607 335 2643; x_wconf 85' lang='grc' dir='ltr'>οἰκονομίας</span> <span class='ocrx_word' id='word_1_483' title='bbox 351 2606 368 2642; x_wconf 73' lang='grc' dir='ltr'><strong>ἡ</strong></span> <span class='ocrx_word' id='word_1_484' title='bbox 387 2605 510 2641; x_wconf 83' lang='grc' dir='ltr'>πρόνοια.</span> <span class='ocrx_word' id='word_1_485' title='bbox 527 2603 583 2630; x_wconf 79' lang='grc' dir='ltr'>Καὶ</span> <span class='ocrx_word' id='word_1_486' title='bbox 598 2603 651 2638; x_wconf 80' lang='grc' dir='ltr'>γὰρ</span> <span class='ocrx_word' id='word_1_487' title='bbox 667 2603 714 2629; x_wconf 76' lang='grc' dir='ltr'>καὶ</span> <span class='ocrx_word' id='word_1_488' title='bbox 727 2604 776 2637; x_wconf 82' lang='grc' dir='ltr'>τῆς</span> <span class='ocrx_word' id='word_1_489' title='bbox 793 2603 923 2636; x_wconf 78' lang='grc' dir='ltr'>γυναικὸς</span> <span class='ocrx_word' id='word_1_490' title='bbox 937 2603 966 2629; x_wconf 81' lang='grc' dir='ltr'>ὲν</span> 
     </span>
    </p>
   </div>
   <div class='ocr_carea' id='block_1_61' title="bbox 181 2644 967 2681">
    <p class='ocr_par' dir='ltr' id='par_1_61' title="bbox 181 2644 967 2681">
     <span class='ocr_line' id='line_1_61' title="bbox 181 2644 967 2681; baseline -0.008 -5"><span class='ocrx_word' id='word_1_491' title='bbox 181 2649 271 2680; x_wconf 81' lang='grc' dir='ltr'>ἄλλοις</span> <span class='ocrx_word' id='word_1_492' title='bbox 294 2646 518 2681; x_wconf 86' lang='grc' dir='ltr'>ἀναγκαιοτέροις</span> <span class='ocrx_word' id='word_1_493' title='bbox 547 2644 649 2679; x_wconf 79' lang='grc' dir='ltr'>σφόδρα</span> <span class='ocrx_word' id='word_1_494' title='bbox 678 2644 811 2679; x_wconf 83' lang='grc' dir='ltr'>δεόμεθα,</span> <span class='ocrx_word' id='word_1_495' title='bbox 837 2645 883 2671; x_wconf 83' lang='grc' dir='ltr'>καὶ</span> <span class='ocrx_word' id='word_1_496' title='bbox 913 2644 967 2670; x_wconf 81' lang='grc' dir='ltr'>τῶν</span> 
     </span>
    </p>
   </div>
   <div class='ocr_carea' id='block_1_62' title="bbox 182 2685 965 2721">
    <p class='ocr_par' dir='ltr' id='par_1_62' title="bbox 182 2685 965 2721">
     <span class='ocr_line' id='line_1_62' title="bbox 182 2685 965 2721; baseline -0.008 -5"><span class='ocrx_word' id='word_1_497' title='bbox 182 2690 330 2718; x_wconf 68' lang='grc' dir='ltr'>ἐλαττόνων</span> <span class='ocrx_word' id='word_1_498' title='bbox 339 2689 368 2715; x_wconf 78' lang='grc' dir='ltr'>ἐν</span> <span class='ocrx_word' id='word_1_499' title='bbox 381 2690 436 2718; x_wconf 83' lang='grc' dir='ltr'>τοῖς</span> <span class='ocrx_word' id='word_1_500' title='bbox 449 2688 588 2721; x_wconf 81' lang='grc' dir='ltr'>συνέχουσι</span> <span class='ocrx_word' id='word_1_501' title='bbox 599 2685 645 2712; x_wconf 77' lang='grc' dir='ltr'>τὸν</span> <span class='ocrx_word' id='word_1_502' title='bbox 655 2685 711 2720; x_wconf 83' lang='grc' dir='ltr'>βίον</span> <span class='ocrx_word' id='word_1_503' title='bbox 727 2685 805 2720; x_wconf 85' lang='grc' dir='ltr'>ήμῶν</span> <span class='ocrx_word' id='word_1_504' title='bbox 816 2685 965 2721; x_wconf 81' lang='grc' dir='ltr'>χρῄζομεν·</span> 
     </span>
    </p>
   </div>
   <div class='ocr_carea' id='block_1_63' title="bbox 182 2727 967 2767">
    <p class='ocr_par' dir='ltr' id='par_1_63' title="bbox 182 2727 967 2767">
     <span class='ocr_line' id='line_1_63' title="bbox 182 2727 967 2767; baseline -0.009 -7"><span class='ocrx_word' id='word_1_505' title='bbox 182 2733 230 2760; x_wconf 72' lang='grc' dir='ltr'>καὶ</span> <span class='ocrx_word' id='word_1_506' title='bbox 245 2732 368 2767; x_wconf 79' lang='grc' dir='ltr'>τοσαύτη</span> <span class='ocrx_word' id='word_1_507' title='bbox 394 2730 445 2765; x_wconf 84' lang='grc' dir='ltr'>τῆς</span> <span class='ocrx_word' id='word_1_508' title='bbox 462 2729 556 2766; x_wconf 85' lang='grc' dir='ltr'>χρείας</span> <span class='ocrx_word' id='word_1_509' title='bbox 573 2728 646 2754; x_wconf 77' lang='grc' dir='ltr'>ἐστὶν</span> <span class='ocrx_word' id='word_1_510' title='bbox 670 2728 687 2762; x_wconf 90' lang='grc' dir='ltr'>ή</span> <span class='ocrx_word' id='word_1_511' title='bbox 709 2728 826 2762; x_wconf 85' lang='grc' dir='ltr'>ἀνάγκη,</span> <span class='ocrx_word' id='word_1_512' title='bbox 851 2729 892 2754; x_wconf 85' lang='grc' dir='ltr'>ὃτι</span> <span class='ocrx_word' id='word_1_513' title='bbox 918 2727 967 2754; x_wconf 69' lang='grc' dir='ltr'>κᾶν</span> 
     </span>
    </p>
   </div>
   <div class='ocr_carea' id='block_1_64' title="bbox 182 2767 968 2808">
    <p class='ocr_par' dir='ltr' id='par_1_64' title="bbox 182 2767 968 2808">
     <span class='ocr_line' id='line_1_64' title="bbox 182 2767 968 2808; baseline -0.01 -6"><span class='ocrx_word' id='word_1_514' title='bbox 182 2776 292 2802; x_wconf 67' lang='grc' dir='ltr'>πάντων</span> <span class='ocrx_word' id='word_1_515' title='bbox 313 2771 464 2808; x_wconf 83' lang='grc' dir='ltr'>ἀνθρώπων</span> <span class='ocrx_word' id='word_1_516' title='bbox 495 2769 692 2804; x_wconf 75' lang='grc' dir='ltr'>πλουσιώτερος</span> <span class='ocrx_word' id='word_1_517' title='bbox 745 2777 796 2800; x_wconf 82' lang='grc' dir='ltr'>τις,</span> <span class='ocrx_word' id='word_1_518' title='bbox 820 2768 879 2795; x_wconf 81' lang='grc' dir='ltr'>οὐδὲ</span> <span class='ocrx_word' id='word_1_519' title='bbox 898 2767 968 2794; x_wconf 74' lang='grc' dir='ltr'>οὕτω</span> 
     </span>
    </p>
   </div>
   <div class='ocr_carea' id='block_1_65' title="bbox 214 2850 503 2882">
    <p class='ocr_par' dir='ltr' id='par_1_65' title="bbox 214 2850 503 2882">
     <span class='ocr_line' id='line_1_65' title="bbox 214 2850 503 2882; baseline -0.024 -3"><span class='ocrx_word' id='word_1_520' title='bbox 214 2856 226 2870; x_wconf 88' lang='grc'><strong><em>⁸</em></strong></span> <span class='ocrx_word' id='word_1_521' title='bbox 237 2851 297 2882; x_wconf 73' lang='lat' dir='ltr'>Alii,</span> <span class='ocrx_word' id='word_1_522' title='bbox 318 2850 503 2875; x_wconf 64' lang='grc' dir='ltr'>κατεσκεύασεν.</span> 
     </span>
    </p>
   </div>
   <div class='ocr_carea' id='block_1_66' title="bbox 672 135 1306 168">
    <p class='ocr_par' dir='ltr' id='par_1_66' title="bbox 672 135 1306 168">
     <span class='ocr_line' id='line_1_66' title="bbox 672 135 1306 168; baseline -0.003 -2"><span class='ocrx_word' id='word_1_523' title='bbox 672 140 704 167; x_wconf 77' lang='grc' dir='ltr'>ΙΝ</span> <span class='ocrx_word' id='word_1_524' title='bbox 726 139 837 168; x_wconf 79' lang='lat' dir='ltr'>EPIST.</span> <span class='ocrx_word' id='word_1_525' title='bbox 856 139 864 166; x_wconf 94' lang='lat' dir='ltr'><strong>I</strong></span> <span class='ocrx_word' id='word_1_526' title='bbox 884 138 928 166; x_wconf 75' lang='lat' dir='ltr'>AD</span> <span class='ocrx_word' id='word_1_527' title='bbox 948 138 1026 165; x_wconf 77' lang='lat' dir='ltr'>COR.</span> <span class='ocrx_word' id='word_1_528' title='bbox 1049 138 1166 166; x_wconf 77' lang='grc' dir='ltr'>ΙΙΟΜΙΙ..</span> <span class='ocrx_word' id='word_1_529' title='bbox 1189 135 1306 165; x_wconf 69' lang='lat' dir='ltr'>XXXIV.</span> 
     </span>
    </p>
   </div>
   <div class='ocr_carea' id='block_1_67' title="bbox 1730 139 1782 165">
    <p class='ocr_par' dir='ltr' id='par_1_67' title="bbox 1730 139 1782 165">
     <span class='ocr_line' id='line_1_67' title="bbox 1730 139 1782 165; baseline 0.019 -1"><span class='ocrx_word' id='word_1_530' title='bbox 1730 139 1782 165; x_wconf 59' lang='lat'>’29?</span> 
     </span>
    </p>
   </div>
   <div class='ocr_carea' id='block_1_68' title="bbox 1004 193 1782 229">
    <p class='ocr_par' dir='ltr' id='par_1_68' title="bbox 1004 193 1782 229">
     <span class='ocr_line' id='line_1_68' title="bbox 1004 193 1782 229; baseline 0.003 -10"><span class='ocrx_word' id='word_1_531' title='bbox 1004 194 1104 228; x_wconf 79' lang='grc' dir='ltr'>ταύτης</span> <span class='ocrx_word' id='word_1_532' title='bbox 1121 193 1294 229; x_wconf 81' lang='grc' dir='ltr'>ἀπήλλακται</span> <span class='ocrx_word' id='word_1_533' title='bbox 1308 193 1358 228; x_wconf 87' lang='grc' dir='ltr'>τῆς</span> <span class='ocrx_word' id='word_1_534' title='bbox 1378 193 1533 227; x_wconf 77' lang='grc' dir='ltr'>συναφείας,</span> <span class='ocrx_word' id='word_1_535' title='bbox 1555 193 1601 220; x_wconf 80' lang='grc' dir='ltr'>καὶ</span> <span class='ocrx_word' id='word_1_536' title='bbox 1619 193 1666 219; x_wconf 80' lang='grc' dir='ltr'>τοῦ</span> <span class='ocrx_word' id='word_1_537' title='bbox 1681 194 1782 221; x_wconf 82' lang='grc' dir='ltr'>δεῖσθαι</span> 
     </span>
    </p>
   </div>
   <div class='ocr_carea' id='block_1_69' title="bbox 999 235 1784 271">
    <p class='ocr_par' dir='ltr' id='par_1_69' title="bbox 999 235 1784 271">
     <span class='ocr_line' id='line_1_69' title="bbox 999 235 1784 271; baseline 0.001 -10"><span class='ocrx_word' id='word_1_538' title='bbox 999 235 1045 261; x_wconf 78' lang='grc' dir='ltr'>τοῦ</span> <span class='ocrx_word' id='word_1_539' title='bbox 1057 236 1281 270; x_wconf 80' lang='grc' dir='ltr'>καταδεεστέρου.</span> <span class='ocrx_word' id='word_1_540' title='bbox 1302 236 1339 261; x_wconf 82' lang='grc' dir='ltr'>Οὐ</span> <span class='ocrx_word' id='word_1_541' title='bbox 1350 235 1405 270; x_wconf 83' lang='grc' dir='ltr'>γάρ</span> <span class='ocrx_word' id='word_1_542' title='bbox 1425 235 1456 271; x_wconf 81' lang='grc' dir='ltr'>δὴ</span> <span class='ocrx_word' id='word_1_543' title='bbox 1473 235 1528 261; x_wconf 84' lang='grc' dir='ltr'>τῶν</span> <span class='ocrx_word' id='word_1_544' title='bbox 1544 235 1678 262; x_wconf 84' lang='grc' dir='ltr'>πλουσίων</span> <span class='ocrx_word' id='word_1_545' title='bbox 1693 237 1719 262; x_wconf 85' lang='grc' dir='ltr'>οι</span> <span class='ocrx_word' id='word_1_546' title='bbox 1737 238 1784 262; x_wconf 88' lang='grc' dir='ltr'>πέ-</span> 
     </span>
    </p>
   </div>
   <div class='ocr_carea' id='block_1_70' title="bbox 1002 276 1785 312">
    <p class='ocr_par' dir='ltr' id='par_1_70' title="bbox 1002 276 1785 312">
     <span class='ocr_line' id='line_1_70' title="bbox 1002 276 1785 312; baseline 0 -10"><span class='ocrx_word' id='word_1_547' title='bbox 1002 285 1079 312; x_wconf 84' lang='grc' dir='ltr'>νητες</span> <span class='ocrx_word' id='word_1_548' title='bbox 1092 277 1193 303; x_wconf 84' lang='grc' dir='ltr'>δέονται</span> <span class='ocrx_word' id='word_1_549' title='bbox 1206 278 1295 312; x_wconf 81' lang='grc' dir='ltr'>μόνον,</span> <span class='ocrx_word' id='word_1_550' title='bbox 1313 277 1378 303; x_wconf 75' lang='grc' dir='ltr'>ἀ).λὰ</span> <span class='ocrx_word' id='word_1_551' title='bbox 1398 277 1443 304; x_wconf 73' lang='grc' dir='ltr'>καὶ</span> <span class='ocrx_word' id='word_1_552' title='bbox 1455 278 1479 303; x_wconf 88' lang='grc' dir='ltr'>οἱ</span> <span class='ocrx_word' id='word_1_553' title='bbox 1496 276 1615 304; x_wconf 87' lang='grc' dir='ltr'>πλούσιοι</span> <span class='ocrx_word' id='word_1_554' title='bbox 1630 277 1684 303; x_wconf 86' lang='grc' dir='ltr'>τῶν</span> <span class='ocrx_word' id='word_1_555' title='bbox 1700 278 1785 312; x_wconf 68' lang='grc' dir='ltr'>πενή-</span> 
     </span>
    </p>
   </div>
   <div class='ocr_carea' id='block_1_71' title="bbox 1001 316 1729 353">
    <p class='ocr_par' dir='ltr' id='par_1_71' title="bbox 1001 316 1729 353">
     <span class='ocr_line' id='line_1_71' title="bbox 1001 316 1729 353; baseline 0 -9"><span class='ocrx_word' id='word_1_556' title='bbox 1001 327 1063 351; x_wconf 89' lang='grc' dir='ltr'>των,</span> <span class='ocrx_word' id='word_1_557' title='bbox 1082 318 1128 345; x_wconf 82' lang='grc' dir='ltr'>καὶ</span> <span class='ocrx_word' id='word_1_558' title='bbox 1139 316 1210 345; x_wconf 76' lang='grc' dir='ltr'>οὗτοι</span> <span class='ocrx_word' id='word_1_559' title='bbox 1229 318 1328 353; x_wconf 80' lang='grc' dir='ltr'>μᾶλλον</span> <span class='ocrx_word' id='word_1_560' title='bbox 1342 319 1462 350; x_wconf 75' lang='grc' dir='ltr'>ἐκείνων,</span> <span class='ocrx_word' id='word_1_561' title='bbox 1476 318 1492 353; x_wconf 85' lang='grc' dir='ltr'>ἦ</span> <span class='ocrx_word' id='word_1_562' title='bbox 1511 319 1607 345; x_wconf 83' lang='grc' dir='ltr'>ἐκεῖνοι</span> <span class='ocrx_word' id='word_1_563' title='bbox 1617 318 1729 345; x_wconf 85' lang='grc' dir='ltr'>τούτων.</span> 
     </span>
    </p>
   </div>
   <div class='ocr_carea' id='block_1_72' title="bbox 1033 397 1785 435">
    <p class='ocr_par' dir='ltr' id='par_1_72' title="bbox 1033 397 1785 435">
     <span class='ocr_line' id='line_1_72' title="bbox 1033 397 1785 435; baseline 0.005 -12"><span class='ocrx_word' id='word_1_564' title='bbox 1033 397 1064 425; x_wconf 83' lang='grc' dir='ltr'>ε’.</span> <span class='ocrx_word' id='word_1_565' title='bbox 1074 399 1128 425; x_wconf 89' lang='grc' dir='ltr'>Και</span> <span class='ocrx_word' id='word_1_566' title='bbox 1146 397 1188 424; x_wconf 82' lang='grc' dir='ltr'>ἴνα</span> <span class='ocrx_word' id='word_1_567' title='bbox 1195 399 1272 425; x_wconf 81' lang='grc' dir='ltr'>τοῦτο</span> <span class='ocrx_word' id='word_1_568' title='bbox 1281 399 1444 434; x_wconf 67' lang='grc' dir='ltr'>σαφέστερον</span> <span class='ocrx_word' id='word_1_569' title='bbox 1458 399 1525 435; x_wconf 79' lang='grc' dir='ltr'>ἴδῃς.</span> <span class='ocrx_word' id='word_1_570' title='bbox 1536 400 1702 435; x_wconf 80' lang='grc' dir='ltr'>ποιήσωμεν,</span> <span class='ocrx_word' id='word_1_571' title='bbox 1711 400 1734 426; x_wconf 78' lang='grc' dir='ltr'>εί</span> <span class='ocrx_word' id='word_1_572' title='bbox 1743 399 1785 427; x_wconf 83' lang='grc' dir='ltr'>δο-</span> 
     </span>
    </p>
   </div>
   <div class='ocr_carea' id='block_1_73' title="bbox 1000 439 1785 476">
    <p class='ocr_par' dir='ltr' id='par_1_73' title="bbox 1000 439 1785 476">
     <span class='ocr_line' id='line_1_73' title="bbox 1000 439 1785 476; baseline 0.004 -11"><span class='ocrx_word' id='word_1_573' title='bbox 1000 440 1052 470; x_wconf 82' lang='grc' dir='ltr'>κεῖ,</span> <span class='ocrx_word' id='word_1_574' title='bbox 1066 439 1112 466; x_wconf 92' lang='grc' dir='ltr'>δυο</span> <span class='ocrx_word' id='word_1_575' title='bbox 1127 440 1229 471; x_wconf 83' lang='grc' dir='ltr'>πόλεις,</span> <span class='ocrx_word' id='word_1_576' title='bbox 1247 440 1296 473; x_wconf 88' lang='grc' dir='ltr'>τὴν</span> <span class='ocrx_word' id='word_1_577' title='bbox 1313 440 1363 475; x_wconf 84' lang='grc' dir='ltr'>μὲν</span> <span class='ocrx_word' id='word_1_578' title='bbox 1378 440 1512 467; x_wconf 79' lang='grc' dir='ltr'>πλουσίων</span> <span class='ocrx_word' id='word_1_579' title='bbox 1528 441 1618 475; x_wconf 83' lang='grc' dir='ltr'>μόνον,</span> <span class='ocrx_word' id='word_1_580' title='bbox 1632 442 1682 476; x_wconf 81' lang='grc' dir='ltr'>τὴν</span> <span class='ocrx_word' id='word_1_581' title='bbox 1695 441 1723 467; x_wconf 79' lang='grc' dir='ltr'>δὲ</span> <span class='ocrx_word' id='word_1_582' title='bbox 1737 449 1785 468; x_wconf 88' lang='grc' dir='ltr'>πε-</span> 
     </span>
    </p>
   </div>
   <div class='ocr_carea' id='block_1_74' title="bbox 1001 481 1786 516">
    <p class='ocr_par' dir='ltr' id='par_1_74' title="bbox 1001 481 1786 516">
     <span class='ocr_line' id='line_1_74' title="bbox 1001 481 1786 516; baseline 0.004 -10"><span class='ocrx_word' id='word_1_583' title='bbox 1001 481 1100 516; x_wconf 62' lang='grc' dir='ltr'>νήτωνθ</span> <span class='ocrx_word' id='word_1_584' title='bbox 1124 481 1170 506; x_wconf 67' lang='grc' dir='ltr'>καὶ</span> <span class='ocrx_word' id='word_1_585' title='bbox 1198 482 1264 515; x_wconf 86' lang='grc' dir='ltr'>μήτε</span> <span class='ocrx_word' id='word_1_586' title='bbox 1291 482 1318 507; x_wconf 83' lang='grc' dir='ltr'>ὲν</span> <span class='ocrx_word' id='word_1_587' title='bbox 1336 482 1369 516; x_wconf 82' lang='grc' dir='ltr'>τῇ</span> <span class='ocrx_word' id='word_1_588' title='bbox 1389 481 1443 508; x_wconf 85' lang='grc' dir='ltr'>τῶν</span> <span class='ocrx_word' id='word_1_589' title='bbox 1458 482 1645 509; x_wconf 79' lang='grc' dir='ltr'>πλουτούντων</span> <span class='ocrx_word' id='word_1_590' title='bbox 1661 482 1730 509; x_wconf 75' lang='grc' dir='ltr'>ἔστω</span> <span class='ocrx_word' id='word_1_591' title='bbox 1743 491 1786 514; x_wconf 80' lang='grc' dir='ltr'>τις</span> 
     </span>
    </p>
   </div>
   <div class='ocr_carea' id='block_1_75' title="bbox 1001 522 1785 558">
    <p class='ocr_par' dir='ltr' id='par_1_75' title="bbox 1001 522 1785 558">
     <span class='ocr_line' id='line_1_75' title="bbox 1001 522 1785 558; baseline 0.004 -11"><span class='ocrx_word' id='word_1_592' title='bbox 1001 522 1094 556; x_wconf 83' lang='grc' dir='ltr'>πένης,</span> <span class='ocrx_word' id='word_1_593' title='bbox 1115 523 1183 556; x_wconf 85' lang='grc' dir='ltr'>μήτε</span> <span class='ocrx_word' id='word_1_594' title='bbox 1201 522 1230 548; x_wconf 80' lang='grc' dir='ltr'>ὲν</span> <span class='ocrx_word' id='word_1_595' title='bbox 1244 523 1276 556; x_wconf 87' lang='grc' dir='ltr'>τῇ</span> <span class='ocrx_word' id='word_1_596' title='bbox 1298 522 1351 548; x_wconf 90' lang='grc' dir='ltr'>τῶν</span> <span class='ocrx_word' id='word_1_597' title='bbox 1367 524 1492 558; x_wconf 77' lang='grc' dir='ltr'>πενήτων</span> <span class='ocrx_word' id='word_1_598' title='bbox 1512 522 1583 549; x_wconf 77' lang='grc' dir='ltr'>ἔστω</span> <span class='ocrx_word' id='word_1_599' title='bbox 1598 532 1640 555; x_wconf 87' lang='grc' dir='ltr'>τις</span> <span class='ocrx_word' id='word_1_600' title='bbox 1659 523 1785 554; x_wconf 80' lang='grc' dir='ltr'>πλούσιος</span> 
     </span>
    </p>
   </div>
   <div class='ocr_carea' id='block_1_76' title="bbox 1001 562 1786 600">
    <p class='ocr_par' dir='ltr' id='par_1_76' title="bbox 1001 562 1786 600">
     <span class='ocr_line' id='line_1_76' title="bbox 1001 562 1786 600; baseline 0.003 -12"><span class='ocrx_word' id='word_1_601' title='bbox 1001 562 1081 597; x_wconf 73' lang='grc' dir='ltr'>ἀνὴρ,</span> <span class='ocrx_word' id='word_1_602' title='bbox 1109 563 1165 588; x_wconf 78' lang='grc' dir='ltr'>ἀλλ’</span> <span class='ocrx_word' id='word_1_603' title='bbox 1189 563 1387 598; x_wconf 83' lang='grc' dir='ltr'>ὲκκαθάρωμεν</span> <span class='ocrx_word' id='word_1_604' title='bbox 1413 564 1535 599; x_wconf 75' lang='grc' dir='ltr'>ἀκριϐῶς</span> <span class='ocrx_word' id='word_1_605' title='bbox 1565 565 1706 600; x_wconf 79' lang='grc' dir='ltr'>ἑκατέρας,</span> <span class='ocrx_word' id='word_1_606' title='bbox 1739 566 1786 591; x_wconf 69' lang='grc' dir='ltr'>καὶ</span> 
     </span>
    </p>
   </div>
   <div class='ocr_carea' id='block_1_77' title="bbox 1004 604 1786 641">
    <p class='ocr_par' dir='ltr' id='par_1_77' title="bbox 1004 604 1786 641">
     <span class='ocr_line' id='line_1_77' title="bbox 1004 604 1786 641; baseline 0.003 -11"><span class='ocrx_word' id='word_1_607' title='bbox 1004 604 1102 639; x_wconf 79' lang='grc' dir='ltr'>ἴδωμεν</span> <span class='ocrx_word' id='word_1_608' title='bbox 1118 605 1180 631; x_wconf 88' lang='grc' dir='ltr'>ποία</span> <span class='ocrx_word' id='word_1_609' title='bbox 1200 605 1298 640; x_wconf 77' lang='grc' dir='ltr'>μᾶλλον</span> <span class='ocrx_word' id='word_1_610' title='bbox 1314 606 1430 640; x_wconf 83' lang='grc' dir='ltr'>ἀρκέσαι</span> <span class='ocrx_word' id='word_1_611' title='bbox 1451 607 1534 641; x_wconf 81' lang='grc' dir='ltr'>ἑαυτῇ</span> <span class='ocrx_word' id='word_1_612' title='bbox 1550 606 1703 641; x_wconf 86' lang='grc' dir='ltr'>δυνήσεται.</span> <span class='ocrx_word' id='word_1_613' title='bbox 1723 607 1786 633; x_wconf 71' lang='grc' dir='ltr'>Ἐάν</span> 
     </span>
    </p>
   </div>
   <div class='ocr_carea' id='block_1_78' title="bbox 1001 645 1786 684">
    <p class='ocr_par' dir='ltr' id='par_1_78' title="bbox 1001 645 1786 684">
     <span class='ocr_line' id='line_1_78' title="bbox 1001 645 1786 684; baseline 0.004 -13"><span class='ocrx_word' id='word_1_614' title='bbox 1001 645 1056 680; x_wconf 92' lang='grc' dir='ltr'>γάρ</span> <span class='ocrx_word' id='word_1_615' title='bbox 1079 645 1203 681; x_wconf 72' lang='grc' dir='ltr'>εὕρωμεν</span> <span class='ocrx_word' id='word_1_616' title='bbox 1217 646 1266 680; x_wconf 84' lang='grc' dir='ltr'>τὴν</span> <span class='ocrx_word' id='word_1_617' title='bbox 1282 646 1335 672; x_wconf 90' lang='grc' dir='ltr'>τῶν</span> <span class='ocrx_word' id='word_1_618' title='bbox 1349 648 1471 682; x_wconf 83' lang='grc' dir='ltr'>πενήτων</span> <span class='ocrx_word' id='word_1_619' title='bbox 1495 647 1655 683; x_wconf 83' lang='grc' dir='ltr'>δυναμένην.</span> <span class='ocrx_word' id='word_1_620' title='bbox 1675 647 1786 684; x_wconf 80' lang='grc' dir='ltr'>εὔδηλον</span> 
     </span>
    </p>
   </div>
   <div class='ocr_carea' id='block_1_79' title="bbox 1001 688 1786 723">
    <p class='ocr_par' dir='ltr' id='par_1_79' title="bbox 1001 688 1786 723">
     <span class='ocr_line' id='line_1_79' title="bbox 1001 688 1786 723; baseline 0.003 -9"><span class='ocrx_word' id='word_1_621' title='bbox 1001 688 1041 714; x_wconf 76' lang='grc' dir='ltr'>ὅτι</span> <span class='ocrx_word' id='word_1_622' title='bbox 1055 688 1079 714; x_wconf 77' lang='grc' dir='ltr'>οἱ</span> <span class='ocrx_word' id='word_1_623' title='bbox 1093 688 1214 714; x_wconf 82' lang='grc' dir='ltr'>πλούσιοι</span> <span class='ocrx_word' id='word_1_624' title='bbox 1233 688 1334 714; x_wconf 82' lang='grc' dir='ltr'>τούτων</span> <span class='ocrx_word' id='word_1_625' title='bbox 1353 689 1451 723; x_wconf 85' lang='grc' dir='ltr'>μᾶλλον</span> <span class='ocrx_word' id='word_1_626' title='bbox 1467 689 1617 723; x_wconf 87' lang='grc' dir='ltr'>δεήσονται.</span> <span class='ocrx_word' id='word_1_627' title='bbox 1639 690 1743 715; x_wconf 76' lang='grc' dir='ltr'>Οὐκοῦν</span> <span class='ocrx_word' id='word_1_628' title='bbox 1758 691 1786 716; x_wconf 81' lang='grc' dir='ltr'>ὲν</span> 
     </span>
    </p>
   </div>
   <div class='ocr_carea' id='block_1_80' title="bbox 1003 730 1785 766">
    <p class='ocr_par' dir='ltr' id='par_1_80' title="bbox 1003 730 1785 766">
     <span class='ocr_line' id='line_1_80' title="bbox 1003 730 1785 766; baseline 0.001 -10"><span class='ocrx_word' id='word_1_629' title='bbox 1003 730 1053 764; x_wconf 83' lang='grc' dir='ltr'>μὲν</span> <span class='ocrx_word' id='word_1_630' title='bbox 1067 730 1158 765; x_wconf 74' lang='grc' dir='ltr'>ἐκείνῃ</span> <span class='ocrx_word' id='word_1_631' title='bbox 1171 731 1204 765; x_wconf 84' lang='grc' dir='ltr'>τῇ</span> <span class='ocrx_word' id='word_1_632' title='bbox 1215 730 1269 756; x_wconf 88' lang='grc' dir='ltr'>τῶν</span> <span class='ocrx_word' id='word_1_633' title='bbox 1283 730 1407 764; x_wconf 69' lang='grc' dir='ltr'>εὐπόρων</span> <span class='ocrx_word' id='word_1_634' title='bbox 1423 730 1511 761; x_wconf 73' lang='grc' dir='ltr'>οὐδεὶς</span> <span class='ocrx_word' id='word_1_635' title='bbox 1523 730 1599 756; x_wconf 75' lang='grc' dir='ltr'>ἔσται</span> <span class='ocrx_word' id='word_1_636' title='bbox 1611 730 1785 766; x_wconf 73' lang='grc' dir='ltr'>δημιουργὸς,</span> 
     </span>
    </p>
   </div>
   <div class='ocr_carea' id='block_1_81' title="bbox 1002 772 1787 807">
    <p class='ocr_par' dir='ltr' id='par_1_81' title="bbox 1002 772 1787 807">
     <span class='ocr_line' id='line_1_81' title="bbox 1002 772 1787 807; baseline 0.004 -10"><span class='ocrx_word' id='word_1_637' title='bbox 1002 772 1052 797; x_wconf 83' lang='grc' dir='ltr'>οὐκ</span> <span class='ocrx_word' id='word_1_638' title='bbox 1062 772 1210 807; x_wconf 68' lang='grc' dir='ltr'>οἰκοδόμος,</span> <span class='ocrx_word' id='word_1_639' title='bbox 1221 773 1252 798; x_wconf 85' lang='grc' dir='ltr'>οὐ</span> <span class='ocrx_word' id='word_1_640' title='bbox 1265 772 1378 803; x_wconf 83' lang='grc' dir='ltr'>τέκτων,</span> <span class='ocrx_word' id='word_1_641' title='bbox 1390 772 1438 806; x_wconf 85' lang='grc' dir='ltr'>ούχ</span> <span class='ocrx_word' id='word_1_642' title='bbox 1452 772 1722 807; x_wconf 72' lang='grc' dir='ltr'>ύποδηματορῤάφος,</span> <span class='ocrx_word' id='word_1_643' title='bbox 1737 774 1787 801; x_wconf 83' lang='grc' dir='ltr'>ούκ</span> 
     </span>
    </p>
   </div>
   <div class='ocr_carea' id='block_1_82' title="bbox 1003 813 1788 849">
    <p class='ocr_par' dir='ltr' id='par_1_82' title="bbox 1003 813 1788 849">
     <span class='ocr_line' id='line_1_82' title="bbox 1003 813 1788 849; baseline 0.003 -10"><span class='ocrx_word' id='word_1_644' title='bbox 1003 813 1157 848; x_wconf 80' lang='grc' dir='ltr'>ἀρτοποιὸς,</span> <span class='ocrx_word' id='word_1_645' title='bbox 1181 814 1211 839; x_wconf 86' lang='grc' dir='ltr'>οὐ</span> <span class='ocrx_word' id='word_1_646' title='bbox 1228 814 1359 848; x_wconf 75' lang='grc' dir='ltr'>γεωργὸς,</span> <span class='ocrx_word' id='word_1_647' title='bbox 1376 813 1406 839; x_wconf 84' lang='grc' dir='ltr'>οὐ</span> <span class='ocrx_word' id='word_1_648' title='bbox 1427 813 1608 848; x_wconf 77' lang='grc' dir='ltr'>χαλκοτύπος,</span> <span class='ocrx_word' id='word_1_649' title='bbox 1626 814 1656 840; x_wconf 86' lang='grc' dir='ltr'>ού</span> <span class='ocrx_word' id='word_1_650' title='bbox 1684 823 1788 849; x_wconf 84' lang='grc' dir='ltr'>σχοινο-</span> 
     </span>
    </p>
   </div>
   <div class='ocr_carea' id='block_1_83' title="bbox 1003 854 1788 890">
    <p class='ocr_par' dir='ltr' id='par_1_83' title="bbox 1003 854 1788 890">
     <span class='ocr_line' id='line_1_83' title="bbox 1003 854 1788 890; baseline 0.003 -9"><span class='ocrx_word' id='word_1_651' title='bbox 1003 855 1129 889; x_wconf 77' lang='grc' dir='ltr'>στρόφος,</span> <span class='ocrx_word' id='word_1_652' title='bbox 1145 855 1195 881; x_wconf 77' lang='grc' dir='ltr'>οὐκ</span> <span class='ocrx_word' id='word_1_653' title='bbox 1208 854 1270 881; x_wconf 76' lang='grc' dir='ltr'>ἄλλο</span> <span class='ocrx_word' id='word_1_654' title='bbox 1288 855 1342 880; x_wconf 78' lang='grc' dir='ltr'>τῶν</span> <span class='ocrx_word' id='word_1_655' title='bbox 1363 856 1491 881; x_wconf 83' lang='grc' dir='ltr'>τοιούτων</span> <span class='ocrx_word' id='word_1_656' title='bbox 1514 855 1600 881; x_wconf 75' lang='grc' dir='ltr'>οὐδέν.</span> <span class='ocrx_word' id='word_1_657' title='bbox 1621 855 1668 887; x_wconf 83' lang='grc' dir='ltr'>Τίς</span> <span class='ocrx_word' id='word_1_658' title='bbox 1682 857 1736 890; x_wconf 82' lang='grc' dir='ltr'>γὰρ</span> <span class='ocrx_word' id='word_1_659' title='bbox 1755 857 1788 883; x_wconf 87' lang='grc' dir='ltr'>ἂν</span> 
     </span>
    </p>
   </div>
   <div class='ocr_carea' id='block_1_84' title="bbox 1002 895 1787 929">
    <p class='ocr_par' dir='ltr' id='par_1_84' title="bbox 1002 895 1787 929">
     <span class='ocr_line' id='line_1_84' title="bbox 1002 895 1787 929; baseline 0.004 -7"><span class='ocrx_word' id='word_1_660' title='bbox 1002 895 1090 922; x_wconf 72' lang='grc' dir='ltr'>ἕλοιτο</span> <span class='ocrx_word' id='word_1_661' title='bbox 1112 895 1166 922; x_wconf 86' lang='grc' dir='ltr'>τῶν</span> <span class='ocrx_word' id='word_1_662' title='bbox 1190 896 1375 922; x_wconf 79' lang='grc' dir='ltr'>πλουτούντων</span> <span class='ocrx_word' id='word_1_663' title='bbox 1391 895 1477 922; x_wconf 81' lang='grc' dir='ltr'>ταῦτα</span> <span class='ocrx_word' id='word_1_664' title='bbox 1493 896 1613 929; x_wconf 81' lang='grc' dir='ltr'>μετιέναι</span> <span class='ocrx_word' id='word_1_665' title='bbox 1627 897 1702 929; x_wconf 82' lang='grc' dir='ltr'>ποτὲ,</span> <span class='ocrx_word' id='word_1_666' title='bbox 1719 898 1787 925; x_wconf 84' lang='grc' dir='ltr'>ὅπου</span> 
     </span>
    </p>
   </div>
   <div class='ocr_carea' id='block_1_85' title="bbox 1003 937 1788 975">
    <p class='ocr_par' dir='ltr' id='par_1_85' title="bbox 1003 937 1788 975">
     <span class='ocr_line' id='line_1_85' title="bbox 1003 937 1788 975; baseline 0.003 -12"><span class='ocrx_word' id='word_1_667' title='bbox 1003 945 1035 971; x_wconf 88' lang='grc' dir='ltr'>γε</span> <span class='ocrx_word' id='word_1_668' title='bbox 1051 937 1097 964; x_wconf 67' lang='grc' dir='ltr'>καὶ</span> <span class='ocrx_word' id='word_1_669' title='bbox 1110 937 1185 964; x_wconf 81' lang='grc' dir='ltr'>αὐτοὶ</span> <span class='ocrx_word' id='word_1_670' title='bbox 1199 938 1223 963; x_wconf 88' lang='grc' dir='ltr'>οἱ</span> <span class='ocrx_word' id='word_1_671' title='bbox 1235 937 1319 963; x_wconf 79' lang='grc' dir='ltr'>ταῦτα</span> <span class='ocrx_word' id='word_1_672' title='bbox 1338 937 1580 972; x_wconf 81' lang='grc' dir='ltr'>μεταχειρίζοντες,</span> <span class='ocrx_word' id='word_1_673' title='bbox 1596 938 1659 964; x_wconf 84' lang='grc' dir='ltr'>ὅταν</span> <span class='ocrx_word' id='word_1_674' title='bbox 1673 940 1788 975; x_wconf 75' lang='grc' dir='ltr'>εὐπορή-</span> 
     </span>
    </p>
   </div>
   <div class='ocr_carea' id='block_1_86' title="bbox 1004 978 1789 1014">
    <p class='ocr_par' dir='ltr' id='par_1_86' title="bbox 1004 978 1789 1014">
     <span class='ocr_line' id='line_1_86' title="bbox 1004 978 1789 1014; baseline 0.003 -9"><span class='ocrx_word' id='word_1_675' title='bbox 1004 987 1096 1010; x_wconf 86' lang='grc' dir='ltr'>σωσιν,</span> <span class='ocrx_word' id='word_1_676' title='bbox 1114 979 1163 1005; x_wconf 81' lang='grc' dir='ltr'>οὐκ</span> <span class='ocrx_word' id='word_1_677' title='bbox 1177 978 1315 1013; x_wconf 76' lang='grc' dir='ltr'>ἀνέχονται</span> <span class='ocrx_word' id='word_1_678' title='bbox 1328 978 1377 1012; x_wconf 78' lang='grc' dir='ltr'>τῆς</span> <span class='ocrx_word' id='word_1_679' title='bbox 1390 978 1444 1004; x_wconf 78' lang='grc' dir='ltr'>ἀπὸ</span> <span class='ocrx_word' id='word_1_680' title='bbox 1457 978 1510 1004; x_wconf 83' lang='grc' dir='ltr'>τῶν</span> <span class='ocrx_word' id='word_1_681' title='bbox 1525 978 1614 1014; x_wconf 76' lang='grc' dir='ltr'>ἔργων</span> <span class='ocrx_word' id='word_1_682' title='bbox 1627 979 1728 1006; x_wconf 82' lang='grc' dir='ltr'>τούτων</span> <span class='ocrx_word' id='word_1_683' title='bbox 1742 989 1789 1007; x_wconf 86' lang='grc' dir='ltr'>τα-</span> 
     </span>
    </p>
   </div>
   <div class='ocr_carea' id='block_1_87' title="bbox 1003 1018 1786 1057">
    <p class='ocr_par' dir='ltr' id='par_1_87' title="bbox 1003 1018 1786 1057">
     <span class='ocr_line' id='line_1_87' title="bbox 1003 1018 1786 1057; baseline 0.001 -11"><span class='ocrx_word' id='word_1_684' title='bbox 1003 1019 1174 1054; x_wconf 85' lang='grc' dir='ltr'>λαιπωρίας;</span> <span class='ocrx_word' id='word_1_685' title='bbox 1192 1020 1253 1050; x_wconf 86' lang='grc' dir='ltr'>Πῶς</span> <span class='ocrx_word' id='word_1_686' title='bbox 1274 1018 1320 1046; x_wconf 83' lang='grc' dir='ltr'>οὖν</span> <span class='ocrx_word' id='word_1_687' title='bbox 1345 1020 1410 1054; x_wconf 80' lang='grc' dir='ltr'>ἡμῖν</span> <span class='ocrx_word' id='word_1_688' title='bbox 1426 1020 1442 1054; x_wconf 77' lang='grc' dir='ltr'>ἡ</span> <span class='ocrx_word' id='word_1_689' title='bbox 1459 1019 1535 1050; x_wconf 84' lang='grc' dir='ltr'>πόλις</span> <span class='ocrx_word' id='word_1_690' title='bbox 1557 1021 1685 1055; x_wconf 86' lang='grc' dir='ltr'>στήσεται</span> <span class='ocrx_word' id='word_1_691' title='bbox 1701 1021 1786 1057; x_wconf 70' lang='grc' dir='ltr'>αὕτης</span> 
     </span>
    </p>
   </div>
   <div class='ocr_carea' id='block_1_88' title="bbox 1003 1061 1790 1098">
    <p class='ocr_par' dir='ltr' id='par_1_88' title="bbox 1003 1061 1790 1098">
     <span class='ocr_line' id='line_1_88' title="bbox 1003 1061 1790 1098; baseline 0.003 -11"><span class='ocrx_word' id='word_1_692' title='bbox 1003 1062 1110 1093; x_wconf 82' lang='grc' dir='ltr'>Δόντες,</span> <span class='ocrx_word' id='word_1_693' title='bbox 1123 1062 1215 1096; x_wconf 84' lang='grc' dir='ltr'>φησὶν,</span> <span class='ocrx_word' id='word_1_694' title='bbox 1231 1061 1361 1096; x_wconf 81' lang='grc' dir='ltr'>ἀργύριον</span> <span class='ocrx_word' id='word_1_695' title='bbox 1375 1061 1400 1087; x_wconf 90' lang='grc' dir='ltr'>οἱ</span> <span class='ocrx_word' id='word_1_696' title='bbox 1411 1061 1599 1093; x_wconf 74' lang='grc' dir='ltr'>πλουτοῦντες,</span> <span class='ocrx_word' id='word_1_697' title='bbox 1614 1063 1702 1089; x_wconf 87' lang='grc' dir='ltr'>ταῦτα</span> <span class='ocrx_word' id='word_1_698' title='bbox 1720 1063 1790 1098; x_wconf 80' lang='grc' dir='ltr'>ὡνή-</span> 
     </span>
    </p>
   </div>
   <div class='ocr_carea' id='block_1_89' title="bbox 1005 1102 1790 1137">
    <p class='ocr_par' dir='ltr' id='par_1_89' title="bbox 1005 1102 1790 1137">
     <span class='ocr_line' id='line_1_89' title="bbox 1005 1102 1790 1137; baseline 0.003 -9"><span class='ocrx_word' id='word_1_699' title='bbox 1005 1111 1095 1128; x_wconf 86' lang='grc' dir='ltr'>σονται</span> <span class='ocrx_word' id='word_1_700' title='bbox 1104 1102 1179 1137; x_wconf 82' lang='grc' dir='ltr'>παρά</span> <span class='ocrx_word' id='word_1_701' title='bbox 1188 1102 1240 1128; x_wconf 83' lang='grc' dir='ltr'>τῶν</span> <span class='ocrx_word' id='word_1_702' title='bbox 1249 1103 1382 1137; x_wconf 79' lang='grc' dir='ltr'>πενήτων.</span> <span class='ocrx_word' id='word_1_703' title='bbox 1395 1102 1498 1128; x_wconf 69' lang='grc' dir='ltr'>Οὐκοῦν</span> <span class='ocrx_word' id='word_1_704' title='bbox 1505 1103 1553 1128; x_wconf 72' lang='grc' dir='ltr'>οὐκ</span> <span class='ocrx_word' id='word_1_705' title='bbox 1562 1103 1721 1137; x_wconf 82' lang='grc' dir='ltr'>ἀρκέσουσιν</span> <span class='ocrx_word' id='word_1_706' title='bbox 1731 1105 1790 1130; x_wconf 84' lang='grc' dir='ltr'>ἐαυ-</span> 
     </span>
    </p>
   </div>
   <div class='ocr_carea' id='block_1_90' title="bbox 1004 1143 1789 1180">
    <p class='ocr_par' dir='ltr' id='par_1_90' title="bbox 1004 1143 1789 1180">
     <span class='ocr_line' id='line_1_90' title="bbox 1004 1143 1789 1180; baseline 0.003 -11"><span class='ocrx_word' id='word_1_707' title='bbox 1004 1145 1070 1175; x_wconf 84' lang='grc' dir='ltr'>τοίς,</span> <span class='ocrx_word' id='word_1_708' title='bbox 1091 1143 1158 1177; x_wconf 77' lang='grc' dir='ltr'>εἴγε</span> <span class='ocrx_word' id='word_1_709' title='bbox 1174 1143 1286 1170; x_wconf 82' lang='grc' dir='ltr'>ἐκείνων</span> <span class='ocrx_word' id='word_1_710' title='bbox 1299 1143 1413 1170; x_wconf 86' lang='grc' dir='ltr'>δέονται.</span> <span class='ocrx_word' id='word_1_711' title='bbox 1428 1143 1488 1174; x_wconf 76' lang='grc' dir='ltr'>Πῶς</span> <span class='ocrx_word' id='word_1_712' title='bbox 1499 1143 1526 1170; x_wconf 79' lang='grc' dir='ltr'>δὲ</span> <span class='ocrx_word' id='word_1_713' title='bbox 1541 1144 1628 1175; x_wconf 78' lang='grc' dir='ltr'>οἰκίας</span> <span class='ocrx_word' id='word_1_714' title='bbox 1646 1146 1789 1180; x_wconf 82' lang='grc' dir='ltr'>οἰκοδομή-</span> 
     </span>
    </p>
   </div>
   <div class='ocr_carea' id='block_1_91' title="bbox 1005 1184 1790 1222">
    <p class='ocr_par' dir='ltr' id='par_1_91' title="bbox 1005 1184 1790 1222">
     <span class='ocr_line' id='line_1_91' title="bbox 1005 1184 1790 1222; baseline 0.004 -12"><span class='ocrx_word' id='word_1_715' title='bbox 1005 1191 1114 1217; x_wconf 83' lang='grc' dir='ltr'>σονται;</span> <span class='ocrx_word' id='word_1_716' title='bbox 1139 1184 1154 1219; x_wconf 78' lang='grc' dir='ltr'>ἢ</span> <span class='ocrx_word' id='word_1_717' title='bbox 1173 1185 1220 1210; x_wconf 79' lang='grc' dir='ltr'>καὶ</span> <span class='ocrx_word' id='word_1_718' title='bbox 1247 1184 1327 1211; x_wconf 83' lang='grc' dir='ltr'>τοῦτο</span> <span class='ocrx_word' id='word_1_719' title='bbox 1348 1184 1513 1219; x_wconf 85' lang='grc' dir='ltr'>ὼνήσονται;</span> <span class='ocrx_word' id='word_1_720' title='bbox 1541 1185 1596 1212; x_wconf 77' lang='grc' dir='ltr'>ἀλλ’</span> <span class='ocrx_word' id='word_1_721' title='bbox 1612 1186 1662 1212; x_wconf 85' lang='grc' dir='ltr'>οὐκ</span> <span class='ocrx_word' id='word_1_722' title='bbox 1682 1186 1715 1213; x_wconf 88' lang='grc' dir='ltr'>ἂν</span> <span class='ocrx_word' id='word_1_723' title='bbox 1735 1187 1790 1222; x_wconf 70' lang='grc' dir='ltr'>ἔχοι</span> 
     </span>
    </p>
   </div>
   <div class='ocr_carea' id='block_1_92' title="bbox 1004 1225 1789 1262">
    <p class='ocr_par' dir='ltr' id='par_1_92' title="bbox 1004 1225 1789 1262">
     <span class='ocr_line' id='line_1_92' title="bbox 1004 1225 1789 1262; baseline 0.004 -10"><span class='ocrx_word' id='word_1_724' title='bbox 1004 1225 1083 1252; x_wconf 86' lang='grc' dir='ltr'>τοῦτο</span> <span class='ocrx_word' id='word_1_725' title='bbox 1096 1225 1184 1260; x_wconf 86' lang='grc' dir='ltr'>φύσις.</span> <span class='ocrx_word' id='word_1_726' title='bbox 1198 1225 1302 1253; x_wconf 79' lang='grc' dir='ltr'>Οὐκοῦν</span> <span class='ocrx_word' id='word_1_727' title='bbox 1322 1226 1427 1262; x_wconf 83' lang='grc' dir='ltr'>ἀνάγκη</span> <span class='ocrx_word' id='word_1_728' title='bbox 1444 1227 1508 1258; x_wconf 78' lang='grc' dir='ltr'>τοὺς</span> <span class='ocrx_word' id='word_1_729' title='bbox 1523 1227 1646 1261; x_wconf 87' lang='grc' dir='ltr'>τεχνίτας</span> <span class='ocrx_word' id='word_1_730' title='bbox 1667 1228 1725 1255; x_wconf 82' lang='grc' dir='ltr'>ἐκεῖ</span> <span class='ocrx_word' id='word_1_731' title='bbox 1739 1237 1789 1256; x_wconf 84' lang='grc' dir='ltr'>κα-</span> 
     </span>
    </p>
   </div>
   <div class='ocr_carea' id='block_1_93' title="bbox 1005 1267 1791 1306">
    <p class='ocr_par' dir='ltr' id='par_1_93' title="bbox 1005 1267 1791 1306">
     <span class='ocr_line' id='line_1_93' title="bbox 1005 1267 1791 1306; baseline 0.003 -12"><span class='ocrx_word' id='word_1_732' title='bbox 1005 1267 1071 1299; x_wconf 86' lang='grc' dir='ltr'>λεῖν,</span> <span class='ocrx_word' id='word_1_733' title='bbox 1083 1268 1131 1294; x_wconf 79' lang='grc' dir='ltr'>καὶ</span> <span class='ocrx_word' id='word_1_734' title='bbox 1148 1268 1314 1303; x_wconf 84' lang='grc' dir='ltr'>διαφθείρειν</span> <span class='ocrx_word' id='word_1_735' title='bbox 1329 1268 1375 1295; x_wconf 73' lang='grc' dir='ltr'>τὸν</span> <span class='ocrx_word' id='word_1_736' title='bbox 1389 1269 1481 1303; x_wconf 83' lang='grc' dir='ltr'>νόμον,</span> <span class='ocrx_word' id='word_1_737' title='bbox 1494 1269 1523 1295; x_wconf 77' lang='grc' dir='ltr'>ὃν</span> <span class='ocrx_word' id='word_1_738' title='bbox 1539 1269 1676 1304; x_wconf 73' lang='grc' dir='ltr'>ἐθήκαμεν</span> <span class='ocrx_word' id='word_1_739' title='bbox 1695 1269 1724 1303; x_wconf 80' lang='grc' dir='ltr'>ἐξ</span> <span class='ocrx_word' id='word_1_740' title='bbox 1741 1271 1791 1306; x_wconf 79' lang='grc' dir='ltr'>ἀρ-</span> 
     </span>
    </p>
   </div>
   <div class='ocr_carea' id='block_1_94' title="bbox 1006 1309 1789 1346">
    <p class='ocr_par' dir='ltr' id='par_1_94' title="bbox 1006 1309 1789 1346">
     <span class='ocr_line' id='line_1_94' title="bbox 1006 1309 1789 1346; baseline 0.004 -11"><span class='ocrx_word' id='word_1_741' title='bbox 1006 1311 1056 1345; x_wconf 80' lang='grc' dir='ltr'>χῆς</span> <span class='ocrx_word' id='word_1_742' title='bbox 1069 1309 1118 1345; x_wconf 80' lang='grc' dir='ltr'>τὴν</span> <span class='ocrx_word' id='word_1_743' title='bbox 1133 1309 1210 1336; x_wconf 87' lang='grc' dir='ltr'>πόλιν</span> <span class='ocrx_word' id='word_1_744' title='bbox 1229 1309 1386 1342; x_wconf 72' lang='grc' dir='ltr'>οἰκίζοντες·</span> <span class='ocrx_word' id='word_1_745' title='bbox 1405 1310 1544 1345; x_wconf 87' lang='grc' dir='ltr'>μέμνησθε</span> <span class='ocrx_word' id='word_1_746' title='bbox 1559 1311 1624 1346; x_wconf 83' lang='grc' dir='ltr'>γὰρ,</span> <span class='ocrx_word' id='word_1_747' title='bbox 1639 1311 1683 1337; x_wconf 81' lang='grc' dir='ltr'>ὅτε</span> <span class='ocrx_word' id='word_1_748' title='bbox 1700 1312 1789 1345; x_wconf 81' lang='grc' dir='ltr'>ἐλέγο-</span> 
     </span>
    </p>
   </div>
   <div class='ocr_carea' id='block_1_95' title="bbox 1008 1351 1792 1387">
    <p class='ocr_par' dir='ltr' id='par_1_95' title="bbox 1008 1351 1792 1387">
     <span class='ocr_line' id='line_1_95' title="bbox 1008 1351 1792 1387; baseline 0.004 -11"><span class='ocrx_word' id='word_1_749' title='bbox 1008 1359 1067 1386; x_wconf 88' lang='grc' dir='ltr'>μεν,</span> <span class='ocrx_word' id='word_1_750' title='bbox 1084 1351 1178 1386; x_wconf 80' lang='grc' dir='ltr'>μηδεὶς</span> <span class='ocrx_word' id='word_1_751' title='bbox 1191 1351 1260 1377; x_wconf 78' lang='grc' dir='ltr'>ἔστω</span> <span class='ocrx_word' id='word_1_752' title='bbox 1271 1351 1353 1386; x_wconf 81' lang='grc' dir='ltr'>πένης</span> <span class='ocrx_word' id='word_1_753' title='bbox 1365 1351 1449 1378; x_wconf 76' lang='grc' dir='ltr'>ἔνδον.</span> <span class='ocrx_word' id='word_1_754' title='bbox 1468 1351 1536 1377; x_wconf 78' lang='grc' dir='ltr'>Ἀλλ’</span> <span class='ocrx_word' id='word_1_755' title='bbox 1552 1352 1605 1378; x_wconf 83' lang='grc' dir='ltr'>ίδοὺ</span> <span class='ocrx_word' id='word_1_756' title='bbox 1617 1353 1633 1387; x_wconf 89' lang='grc' dir='ltr'>ή</span> <span class='ocrx_word' id='word_1_757' title='bbox 1645 1353 1731 1387; x_wconf 81' lang='grc' dir='ltr'>χρεία,</span> <span class='ocrx_word' id='word_1_758' title='bbox 1745 1353 1792 1379; x_wconf 70' lang='grc' dir='ltr'>καὶ</span> 
     </span>
    </p>
   </div>
   <div class='ocr_carea' id='block_1_96' title="bbox 1008 1392 1791 1428">
    <p class='ocr_par' dir='ltr' id='par_1_96' title="bbox 1008 1392 1791 1428">
     <span class='ocr_line' id='line_1_96' title="bbox 1008 1392 1791 1428; baseline 0.004 -10"><span class='ocrx_word' id='word_1_759' title='bbox 1008 1393 1045 1428; x_wconf 84' lang='grc' dir='ltr'>μὴ</span> <span class='ocrx_word' id='word_1_760' title='bbox 1077 1392 1246 1428; x_wconf 83' lang='grc' dir='ltr'>βουλομένων</span> <span class='ocrx_word' id='word_1_761' title='bbox 1275 1392 1349 1428; x_wconf 70' lang='grc'>[517]</span> <span class='ocrx_word' id='word_1_762' title='bbox 1377 1393 1466 1428; x_wconf 88' lang='grc' dir='ltr'>ήμῶν,</span> <span class='ocrx_word' id='word_1_763' title='bbox 1482 1393 1609 1419; x_wconf 77' lang='grc' dir='ltr'>ἐκάλεσεν</span> <span class='ocrx_word' id='word_1_764' title='bbox 1624 1395 1723 1426; x_wconf 74' lang='grc' dir='ltr'>αὐτοὺς</span> <span class='ocrx_word' id='word_1_765' title='bbox 1745 1395 1791 1421; x_wconf 63' lang='grc' dir='ltr'>καὶ</span> 
     </span>
    </p>
   </div>
   <div class='ocr_carea' id='block_1_97' title="bbox 1007 1433 1793 1470">
    <p class='ocr_par' dir='ltr' id='par_1_97' title="bbox 1007 1433 1793 1470">
     <span class='ocr_line' id='line_1_97' title="bbox 1007 1433 1793 1470; baseline 0.001 -10"><span class='ocrx_word' id='word_1_766' title='bbox 1007 1434 1164 1468; x_wconf 74' lang='grc' dir='ltr'>εισήγαγεν.</span> <span class='ocrx_word' id='word_1_767' title='bbox 1186 1434 1265 1460; x_wconf 87' lang='grc' dir='ltr'>Ὅθεν</span> <span class='ocrx_word' id='word_1_768' title='bbox 1282 1433 1370 1468; x_wconf 79' lang='grc' dir='ltr'>δῆλον,</span> <span class='ocrx_word' id='word_1_769' title='bbox 1391 1435 1428 1465; x_wconf 84' lang='grc' dir='ltr'>ὡς</span> <span class='ocrx_word' id='word_1_770' title='bbox 1455 1434 1582 1461; x_wconf 86' lang='grc' dir='ltr'>ἀδύνατον</span> <span class='ocrx_word' id='word_1_771' title='bbox 1609 1435 1693 1470; x_wconf 70' lang='grc' dir='ltr'>χωρὶς</span> <span class='ocrx_word' id='word_1_772' title='bbox 1711 1437 1793 1470; x_wconf 81' lang='grc' dir='ltr'>πενή-</span> 
     </span>
    </p>
   </div>
   <div class='ocr_carea' id='block_1_98' title="bbox 1007 1475 1793 1511">
    <p class='ocr_par' dir='ltr' id='par_1_98' title="bbox 1007 1475 1793 1511">
     <span class='ocr_line' id='line_1_98' title="bbox 1007 1475 1793 1511; baseline 0.003 -10"><span class='ocrx_word' id='word_1_773' title='bbox 1007 1484 1060 1502; x_wconf 86' lang='grc' dir='ltr'>των</span> <span class='ocrx_word' id='word_1_774' title='bbox 1087 1475 1216 1509; x_wconf 84' lang='grc' dir='ltr'>συστῆναι</span> <span class='ocrx_word' id='word_1_775' title='bbox 1242 1475 1329 1501; x_wconf 88' lang='grc' dir='ltr'>πόλιν.</span> <span class='ocrx_word' id='word_1_776' title='bbox 1352 1475 1383 1501; x_wconf 81' lang='grc' dir='ltr'>Εἰ</span> <span class='ocrx_word' id='word_1_777' title='bbox 1401 1475 1456 1510; x_wconf 87' lang='grc' dir='ltr'>γὰρ</span> <span class='ocrx_word' id='word_1_778' title='bbox 1477 1476 1551 1510; x_wconf 84' lang='grc' dir='ltr'>μένοι</span> <span class='ocrx_word' id='word_1_779' title='bbox 1564 1477 1580 1511; x_wconf 81' lang='grc' dir='ltr'>ἡ</span> <span class='ocrx_word' id='word_1_780' title='bbox 1595 1476 1673 1507; x_wconf 82' lang='grc' dir='ltr'>πόλις</span> <span class='ocrx_word' id='word_1_781' title='bbox 1691 1477 1793 1511; x_wconf 85' lang='grc' dir='ltr'>μηδένα</span> 
     </span>
    </p>
   </div>
   <div class='ocr_carea' id='block_1_99' title="bbox 1009 1516 1793 1552">
    <p class='ocr_par' dir='ltr' id='par_1_99' title="bbox 1009 1516 1793 1552">
     <span class='ocr_line' id='line_1_99' title="bbox 1009 1516 1793 1552; baseline 0.001 -9"><span class='ocrx_word' id='word_1_782' title='bbox 1009 1517 1216 1552; x_wconf 82' lang='grc' dir='ltr'>παραδεχομένη</span> <span class='ocrx_word' id='word_1_783' title='bbox 1234 1516 1346 1547; x_wconf 85' lang='grc' dir='ltr'>τούτων,</span> <span class='ocrx_word' id='word_1_784' title='bbox 1368 1517 1459 1544; x_wconf 84' lang='grc' dir='ltr'>οὐκέτι</span> <span class='ocrx_word' id='word_1_785' title='bbox 1476 1518 1552 1544; x_wconf 74' lang='grc' dir='ltr'>ἔσται</span> <span class='ocrx_word' id='word_1_786' title='bbox 1575 1518 1660 1550; x_wconf 85' lang='grc' dir='ltr'>πόλις,</span> <span class='ocrx_word' id='word_1_787' title='bbox 1673 1518 1729 1545; x_wconf 83' lang='grc' dir='ltr'>ἀλλ’</span> <span class='ocrx_word' id='word_1_788' title='bbox 1741 1518 1793 1544; x_wconf 80' lang='grc' dir='ltr'>ἀπ-</span> 
     </span>
    </p>
   </div>
   <div class='ocr_carea' id='block_1_100' title="bbox 1008 1557 1794 1594">
    <p class='ocr_par' dir='ltr' id='par_1_100' title="bbox 1008 1557 1794 1594">
     <span class='ocr_line' id='line_1_100' title="bbox 1008 1557 1794 1594; baseline 0.003 -10"><span class='ocrx_word' id='word_1_789' title='bbox 1008 1558 1118 1585; x_wconf 84' lang='grc' dir='ltr'>ολεῖται.</span> <span class='ocrx_word' id='word_1_790' title='bbox 1147 1557 1250 1584; x_wconf 75' lang='grc' dir='ltr'>Οὐκοῦν</span> <span class='ocrx_word' id='word_1_791' title='bbox 1268 1558 1318 1584; x_wconf 84' lang='grc' dir='ltr'>ούκ</span> <span class='ocrx_word' id='word_1_792' title='bbox 1332 1558 1444 1593; x_wconf 85' lang='grc' dir='ltr'>ἀρκέσει</span> <span class='ocrx_word' id='word_1_793' title='bbox 1459 1560 1553 1594; x_wconf 81' lang='grc' dir='ltr'>ἑαυτῇ,</span> <span class='ocrx_word' id='word_1_794' title='bbox 1568 1560 1591 1585; x_wconf 86' lang='grc' dir='ltr'>εί</span> <span class='ocrx_word' id='word_1_795' title='bbox 1611 1559 1647 1594; x_wconf 84' lang='grc' dir='ltr'>μὴ</span> <span class='ocrx_word' id='word_1_796' title='bbox 1671 1559 1794 1594; x_wconf 81' lang='grc' dir='ltr'>καθάπερ</span> 
     </span>
    </p>
   </div>
   <div class='ocr_carea' id='block_1_101' title="bbox 1008 1599 1792 1635">
    <p class='ocr_par' dir='ltr' id='par_1_101' title="bbox 1008 1599 1792 1635">
     <span class='ocr_line' id='line_1_101' title="bbox 1008 1599 1792 1635; baseline 0.001 -9"><span class='ocrx_word' id='word_1_797' title='bbox 1008 1600 1084 1632; x_wconf 82' lang='grc' dir='ltr'>τινὰς</span> <span class='ocrx_word' id='word_1_798' title='bbox 1101 1600 1226 1635; x_wconf 83' lang='grc' dir='ltr'>σωτῆρας</span> <span class='ocrx_word' id='word_1_799' title='bbox 1241 1600 1302 1630; x_wconf 71' lang='grc' dir='ltr'>τοὺς</span> <span class='ocrx_word' id='word_1_800' title='bbox 1316 1599 1434 1634; x_wconf 81' lang='grc' dir='ltr'>πένητας</span> <span class='ocrx_word' id='word_1_801' title='bbox 1453 1601 1516 1634; x_wconf 65' lang='grc' dir='ltr'>παρ’</span> <span class='ocrx_word' id='word_1_802' title='bbox 1535 1601 1616 1635; x_wconf 65' lang='grc' dir='ltr'>ἑαυτῇ</span> <span class='ocrx_word' id='word_1_803' title='bbox 1635 1601 1792 1634; x_wconf 85' lang='grc' dir='ltr'>συναγάγοι.</span> 
     </span>
    </p>
   </div>
   <div class='ocr_carea' id='block_1_102' title="bbox 1011 1641 1794 1678">
    <p class='ocr_par' dir='ltr' id='par_1_102' title="bbox 1011 1641 1794 1678">
     <span class='ocr_line' id='line_1_102' title="bbox 1011 1641 1794 1678; baseline 0.001 -9"><span class='ocrx_word' id='word_1_804' title='bbox 1011 1643 1125 1678; x_wconf 88' lang='grc' dir='ltr'>Ἷδωμεν</span> <span class='ocrx_word' id='word_1_805' title='bbox 1142 1642 1170 1668; x_wconf 85' lang='grc' dir='ltr'>δὲ</span> <span class='ocrx_word' id='word_1_806' title='bbox 1186 1642 1233 1668; x_wconf 68' lang='grc' dir='ltr'>καὶ</span> <span class='ocrx_word' id='word_1_807' title='bbox 1248 1641 1296 1677; x_wconf 75' lang='grc' dir='ltr'>τὴν</span> <span class='ocrx_word' id='word_1_808' title='bbox 1309 1641 1363 1668; x_wconf 88' lang='grc' dir='ltr'>τῶν</span> <span class='ocrx_word' id='word_1_809' title='bbox 1376 1642 1500 1676; x_wconf 84' lang='grc' dir='ltr'>πενήτων</span> <span class='ocrx_word' id='word_1_810' title='bbox 1516 1643 1602 1674; x_wconf 84' lang='grc' dir='ltr'>πόλιν,</span> <span class='ocrx_word' id='word_1_811' title='bbox 1619 1644 1642 1669; x_wconf 85' lang='grc' dir='ltr'>εί</span> <span class='ocrx_word' id='word_1_812' title='bbox 1665 1644 1712 1670; x_wconf 79' lang='grc' dir='ltr'>καὶ</span> <span class='ocrx_word' id='word_1_813' title='bbox 1725 1643 1794 1678; x_wconf 80' lang='grc' dir='ltr'>αὕτη</span> 
     </span>
    </p>
   </div>
   <div class='ocr_carea' id='block_1_103' title="bbox 1009 1683 1795 1720">
    <p class='ocr_par' dir='ltr' id='par_1_103' title="bbox 1009 1683 1795 1720">
     <span class='ocr_line' id='line_1_103' title="bbox 1009 1683 1795 1720; baseline 0 -10"><span class='ocrx_word' id='word_1_814' title='bbox 1009 1683 1110 1719; x_wconf 82' lang='grc' dir='ltr'>ὁμοίως</span> <span class='ocrx_word' id='word_1_815' title='bbox 1125 1683 1221 1715; x_wconf 78' lang='grc' dir='ltr'>ἐνδεῶς</span> <span class='ocrx_word' id='word_1_816' title='bbox 1236 1683 1402 1710; x_wconf 87' lang='grc' dir='ltr'>διακείσεται</span> <span class='ocrx_word' id='word_1_817' title='bbox 1413 1684 1467 1710; x_wconf 71' lang='grc' dir='ltr'>τῶν</span> <span class='ocrx_word' id='word_1_818' title='bbox 1483 1683 1669 1711; x_wconf 82' lang='grc' dir='ltr'>πλουτούντων</span> <span class='ocrx_word' id='word_1_819' title='bbox 1682 1685 1795 1720; x_wconf 76' lang='grc' dir='ltr'>ἐστερη-</span> 
     </span>
    </p>
   </div>
   <div class='ocr_carea' id='block_1_104' title="bbox 1012 1724 1795 1761">
    <p class='ocr_par' dir='ltr' id='par_1_104' title="bbox 1012 1724 1795 1761">
     <span class='ocr_line' id='line_1_104' title="bbox 1012 1724 1795 1761; baseline -0.001 -10"><span class='ocrx_word' id='word_1_820' title='bbox 1012 1726 1090 1761; x_wconf 85' lang='grc' dir='ltr'>μένη.</span> <span class='ocrx_word' id='word_1_821' title='bbox 1116 1725 1172 1751; x_wconf 81' lang='grc' dir='ltr'>Καὶ</span> <span class='ocrx_word' id='word_1_822' title='bbox 1199 1725 1331 1759; x_wconf 84' lang='grc' dir='ltr'>πρότερον</span> <span class='ocrx_word' id='word_1_823' title='bbox 1361 1724 1571 1760; x_wconf 84' lang='grc' dir='ltr'>διακαθάρωμεν</span> <span class='ocrx_word' id='word_1_824' title='bbox 1594 1725 1632 1760; x_wconf 85' lang='grc' dir='ltr'>τῷ</span> <span class='ocrx_word' id='word_1_825' title='bbox 1657 1725 1728 1761; x_wconf 83' lang='grc' dir='ltr'>λόγῳ</span> <span class='ocrx_word' id='word_1_826' title='bbox 1750 1726 1795 1752; x_wconf 78' lang='grc' dir='ltr'>τὸν</span> 
     </span>
    </p>
   </div>
   <div class='ocr_carea' id='block_1_105' title="bbox 1011 1765 1796 1801">
    <p class='ocr_par' dir='ltr' id='par_1_105' title="bbox 1011 1765 1796 1801">
     <span class='ocr_line' id='line_1_105' title="bbox 1011 1765 1796 1801; baseline 0 -8"><span class='ocrx_word' id='word_1_827' title='bbox 1011 1766 1135 1798; x_wconf 76' lang='grc' dir='ltr'>πλοῦτον,</span> <span class='ocrx_word' id='word_1_828' title='bbox 1153 1766 1201 1792; x_wconf 77' lang='grc' dir='ltr'>καὶ</span> <span class='ocrx_word' id='word_1_829' title='bbox 1214 1765 1345 1801; x_wconf 76' lang='grc' dir='ltr'>δείξωμεν</span> <span class='ocrx_word' id='word_1_830' title='bbox 1358 1766 1438 1792; x_wconf 68' lang='grc' dir='ltr'>αὐτὸν</span> <span class='ocrx_word' id='word_1_831' title='bbox 1449 1766 1552 1800; x_wconf 71' lang='grc' dir='ltr'>σαφῶς.</span> <span class='ocrx_word' id='word_1_832' title='bbox 1565 1766 1598 1792; x_wconf 90' lang='grc' dir='ltr'>Τί</span> <span class='ocrx_word' id='word_1_833' title='bbox 1609 1767 1668 1793; x_wconf 84' lang='grc' dir='ltr'>ποτ’</span> <span class='ocrx_word' id='word_1_834' title='bbox 1680 1765 1726 1793; x_wconf 80' lang='grc' dir='ltr'>οὖν</span> <span class='ocrx_word' id='word_1_835' title='bbox 1739 1767 1796 1793; x_wconf 82' lang='grc' dir='ltr'>ἐστι</span> 
     </span>
    </p>
   </div>
   <div class='ocr_carea' id='block_1_106' title="bbox 1012 1806 1797 1842">
    <p class='ocr_par' dir='ltr' id='par_1_106' title="bbox 1012 1806 1797 1842">
     <span class='ocr_line' id='line_1_106' title="bbox 1012 1806 1797 1842; baseline 0.001 -9"><span class='ocrx_word' id='word_1_836' title='bbox 1012 1808 1142 1840; x_wconf 73' lang='grc' dir='ltr'>πλοῦτοςς</span> <span class='ocrx_word' id='word_1_837' title='bbox 1160 1807 1265 1842; x_wconf 81' lang='grc' dir='ltr'>Χρυσὸς</span> <span class='ocrx_word' id='word_1_838' title='bbox 1281 1806 1329 1833; x_wconf 73' lang='grc' dir='ltr'>καὶ</span> <span class='ocrx_word' id='word_1_839' title='bbox 1344 1807 1473 1842; x_wconf 83' lang='grc' dir='ltr'>ἄργυρος,</span> <span class='ocrx_word' id='word_1_840' title='bbox 1488 1808 1535 1833; x_wconf 79' lang='grc' dir='ltr'>καὶ</span> <span class='ocrx_word' id='word_1_841' title='bbox 1550 1807 1618 1834; x_wconf 82' lang='grc' dir='ltr'>λίθοι</span> <span class='ocrx_word' id='word_1_842' title='bbox 1638 1807 1731 1842; x_wconf 84' lang='grc' dir='ltr'>τίμιοι,</span> <span class='ocrx_word' id='word_1_843' title='bbox 1750 1808 1797 1834; x_wconf 66' lang='grc' dir='ltr'>καὶ</span> 
     </span>
    </p>
   </div>
   <div class='ocr_carea' id='block_1_107' title="bbox 1013 1848 1797 1884">
    <p class='ocr_par' dir='ltr' id='par_1_107' title="bbox 1013 1848 1797 1884">
     <span class='ocr_line' id='line_1_107' title="bbox 1013 1848 1797 1884; baseline 0 -9"><span class='ocrx_word' id='word_1_844' title='bbox 1013 1850 1108 1884; x_wconf 86' lang='grc' dir='ltr'>ἱμάτια</span> <span class='ocrx_word' id='word_1_845' title='bbox 1135 1848 1235 1883; x_wconf 79' lang='grc' dir='ltr'>σηρικὰ</span> <span class='ocrx_word' id='word_1_846' title='bbox 1261 1848 1308 1874; x_wconf 77' lang='grc' dir='ltr'>καὶ</span> <span class='ocrx_word' id='word_1_847' title='bbox 1332 1848 1455 1883; x_wconf 79' lang='grc' dir='ltr'>ἁλουργά</span> <span class='ocrx_word' id='word_1_848' title='bbox 1479 1848 1526 1874; x_wconf 79' lang='grc' dir='ltr'>καὶ</span> <span class='ocrx_word' id='word_1_849' title='bbox 1551 1848 1694 1883; x_wconf 78' lang='grc' dir='ltr'>διάχρυσα.</span> <span class='ocrx_word' id='word_1_850' title='bbox 1721 1849 1797 1875; x_wconf 72' lang='grc' dir='ltr'>Ἐπεὶ</span> 
     </span>
    </p>
   </div>
   <div class='ocr_carea' id='block_1_108' title="bbox 1012 1888 1799 1924">
    <p class='ocr_par' dir='ltr' id='par_1_108' title="bbox 1012 1888 1799 1924">
     <span class='ocr_line' id='line_1_108' title="bbox 1012 1888 1799 1924; baseline 0 -8"><span class='ocrx_word' id='word_1_851' title='bbox 1012 1888 1058 1916; x_wconf 83' lang='grc' dir='ltr'>οὖν</span> <span class='ocrx_word' id='word_1_852' title='bbox 1073 1890 1160 1924; x_wconf 77' lang='grc' dir='ltr'>ἐφάνη</span> <span class='ocrx_word' id='word_1_853' title='bbox 1179 1889 1205 1915; x_wconf 85' lang='grc' dir='ltr'>τί</span> <span class='ocrx_word' id='word_1_854' title='bbox 1223 1890 1288 1916; x_wconf 88' lang='grc' dir='ltr'>ποτέ</span> <span class='ocrx_word' id='word_1_855' title='bbox 1304 1890 1377 1915; x_wconf 85' lang='grc' dir='ltr'>ἐστιν</span> <span class='ocrx_word' id='word_1_856' title='bbox 1391 1890 1405 1915; x_wconf 81' lang='grc' dir='ltr'>ὁ</span> <span class='ocrx_word' id='word_1_857' title='bbox 1420 1889 1544 1921; x_wconf 81' lang='grc' dir='ltr'>πλοῦτος,</span> <span class='ocrx_word' id='word_1_858' title='bbox 1558 1890 1739 1924; x_wconf 84' lang='grc' dir='ltr'>ἀπελάσωμεν</span> <span class='ocrx_word' id='word_1_859' title='bbox 1751 1891 1799 1916; x_wconf 83' lang='grc' dir='ltr'>αύ-</span> 
     </span>
    </p>
   </div>
   <div class='ocr_carea' id='block_1_109' title="bbox 1012 1930 1797 1967">
    <p class='ocr_par' dir='ltr' id='par_1_109' title="bbox 1012 1930 1797 1967">
     <span class='ocr_line' id='line_1_109' title="bbox 1012 1930 1797 1967; baseline 0 -9"><span class='ocrx_word' id='word_1_860' title='bbox 1012 1932 1058 1958; x_wconf 72' lang='grc' dir='ltr'>τδν</span> <span class='ocrx_word' id='word_1_861' title='bbox 1074 1930 1124 1965; x_wconf 81' lang='grc' dir='ltr'>τῆς</span> <span class='ocrx_word' id='word_1_862' title='bbox 1135 1931 1189 1958; x_wconf 85' lang='grc' dir='ltr'>τῶν</span> <span class='ocrx_word' id='word_1_863' title='bbox 1201 1931 1325 1966; x_wconf 83' lang='grc' dir='ltr'>πενήτων</span> <span class='ocrx_word' id='word_1_864' title='bbox 1339 1931 1452 1963; x_wconf 83' lang='grc' dir='ltr'>πόλεως,</span> <span class='ocrx_word' id='word_1_865' title='bbox 1471 1931 1495 1957; x_wconf 86' lang='grc' dir='ltr'>εί</span> <span class='ocrx_word' id='word_1_866' title='bbox 1510 1930 1654 1966; x_wconf 87' lang='grc' dir='ltr'>μέλλοιμεν</span> <span class='ocrx_word' id='word_1_867' title='bbox 1671 1931 1797 1967; x_wconf 82' lang='grc' dir='ltr'>καθαρῶς</span> 
     </span>
    </p>
   </div>
   <div class='ocr_carea' id='block_1_110' title="bbox 1014 1971 1798 2008">
    <p class='ocr_par' dir='ltr' id='par_1_110' title="bbox 1014 1971 1798 2008">
     <span class='ocr_line' id='line_1_110' title="bbox 1014 1971 1798 2008; baseline -0.001 -9"><span class='ocrx_word' id='word_1_868' title='bbox 1014 1973 1092 1999; x_wconf 86' lang='grc' dir='ltr'>πόλιν</span> <span class='ocrx_word' id='word_1_869' title='bbox 1110 1973 1233 2008; x_wconf 83' lang='grc' dir='ltr'>πενήτων</span> <span class='ocrx_word' id='word_1_870' title='bbox 1244 1973 1342 2002; x_wconf 83' lang='grc' dir='ltr'>ποιεῖν,</span> <span class='ocrx_word' id='word_1_871' title='bbox 1361 1973 1407 1998; x_wconf 72' lang='grc' dir='ltr'>καὶ</span> <span class='ocrx_word' id='word_1_872' title='bbox 1433 1971 1499 2006; x_wconf 72' lang='grc' dir='ltr'>μηδὲ</span> <span class='ocrx_word' id='word_1_873' title='bbox 1511 1972 1576 2007; x_wconf 80' lang='grc' dir='ltr'>δναρ</span> <span class='ocrx_word' id='word_1_874' title='bbox 1591 1973 1649 1998; x_wconf 80' lang='grc' dir='ltr'>ἐκεῖ</span> <span class='ocrx_word' id='word_1_875' title='bbox 1664 1973 1798 2007; x_wconf 83' lang='grc' dir='ltr'>φαινέσθω</span> 
     </span>
    </p>
   </div>
   <div class='ocr_carea' id='block_1_111' title="bbox 1014 2013 1798 2050">
    <p class='ocr_par' dir='ltr' id='par_1_111' title="bbox 1014 2013 1798 2050">
     <span class='ocr_line' id='line_1_111' title="bbox 1014 2013 1798 2050; baseline 0.001 -10"><span class='ocrx_word' id='word_1_876' title='bbox 1014 2014 1134 2049; x_wconf 85' lang='grc' dir='ltr'>χρυσίον,</span> <span class='ocrx_word' id='word_1_877' title='bbox 1149 2013 1215 2049; x_wconf 75' lang='grc' dir='ltr'>μηδὲ</span> <span class='ocrx_word' id='word_1_878' title='bbox 1232 2013 1326 2048; x_wconf 76' lang='grc' dir='ltr'>ἱμάτια</span> <span class='ocrx_word' id='word_1_879' title='bbox 1336 2013 1456 2040; x_wconf 83' lang='grc' dir='ltr'>τοιαῦτα·</span> <span class='ocrx_word' id='word_1_880' title='bbox 1474 2014 1497 2039; x_wconf 87' lang='grc' dir='ltr'>εί</span> <span class='ocrx_word' id='word_1_881' title='bbox 1511 2013 1539 2039; x_wconf 82' lang='grc' dir='ltr'>δὲ</span> <span class='ocrx_word' id='word_1_882' title='bbox 1553 2013 1652 2048; x_wconf 82' lang='grc' dir='ltr'>βούλει,</span> <span class='ocrx_word' id='word_1_883' title='bbox 1669 2014 1737 2049; x_wconf 83' lang='grc' dir='ltr'>μηδὲ</span> <span class='ocrx_word' id='word_1_884' title='bbox 1750 2014 1798 2050; x_wconf 79' lang='grc' dir='ltr'>ἀρ-</span> 
     </span>
    </p>
   </div>
   <div class='ocr_carea' id='block_1_112' title="bbox 1014 2053 1799 2091">
    <p class='ocr_par' dir='ltr' id='par_1_112' title="bbox 1014 2053 1799 2091">
     <span class='ocr_line' id='line_1_112' title="bbox 1014 2053 1799 2091; baseline -0.001 -9"><span class='ocrx_word' id='word_1_885' title='bbox 1014 2064 1107 2091; x_wconf 82' lang='grc' dir='ltr'>γυρος,</span> <span class='ocrx_word' id='word_1_886' title='bbox 1123 2055 1189 2090; x_wconf 83' lang='grc' dir='ltr'>μηδὲ</span> <span class='ocrx_word' id='word_1_887' title='bbox 1217 2055 1250 2080; x_wconf 84' lang='grc' dir='ltr'>τὰ</span> <span class='ocrx_word' id='word_1_888' title='bbox 1272 2054 1301 2087; x_wconf 76' lang='grc' dir='ltr'>ὲξ</span> <span class='ocrx_word' id='word_1_889' title='bbox 1326 2054 1447 2090; x_wconf 85' lang='grc' dir='ltr'>ἀργύρου</span> <span class='ocrx_word' id='word_1_890' title='bbox 1472 2054 1566 2089; x_wconf 86' lang='grc' dir='ltr'>σκεύη.</span> <span class='ocrx_word' id='word_1_891' title='bbox 1588 2055 1620 2081; x_wconf 87' lang='grc' dir='ltr'>Τί</span> <span class='ocrx_word' id='word_1_892' title='bbox 1641 2053 1706 2087; x_wconf 80' lang='grc' dir='ltr'>οὖν;</span> <span class='ocrx_word' id='word_1_893' title='bbox 1724 2055 1799 2091; x_wconf 82' lang='grc' dir='ltr'>παρὰ</span> 
     </span>
    </p>
   </div>
   <div class='ocr_carea' id='block_1_113' title="bbox 1014 2100 1798 2136">
    <p class='ocr_par' dir='ltr' id='par_1_113' title="bbox 1014 2100 1798 2136">
     <span class='ocr_line' id='line_1_113' title="bbox 1014 2100 1798 2136; baseline -0.001 -8"><span class='ocrx_word' id='word_1_894' title='bbox 1014 2102 1093 2128; x_wconf 82' lang='grc' dir='ltr'>τοῦτο</span> <span class='ocrx_word' id='word_1_895' title='bbox 1109 2100 1205 2132; x_wconf 79' lang='grc' dir='ltr'>ἐνδεῶς</span> <span class='ocrx_word' id='word_1_896' title='bbox 1222 2100 1334 2135; x_wconf 78' lang='grc' dir='ltr'>ζήσεται</span> <span class='ocrx_word' id='word_1_897' title='bbox 1357 2100 1391 2126; x_wconf 87' lang='grc' dir='ltr'>τὰ</span> <span class='ocrx_word' id='word_1_898' title='bbox 1415 2102 1464 2134; x_wconf 74' lang='grc' dir='ltr'>’τῆς</span> <span class='ocrx_word' id='word_1_899' title='bbox 1485 2100 1588 2132; x_wconf 87' lang='grc' dir='ltr'>πόλεως</span> <span class='ocrx_word' id='word_1_900' title='bbox 1610 2101 1722 2136; x_wconf 85' lang='grc' dir='ltr'>ταύτης,</span> <span class='ocrx_word' id='word_1_901' title='bbox 1739 2101 1798 2127; x_wconf 85' lang='grc' dir='ltr'>εἰπέ</span> 
     </span>
    </p>
   </div>
   <div class='ocr_carea' id='block_1_114' title="bbox 1015 2141 1799 2179">
    <p class='ocr_par' dir='ltr' id='par_1_114' title="bbox 1015 2141 1799 2179">
     <span class='ocr_line' id='line_1_114' title="bbox 1015 2141 1799 2179; baseline 0 -10"><span class='ocrx_word' id='word_1_902' title='bbox 1015 2152 1060 2179; x_wconf 91' lang='grc' dir='ltr'>μοι</span> <span class='ocrx_word' id='word_1_903' title='bbox 1072 2152 1080 2176; x_wconf 84' lang='grc'>;</span> <span class='ocrx_word' id='word_1_904' title='bbox 1094 2142 1186 2169; x_wconf 85' lang='grc' dir='ltr'>Οὐδέν.</span> <span class='ocrx_word' id='word_1_905' title='bbox 1203 2143 1252 2168; x_wconf 75' lang='grc' dir='ltr'>Ἂν</span> <span class='ocrx_word' id='word_1_906' title='bbox 1267 2151 1296 2168; x_wconf 90' lang='grc' dir='ltr'>τε</span> <span class='ocrx_word' id='word_1_907' title='bbox 1318 2141 1372 2177; x_wconf 85' lang='grc' dir='ltr'>γάρ</span> <span class='ocrx_word' id='word_1_908' title='bbox 1398 2142 1548 2173; x_wconf 84' lang='grc' dir='ltr'>οίκοδομεϊν</span> <span class='ocrx_word' id='word_1_909' title='bbox 1564 2142 1621 2178; x_wconf 83' lang='grc' dir='ltr'>δέῃ,</span> <span class='ocrx_word' id='word_1_910' title='bbox 1644 2143 1674 2169; x_wconf 88' lang='grc' dir='ltr'>ού</span> <span class='ocrx_word' id='word_1_911' title='bbox 1698 2142 1799 2178; x_wconf 83' lang='grc' dir='ltr'>χρυσοῦ</span> 
     </span>
    </p>
   </div>
   <div class='ocr_carea' id='block_1_115' title="bbox 1015 2184 1800 2220">
    <p class='ocr_par' dir='ltr' id='par_1_115' title="bbox 1015 2184 1800 2220">
     <span class='ocr_line' id='line_1_115' title="bbox 1015 2184 1800 2220; baseline -0.003 -8"><span class='ocrx_word' id='word_1_912' title='bbox 1015 2185 1062 2212; x_wconf 67' lang='grc' dir='ltr'>καὶ</span> <span class='ocrx_word' id='word_1_913' title='bbox 1083 2184 1204 2220; x_wconf 87' lang='grc' dir='ltr'>ἀργύρου</span> <span class='ocrx_word' id='word_1_914' title='bbox 1219 2184 1259 2210; x_wconf 81' lang='grc' dir='ltr'>δεῖ</span> <span class='ocrx_word' id='word_1_915' title='bbox 1283 2184 1331 2210; x_wconf 73' lang='grc' dir='ltr'>καὶ</span> <span class='ocrx_word' id='word_1_916' title='bbox 1350 2184 1539 2219; x_wconf 84' lang='grc' dir='ltr'>μαργαριτῶν,</span> <span class='ocrx_word' id='word_1_917' title='bbox 1560 2184 1627 2211; x_wconf 85' lang='grc' dir='ltr'>ἀλλά</span> <span class='ocrx_word' id='word_1_918' title='bbox 1643 2185 1739 2220; x_wconf 86' lang='grc' dir='ltr'>τέχνης</span> <span class='ocrx_word' id='word_1_919' title='bbox 1753 2185 1800 2211; x_wconf 79' lang='grc' dir='ltr'>καὶ</span> 
     </span>
    </p>
   </div>
   <div class='ocr_carea' id='block_1_116' title="bbox 1014 2225 1800 2262">
    <p class='ocr_par' dir='ltr' id='par_1_116' title="bbox 1014 2225 1800 2262">
     <span class='ocr_line' id='line_1_116' title="bbox 1014 2225 1800 2262; baseline 0 -9"><span class='ocrx_word' id='word_1_920' title='bbox 1014 2227 1124 2262; x_wconf 87' lang='grc' dir='ltr'>χειρῶν,</span> <span class='ocrx_word' id='word_1_921' title='bbox 1138 2226 1236 2261; x_wconf 87' lang='grc' dir='ltr'>χειρῶν</span> <span class='ocrx_word' id='word_1_922' title='bbox 1250 2226 1279 2252; x_wconf 80' lang='grc' dir='ltr'>δὲ</span> <span class='ocrx_word' id='word_1_923' title='bbox 1290 2225 1338 2261; x_wconf 78' lang='grc' dir='ltr'>οὐχ</span> <span class='ocrx_word' id='word_1_924' title='bbox 1350 2225 1452 2257; x_wconf 85' lang='grc' dir='ltr'>ἁπλῶς,</span> <span class='ocrx_word' id='word_1_925' title='bbox 1464 2225 1531 2253; x_wconf 87' lang='grc' dir='ltr'>ἀλλά</span> <span class='ocrx_word' id='word_1_926' title='bbox 1542 2226 1744 2262; x_wconf 87' lang='grc' dir='ltr'>τετυλωμένων,</span> <span class='ocrx_word' id='word_1_927' title='bbox 1754 2227 1800 2254; x_wconf 70' lang='grc' dir='ltr'>κα)⁴</span> 
     </span>
    </p>
   </div>
   <div class='ocr_carea' id='block_1_117' title="bbox 1015 2267 1801 2304">
    <p class='ocr_par' dir='ltr' id='par_1_117' title="bbox 1015 2267 1801 2304">
     <span class='ocr_line' id='line_1_117' title="bbox 1015 2267 1801 2304; baseline 0 -8"><span class='ocrx_word' id='word_1_928' title='bbox 1015 2268 1153 2296; x_wconf 87' lang='grc' dir='ltr'>δακτύλων</span> <span class='ocrx_word' id='word_1_929' title='bbox 1168 2268 1390 2303; x_wconf 82' lang='grc' dir='ltr'>ἀπεσκληκότων,</span> <span class='ocrx_word' id='word_1_930' title='bbox 1402 2269 1448 2295; x_wconf 85' lang='grc' dir='ltr'>καὶ</span> <span class='ocrx_word' id='word_1_931' title='bbox 1461 2267 1552 2303; x_wconf 86' lang='grc' dir='ltr'>ίσχύος</span> <span class='ocrx_word' id='word_1_932' title='bbox 1567 2269 1677 2304; x_wconf 83' lang='grc' dir='ltr'>πολλῆς,</span> <span class='ocrx_word' id='word_1_933' title='bbox 1698 2270 1744 2296; x_wconf 84' lang='grc' dir='ltr'>καὶ</span> <span class='ocrx_word' id='word_1_934' title='bbox 1756 2269 1801 2302; x_wconf 85' lang='grc' dir='ltr'>ξύ-</span> 
     </span>
    </p>
   </div>
   <div class='ocr_carea' id='block_1_118' title="bbox 1015 2310 1802 2346">
    <p class='ocr_par' dir='ltr' id='par_1_118' title="bbox 1015 2310 1802 2346">
     <span class='ocr_line' id='line_1_118' title="bbox 1015 2310 1802 2346; baseline 0.001 -9"><span class='ocrx_word' id='word_1_935' title='bbox 1015 2311 1068 2337; x_wconf 86' lang='grc' dir='ltr'>λων</span> <span class='ocrx_word' id='word_1_936' title='bbox 1083 2310 1130 2337; x_wconf 69' lang='grc' dir='ltr'>καὶ</span> <span class='ocrx_word' id='word_1_937' title='bbox 1139 2310 1228 2336; x_wconf 85' lang='grc' dir='ltr'>λίθων·</span> <span class='ocrx_word' id='word_1_938' title='bbox 1244 2310 1276 2337; x_wconf 74' lang='grc' dir='ltr'>ἄν</span> <span class='ocrx_word' id='word_1_939' title='bbox 1287 2318 1316 2336; x_wconf 89' lang='grc' dir='ltr'>τε</span> <span class='ocrx_word' id='word_1_940' title='bbox 1328 2311 1451 2344; x_wconf 78' lang='grc' dir='ltr'>ὑφαίνειν</span> <span class='ocrx_word' id='word_1_941' title='bbox 1466 2311 1547 2337; x_wconf 84' lang='grc' dir='ltr'>πάλιν</span> <span class='ocrx_word' id='word_1_942' title='bbox 1564 2312 1680 2346; x_wconf 79' lang='grc' dir='ltr'>ἱμάτιον,</span> <span class='ocrx_word' id='word_1_943' title='bbox 1692 2312 1722 2338; x_wconf 85' lang='grc' dir='ltr'>ού</span> <span class='ocrx_word' id='word_1_944' title='bbox 1736 2320 1802 2346; x_wconf 84' lang='grc' dir='ltr'>χρυ-</span> 
     </span>
    </p>
   </div>
   <div class='ocr_carea' id='block_1_119' title="bbox 1017 2351 1802 2388">
    <p class='ocr_par' dir='ltr' id='par_1_119' title="bbox 1017 2351 1802 2388">
     <span class='ocr_line' id='line_1_119' title="bbox 1017 2351 1802 2388; baseline -0.001 -10"><span class='ocrx_word' id='word_1_945' title='bbox 1017 2352 1063 2378; x_wconf 80' lang='grc' dir='ltr'>σοῦ</span> <span class='ocrx_word' id='word_1_946' title='bbox 1079 2352 1159 2378; x_wconf 86' lang='grc' dir='ltr'>πάλιν</span> <span class='ocrx_word' id='word_1_947' title='bbox 1176 2353 1241 2386; x_wconf 78' lang='grc' dir='ltr'>ἡμῖν</span> <span class='ocrx_word' id='word_1_948' title='bbox 1261 2351 1289 2378; x_wconf 75' lang='grc' dir='ltr'>δὲ</span> <span class='ocrx_word' id='word_1_949' title='bbox 1312 2353 1360 2378; x_wconf 79' lang='grc' dir='ltr'>καὶ</span> <span class='ocrx_word' id='word_1_950' title='bbox 1374 2352 1507 2388; x_wconf 87' lang='grc' dir='ltr'>ἀργύρου,</span> <span class='ocrx_word' id='word_1_951' title='bbox 1521 2353 1588 2379; x_wconf 84' lang='grc' dir='ltr'>ἀλλὰ</span> <span class='ocrx_word' id='word_1_952' title='bbox 1602 2353 1701 2388; x_wconf 86' lang='grc' dir='ltr'>χειρῶν</span> <span class='ocrx_word' id='word_1_953' title='bbox 1722 2353 1802 2380; x_wconf 84' lang='grc' dir='ltr'>πάλιν</span> 
     </span>
    </p>
   </div>
   <div class='ocr_carea' id='block_1_120' title="bbox 1016 2393 1802 2430">
    <p class='ocr_par' dir='ltr' id='par_1_120' title="bbox 1016 2393 1802 2430">
     <span class='ocr_line' id='line_1_120' title="bbox 1016 2393 1802 2430; baseline 0 -10"><span class='ocrx_word' id='word_1_954' title='bbox 1016 2394 1063 2421; x_wconf 76' lang='grc' dir='ltr'>καὶ</span> <span class='ocrx_word' id='word_1_955' title='bbox 1081 2394 1178 2428; x_wconf 84' lang='grc' dir='ltr'>τέχνης</span> <span class='ocrx_word' id='word_1_956' title='bbox 1201 2394 1247 2420; x_wconf 73' lang='grc' dir='ltr'>καὶ</span> <span class='ocrx_word' id='word_1_957' title='bbox 1272 2393 1409 2427; x_wconf 81' lang='grc' dir='ltr'>γυναικῶν</span> <span class='ocrx_word' id='word_1_958' title='bbox 1426 2393 1626 2430; x_wconf 76' lang='grc' dir='ltr'>ἐργαζομένων.</span> <span class='ocrx_word' id='word_1_959' title='bbox 1650 2395 1681 2421; x_wconf 90' lang='grc' dir='ltr'>Τί</span> <span class='ocrx_word' id='word_1_960' title='bbox 1700 2395 1740 2426; x_wconf 82' lang='grc' dir='ltr'>δὲ,</span> <span class='ocrx_word' id='word_1_961' title='bbox 1755 2395 1802 2422; x_wconf 69' lang='grc' dir='ltr'>ἐὰν</span> 
     </span>
    </p>
   </div>
   <div class='ocr_carea' id='block_1_121' title="bbox 1017 2434 1801 2472">
    <p class='ocr_par' dir='ltr' id='par_1_121' title="bbox 1017 2434 1801 2472">
     <span class='ocr_line' id='line_1_121' title="bbox 1017 2434 1801 2472; baseline 0.004 -12"><span class='ocrx_word' id='word_1_962' title='bbox 1017 2436 1148 2470; x_wconf 80' lang='grc' dir='ltr'>γεωργεῖν</span> <span class='ocrx_word' id='word_1_963' title='bbox 1162 2434 1209 2471; x_wconf 82' lang='grc' dir='ltr'>δέῃ</span> <span class='ocrx_word' id='word_1_964' title='bbox 1230 2434 1276 2461; x_wconf 80' lang='grc' dir='ltr'>καὶ</span> <span class='ocrx_word' id='word_1_965' title='bbox 1291 2434 1422 2462; x_wconf 75' lang='grc' dir='ltr'>σκάπτειν</span> <span class='ocrx_word' id='word_1_966' title='bbox 1435 2435 1485 2470; x_wconf 86' lang='grc' dir='ltr'>τὴν</span> <span class='ocrx_word' id='word_1_967' title='bbox 1502 2437 1569 2471; x_wconf 83' lang='grc' dir='ltr'>γῆν;</span> <span class='ocrx_word' id='word_1_968' title='bbox 1584 2436 1768 2463; x_wconf 85' lang='grc' dir='ltr'>πλουτούντων</span> <span class='ocrx_word' id='word_1_969' title='bbox 1784 2436 1801 2472; x_wconf 81' lang='grc' dir='ltr'>ἢ</span> 
     </span>
    </p>
   </div>
   <div class='ocr_carea' id='block_1_122' title="bbox 1017 2476 1803 2513">
    <p class='ocr_par' dir='ltr' id='par_1_122' title="bbox 1017 2476 1803 2513">
     <span class='ocr_line' id='line_1_122' title="bbox 1017 2476 1803 2513; baseline 0.001 -11"><span class='ocrx_word' id='word_1_970' title='bbox 1017 2476 1174 2510; x_wconf 83' lang='grc' dir='ltr'>πενομένων</span> <span class='ocrx_word' id='word_1_971' title='bbox 1186 2476 1278 2511; x_wconf 86' lang='grc' dir='ltr'>χρεία;</span> <span class='ocrx_word' id='word_1_972' title='bbox 1295 2476 1377 2502; x_wconf 87' lang='grc' dir='ltr'>Παντί</span> <span class='ocrx_word' id='word_1_973' title='bbox 1390 2485 1441 2503; x_wconf 90' lang='grc' dir='ltr'>που</span> <span class='ocrx_word' id='word_1_974' title='bbox 1452 2477 1542 2512; x_wconf 82' lang='grc' dir='ltr'>δῆλον,</span> <span class='ocrx_word' id='word_1_975' title='bbox 1555 2478 1596 2504; x_wconf 84' lang='grc' dir='ltr'>ὃτι</span> <span class='ocrx_word' id='word_1_976' title='bbox 1604 2478 1736 2513; x_wconf 87' lang='grc' dir='ltr'>πενήτων.</span> <span class='ocrx_word' id='word_1_977' title='bbox 1749 2478 1803 2504; x_wconf 68' lang='grc' dir='ltr'>Καὶ</span> 
     </span>
    </p>
   </div>
   <div class='ocr_carea' id='block_1_123' title="bbox 1018 2517 1803 2553">
    <p class='ocr_par' dir='ltr' id='par_1_123' title="bbox 1018 2517 1803 2553">
     <span class='ocr_line' id='line_1_123' title="bbox 1018 2517 1803 2553; baseline 0.003 -10"><span class='ocrx_word' id='word_1_978' title='bbox 1018 2517 1077 2552; x_wconf 83' lang='grc' dir='ltr'>σίδη</span> <span class='ocrx_word' id='word_1_979' title='bbox 1082 2525 1126 2551; x_wconf 89' lang='grc' dir='ltr'>ρον</span> <span class='ocrx_word' id='word_1_980' title='bbox 1133 2517 1162 2543; x_wconf 82' lang='grc' dir='ltr'>δὲ</span> <span class='ocrx_word' id='word_1_981' title='bbox 1170 2517 1233 2544; x_wconf 84' lang='grc' dir='ltr'>ὅταν</span> <span class='ocrx_word' id='word_1_982' title='bbox 1241 2517 1287 2553; x_wconf 81' lang='grc' dir='ltr'>δέῃ</span> <span class='ocrx_word' id='word_1_983' title='bbox 1295 2518 1496 2552; x_wconf 69' lang='grc' dir='ltr'>χαλκεύειν,καὶ</span> <span class='ocrx_word' id='word_1_984' title='bbox 1507 2519 1570 2545; x_wconf 66' lang='grc' dir='ltr'>ἄλλο</span> <span class='ocrx_word' id='word_1_985' title='bbox 1578 2527 1605 2545; x_wconf 84' lang='grc' dir='ltr'>τι</span> <span class='ocrx_word' id='word_1_986' title='bbox 1615 2519 1668 2545; x_wconf 84' lang='grc' dir='ltr'>τῶν</span> <span class='ocrx_word' id='word_1_987' title='bbox 1675 2519 1803 2545; x_wconf 86' lang='grc' dir='ltr'>τοιούτων</span> 
     </span>
    </p>
   </div>
   <div class='ocr_carea' id='block_1_124' title="bbox 1017 2557 1804 2596">
    <p class='ocr_par' dir='ltr' id='par_1_124' title="bbox 1017 2557 1804 2596">
     <span class='ocr_line' id='line_1_124' title="bbox 1017 2557 1804 2596; baseline 0.003 -12"><span class='ocrx_word' id='word_1_988' title='bbox 1017 2559 1116 2590; x_wconf 79' lang='grc' dir='ltr'>ποιεῖν,</span> <span class='ocrx_word' id='word_1_989' title='bbox 1131 2557 1177 2585; x_wconf 83' lang='grc' dir='ltr'>τοῦ</span> <span class='ocrx_word' id='word_1_990' title='bbox 1190 2558 1277 2594; x_wconf 87' lang='grc' dir='ltr'>δήμου</span> <span class='ocrx_word' id='word_1_991' title='bbox 1294 2559 1389 2586; x_wconf 85' lang='grc' dir='ltr'>τούτου</span> <span class='ocrx_word' id='word_1_992' title='bbox 1405 2560 1521 2596; x_wconf 85' lang='grc' dir='ltr'>μάλιστα</span> <span class='ocrx_word' id='word_1_993' title='bbox 1537 2562 1603 2595; x_wconf 84' lang='grc' dir='ltr'>ἡμῖν</span> <span class='ocrx_word' id='word_1_994' title='bbox 1619 2560 1667 2587; x_wconf 83' lang='grc' dir='ltr'>δεῖ.</span> <span class='ocrx_word' id='word_1_995' title='bbox 1685 2560 1738 2587; x_wconf 88' lang='grc' dir='ltr'>Ποῦ</span> <span class='ocrx_word' id='word_1_996' title='bbox 1757 2558 1804 2587; x_wconf 83' lang='grc' dir='ltr'>οὖν</span> 
     </span>
    </p>
   </div>
   <div class='ocr_carea' id='block_1_125' title="bbox 1018 2600 1805 2638">
    <p class='ocr_par' dir='ltr' id='par_1_125' title="bbox 1018 2600 1805 2638">
     <span class='ocr_line' id='line_1_125' title="bbox 1018 2600 1805 2638; baseline 0.003 -12"><span class='ocrx_word' id='word_1_997' title='bbox 1018 2600 1171 2635; x_wconf 85' lang='grc' dir='ltr'>δεησόμεθα</span> <span class='ocrx_word' id='word_1_998' title='bbox 1185 2600 1239 2626; x_wconf 87' lang='grc' dir='ltr'>τῶν</span> <span class='ocrx_word' id='word_1_999' title='bbox 1253 2601 1437 2629; x_wconf 86' lang='grc' dir='ltr'>πλουτούντων</span> <span class='ocrx_word' id='word_1_1000' title='bbox 1447 2602 1548 2629; x_wconf 82' lang='grc' dir='ltr'>λοιπόν·</span> <span class='ocrx_word' id='word_1_1001' title='bbox 1561 2602 1631 2638; x_wconf 83' lang='grc' dir='ltr'>πλὴν</span> <span class='ocrx_word' id='word_1_1002' title='bbox 1644 2604 1668 2628; x_wconf 88' lang='grc' dir='ltr'>εἰ</span> <span class='ocrx_word' id='word_1_1003' title='bbox 1687 2603 1723 2638; x_wconf 85' lang='grc' dir='ltr'>μὴ</span> <span class='ocrx_word' id='word_1_1004' title='bbox 1739 2603 1805 2629; x_wconf 80' lang='grc' dir='ltr'>καθ-</span> 
     </span>
    </p>
   </div>
   <div class='ocr_carea' id='block_1_126' title="bbox 1019 2641 1804 2679">
    <p class='ocr_par' dir='ltr' id='par_1_126' title="bbox 1019 2641 1804 2679">
     <span class='ocr_line' id='line_1_126' title="bbox 1019 2641 1804 2679; baseline 0.004 -11"><span class='ocrx_word' id='word_1_1005' title='bbox 1019 2643 1089 2669; x_wconf 88' lang='grc' dir='ltr'>ελεῖν</span> <span class='ocrx_word' id='word_1_1006' title='bbox 1101 2642 1159 2668; x_wconf 81' lang='grc' dir='ltr'>δέον</span> <span class='ocrx_word' id='word_1_1007' title='bbox 1174 2641 1223 2677; x_wconf 80' lang='grc' dir='ltr'>τὴν</span> <span class='ocrx_word' id='word_1_1008' title='bbox 1236 2643 1313 2669; x_wconf 81' lang='grc' dir='ltr'>πόλιν</span> <span class='ocrx_word' id='word_1_1009' title='bbox 1333 2643 1433 2678; x_wconf 84' lang='grc' dir='ltr'>ταύτην</span> <span class='ocrx_word' id='word_1_1010' title='bbox 1446 2652 1453 2676; x_wconf 88' lang='lat'>;</span> <span class='ocrx_word' id='word_1_1011' title='bbox 1470 2644 1501 2670; x_wconf 82' lang='grc' dir='ltr'><strong>Εἰ</strong></span> <span class='ocrx_word' id='word_1_1012' title='bbox 1518 2643 1573 2679; x_wconf 84' lang='grc' dir='ltr'>γὰρ</span> <span class='ocrx_word' id='word_1_1013' title='bbox 1594 2644 1804 2671; x_wconf 72' lang='grc' dir='ltr'>ἐπεισελθόντων</span> 
     </span>
    </p>
   </div>
   <div class='ocr_carea' id='block_1_127' title="bbox 1020 2683 1804 2721">
    <p class='ocr_par' dir='ltr' id='par_1_127' title="bbox 1020 2683 1804 2721">
     <span class='ocr_line' id='line_1_127' title="bbox 1020 2683 1804 2721; baseline 0.001 -12"><span class='ocrx_word' id='word_1_1014' title='bbox 1020 2683 1132 2710; x_wconf 80' lang='grc' dir='ltr'>ἐκείνων</span> <span class='ocrx_word' id='word_1_1015' title='bbox 1142 2684 1183 2715; x_wconf 83' lang='grc' dir='ltr'>είς</span> <span class='ocrx_word' id='word_1_1016' title='bbox 1196 2684 1245 2718; x_wconf 83' lang='grc' dir='ltr'>τὴν</span> <span class='ocrx_word' id='word_1_1017' title='bbox 1255 2683 1301 2710; x_wconf 77' lang='grc' dir='ltr'>τοῦ</span> <span class='ocrx_word' id='word_1_1018' title='bbox 1316 2686 1428 2719; x_wconf 81' lang='grc' dir='ltr'>χρυσίου</span> <span class='ocrx_word' id='word_1_1019' title='bbox 1444 2686 1490 2712; x_wconf 83' lang='grc' dir='ltr'>καὶ</span> <span class='ocrx_word' id='word_1_1020' title='bbox 1502 2686 1551 2720; x_wconf 80' lang='grc' dir='ltr'>τὴν</span> <span class='ocrx_word' id='word_1_1021' title='bbox 1562 2686 1615 2712; x_wconf 90' lang='grc' dir='ltr'>τῶν</span> <span class='ocrx_word' id='word_1_1022' title='bbox 1629 2685 1804 2721; x_wconf 87' lang='grc' dir='ltr'>μαργαριτῶν</span> 
     </span>
    </p>
   </div>
   <div class='ocr_carea' id='block_1_128' title="bbox 1020 2722 1804 2760">
    <p class='ocr_par' dir='ltr' id='par_1_128' title="bbox 1020 2722 1804 2760">
     <span class='ocr_line' id='line_1_128' title="bbox 1020 2722 1804 2760; baseline 0 -12"><span class='ocrx_word' id='word_1_1023' title='bbox 1020 2723 1164 2757; x_wconf 81' lang='grc' dir='ltr'>ἐμπέσοιεν</span> <span class='ocrx_word' id='word_1_1024' title='bbox 1180 2723 1335 2758; x_wconf 83' lang='grc' dir='ltr'>ἐπιθυμίαν,</span> <span class='ocrx_word' id='word_1_1025' title='bbox 1351 2722 1423 2750; x_wconf 76' lang='grc' dir='ltr'>οὗτοι</span> <span class='ocrx_word' id='word_1_1026' title='bbox 1437 2725 1462 2750; x_wconf 82' lang='grc' dir='ltr'>οί</span> <span class='ocrx_word' id='word_1_1027' title='bbox 1480 2725 1619 2759; x_wconf 73' lang='grc' dir='ltr'>φιλόσοφοι</span> <span class='ocrx_word' id='word_1_1028' title='bbox 1635 2725 1804 2760; x_wconf 76' lang='grc' dir='ltr'>(φιλοσόφους</span> 
     </span>
    </p>
   </div>
   <div class='ocr_carea' id='block_1_129' title="bbox 1021 2764 1803 2801">
    <p class='ocr_par' dir='ltr' id='par_1_129' title="bbox 1021 2764 1803 2801">
     <span class='ocr_line' id='line_1_129' title="bbox 1021 2764 1803 2801; baseline -0.001 -11"><span class='ocrx_word' id='word_1_1029' title='bbox 1021 2765 1075 2800; x_wconf 76' lang='grc' dir='ltr'>γὰρ</span> <span class='ocrx_word' id='word_1_1030' title='bbox 1095 2764 1149 2797; x_wconf 80' lang='grc' dir='ltr'>ἐγὼ</span> <span class='ocrx_word' id='word_1_1031' title='bbox 1173 2764 1247 2790; x_wconf 87' lang='grc' dir='ltr'>καλῶ</span> <span class='ocrx_word' id='word_1_1032' title='bbox 1267 2766 1328 2795; x_wconf 74' lang='grc' dir='ltr'>τοὺς</span> <span class='ocrx_word' id='word_1_1033' title='bbox 1347 2766 1422 2792; x_wconf 83' lang='grc' dir='ltr'>οὐδὲν</span> <span class='ocrx_word' id='word_1_1034' title='bbox 1448 2767 1572 2801; x_wconf 75' lang='grc' dir='ltr'>περιττὸν</span> <span class='ocrx_word' id='word_1_1035' title='bbox 1587 2766 1803 2800; x_wconf 75' lang='grc' dir='ltr'>ἐπιζητοῦντας),</span> 
     </span>
    </p>
   </div>
   <div class='ocr_carea' id='block_1_130' title="bbox 1021 2806 1805 2843">
    <p class='ocr_par' dir='ltr' id='par_1_130' title="bbox 1021 2806 1805 2843">
     <span class='ocr_line' id='line_1_130' title="bbox 1021 2806 1805 2843; baseline -0.001 -11"><span class='ocrx_word' id='word_1_1036' title='bbox 1021 2806 1105 2841; x_wconf 76' lang='grc' dir='ltr'>ἀργίᾳ</span> <span class='ocrx_word' id='word_1_1037' title='bbox 1125 2806 1216 2837; x_wconf 84' lang='grc' dir='ltr'>δόντες</span> <span class='ocrx_word' id='word_1_1038' title='bbox 1241 2807 1351 2838; x_wconf 69' lang='grc' dir='ltr'>ἑαυτοὺς</span> <span class='ocrx_word' id='word_1_1039' title='bbox 1378 2808 1424 2834; x_wconf 81' lang='grc' dir='ltr'>καὶ</span> <span class='ocrx_word' id='word_1_1040' title='bbox 1452 2809 1551 2843; x_wconf 78' lang='grc' dir='ltr'>τρυφῇ,</span> <span class='ocrx_word' id='word_1_1041' title='bbox 1570 2808 1659 2834; x_wconf 71' lang='grc' dir='ltr'>πάντα</span> <span class='ocrx_word' id='word_1_1042' title='bbox 1678 2806 1805 2833; x_wconf 76' lang='grc' dir='ltr'>ἀπολούει</span> 
     </span>
    </p>
   </div>
   <div class='ocr_carea' id='block_1_131' title="bbox 1022 2846 1806 2884">
    <p class='ocr_par' dir='ltr' id='par_1_131' title="bbox 1022 2846 1806 2884">
     <span class='ocr_line' id='line_1_131' title="bbox 1022 2846 1806 2884; baseline 0 -12"><span class='ocrx_word' id='word_1_1043' title='bbox 1022 2846 1124 2875; x_wconf 70' lang='grc' dir='ltr'>λοιπον.</span> <span class='ocrx_word' id='word_1_1044' title='bbox 1142 2848 1195 2874; x_wconf 76' lang='grc' dir='ltr'>Καὶ</span> <span class='ocrx_word' id='word_1_1045' title='bbox 1217 2849 1240 2873; x_wconf 85' lang='grc' dir='ltr'>εί</span> <span class='ocrx_word' id='word_1_1046' title='bbox 1261 2847 1298 2882; x_wconf 79' lang='grc' dir='ltr'>μὴ</span> <span class='ocrx_word' id='word_1_1047' title='bbox 1315 2849 1448 2884; x_wconf 80' lang='grc' dir='ltr'>χρήσιμος</span> <span class='ocrx_word' id='word_1_1048' title='bbox 1470 2850 1484 2875; x_wconf 77' lang='grc' dir='ltr'>ὁ</span> <span class='ocrx_word' id='word_1_1049' title='bbox 1499 2849 1622 2881; x_wconf 72' lang='grc' dir='ltr'>πλοῦτος,</span> <span class='ocrx_word' id='word_1_1050' title='bbox 1646 2849 1717 2883; x_wconf 69' lang='grc' dir='ltr'>ιρησὶ,</span> <span class='ocrx_word' id='word_1_1051' title='bbox 1735 2847 1806 2878; x_wconf 72' lang='grc' dir='ltr'>τίνος</span> 
     </span>
    </p>
   </div>
  </div>
