2034 3109
145 141 196 169 ἱέίδ

147 202 168 228 εἰ
180 205 275 227 rursus
290 203 393 226 vestem
412 202 513 229 texere,
529 203 582 223 non
596 202 661 222 auro
682 201 777 221 rursus
797 200 865 227 opus
883 197 935 223 est,

149 253 200 273 non
210 247 335 278 argento,
352 243 399 271 sed
414 242 536 269 manibus
545 248 652 268 rursum
664 244 690 267 et
704 244 761 266 arte
773 238 943 266 mulieribus-

147 298 197 325 que
211 289 398 325 operantibus.
410 287 478 322 Quid
494 295 556 314 vero
571 287 594 314 si
607 291 705 314 teriam
716 285 808 313 colere
821 288 943 319 oporteat

147 343 173 363 et
188 336 292 368 fodere,
308 343 342 362 an
358 335 485 362 divitibus
498 341 531 360 an
556 332 717 367 pauperibus
738 337 779 359 est
794 330 878 366 opus?
894 331 942 357 Pa-

149 383 199 409 lam
214 387 256 409 est
268 381 339 417 quod
354 380 526 415 pauperibus.
544 379 575 405 Et
589 379 610 405 si
625 378 724 405 ferrum
740 382 853 404 tractare
864 384 943 411 opor-

149 431 211 460 teat,
223 431 270 454 aut
285 426 350 461 quid
361 426 449 453 simile
465 425 563 457 facere,
581 424 630 451 hac
644 424 759 451 maxime
776 423 854 458 plebe
867 422 943 449 nobis

148 479 214 508 opus
228 477 281 500 est.
296 472 408 500 Ubinam
422 478 486 504 ergo
498 470 623 497 divitibus
638 477 705 504 opus
717 469 882 499 habebimus,
893 468 943 495 nisi

148 520 289 547 destruere
304 523 426 553 oporteat
442 517 513 544 hunc
529 516 683 543 civitatem?
698 515 764 542 Nam
786 515 809 541 si
834 515 885 541 illis
902 515 943 541 in-

149 566 259 600 gressis,
275 566 300 592 in
317 565 374 592 auri
389 569 416 591 et
430 564 633 598 margaritarum
647 562 891 596 concupiscentiam
902 561 944 587 in-

149 612 264 639 ciderint
280 611 307 638 hi
324 610 475 645 philosophi
491 608 676 644 (philosophos
698 608 769 634 enim
795 615 861 634 voco
886 614 943 638 eos,

150 656 193 691 qui
208 655 276 683 nihil
291 655 456 689 superfluum
471 654 619 689 quaerunt),
636 654 690 679 otio
706 660 735 679 se
750 652 845 679 dantes
859 656 885 678 ct
899 659 946 677 vo-

151 702 255 737 luptati,
271 701 360 729 omnia
373 701 480 728 demum
494 700 616 734 perdent.
634 699 666 726 Et
681 699 730 726 nisi
745 698 825 726 utiles
840 698 893 724 sint
903 697 944 724 di-

151 749 231 781 vitiae,
245 749 361 782 inquies,
374 755 422 774 cur
437 755 452 773 a
465 747 578 773 Domino
593 745 662 772 datae
673 745 751 772 sunt?
766 745 799 771 Et
813 743 945 770 undenam

151 795 234 830 liquet
246 793 354 822 divitias
364 802 379 820 a
397 793 451 820 Deo
461 792 538 820 dari?
552 793 689 826 Scriptura
703 791 769 818 dicit
785 800 791 817 ε
810 790 895 817 Meum
911 795 946 816 est

151 844 284 875 argentum
295 845 318 866 et
332 847 414 865 meum
429 846 520 864 aurum
534 837 632 872 (Aggwi
656 837 681 862 ΞΕ.
694 835 732 869 9),
743 842 769 863 et
781 837 822 863 cui
838 836 947 862 voluero

152 886 223 913 dabo
238 885 313 912 illud.
340 884 398 916 llic,
416 884 467 910 nisi
483 891 539 910 rem
556 888 660 916 turpem
688 882 815 914 facerem,
839 880 947 915 profuse

153 938 224 958 nunc
238 931 369 963 risissem,
381 930 440 957 illos
456 930 500 964 qui
515 929 571 956 lucc
582 929 674 955 dicunt
696 928 819 959 irridens,
836 927 897 962 quia
911 928 948 954 si-

153 982 197 1004 cut
211 977 316 1012 pueruli
333 977 404 1011 regia
420 976 541 1003 fruentes
556 982 658 1007 mensa,
675 982 735 1000 cum
757 974 801 1000 illo
822 974 948 1000 alimento

154 1023 282 1058 quidquid
297 1022 420 1050 inciderit
433 1022 459 1049 in
476 1029 506 1048 os
522 1021 653 1055 injiciuut.
669 1020 714 1046 Sic
729 1024 755 1046 et
768 1020 793 1046 hi
805 1027 866 1046 eum
882 1019 950 1045 divi—

155 1070 195 1096 nis
206 1069 355 1103 Scripturis
364 1075 412 1096 sua
424 1075 530 1102 quoque
542 1067 680 1101 colligunt.
694 1065 759 1092 Illud
770 1066 851 1098 enim,
865 1065 950 1092 Meum

155 1122 189 1142 est
201 1121 344 1150 argentum,
359 1119 381 1141 et
395 1122 477 1141 meum
493 1119 528 1140 est
543 1121 645 1145 aurum,
663 1113 718 1139 scio
731 1112 832 1139 dictum
847 1112 927 1138 fuisse
935 1119 949 1138 ιι

157 1161 301 1195 propinata;
318 1160 382 1187 illud
397 1167 470 1191 vero,
485 1159 532 1187 Cui
557 1159 667 1185 voluero
686 1158 756 1184 dabo
778 1158 874 1192 ipsum,
898 1165 951 1184 non

157 1208 190 1235 ibi
201 1207 303 1242 jacere,
319 1206 365 1234 sed
384 1213 398 1233 a
412 1205 523 1233 faccibus
539 1206 597 1232 istis
618 1204 753 1231 inductum
776 1204 866 1230 fuisse.
884 1204 951 1231 illud

157 1260 220 1281 vero
233 1260 286 1288 qua
298 1252 332 1279 de
346 1259 425 1279 causa
443 1251 543 1278 dictum
560 1252 594 1277 sit
616 1250 714 1277 dicam.
738 1249 873 1284 Propheta
898 1250 951 1282 Ag-

158 1306 240 1333 gteus,
257 1298 319 1333 quia
333 1297 488 1332 frequenter
503 1295 784 1331 Judmis'promiscrat,
805 1299 865 1329 post
881 1294 952 1321 redi-

159 1349 213 1372 tum
230 1352 264 1372 ex
282 1343 417 1378 Babylone
431 1351 460 1370 se
475 1343 602 1377 templum
623 1347 794 1368 ostensurum
818 1341 844 1367 in
865 1340 954 1375 priore

159 1391 255 1423 forma,
273 1398 326 1417 non
342 1390 488 1417 credebant
503 1395 592 1416 autem
608 1389 714 1423 quidam
728 1388 838 1420 dicenti,
859 1392 884 1414 et
901 1387 954 1414 fere

160 1445 216 1464 rem
233 1436 426 1471 impossibilem
447 1434 648 1466 existimabant,
669 1434 739 1468 quod
755 1433 781 1460 in
796 1434 913 1460 cinerem
929 1438 956 1459 et

161 1484 296 1520 pulverem
310 1483 418 1511 redacta
432 1482 539 1513 domus,
557 1481 616 1508 talis
627 1489 732 1507 rursum
749 1480 901 1514 apparitura
914 1486 956 1505 cs-

161 1535 217 1561 set;
233 1530 278 1557 ille
292 1529 400 1556 solvens
414 1527 629 1555 incredulitatem
646 1527 776 1560 ipsorum,
795 1533 826 1552 ex
842 1532 955 1559 persona

162 1576 209 1603 Dei
230 1575 289 1602 baac
304 1574 378 1606 dicit,
395 1581 426 1601 ac
442 1574 463 1600 si
479 1573 597 1600 diceret:
613 1572 680 1605 Quid
696 1570 811 1598 timetis?
824 1570 886 1605 quid
904 1579 956 1597 non

163 1620 288 1648 creditis?
302 1620 388 1647 Meum
401 1625 437 1646 est
450 1623 580 1654 argentum
590 1622 612 1644 et
623 1625 702 1643 meum
716 1624 817 1649 aurum,
833 1623 882 1642 nec
891 1623 957 1650 opus

164 1667 261 1699 habeo,
277 1670 305 1693 ut
320 1665 431 1700 pecunia
449 1665 551 1692 lienore
572 1668 693 1697 accepta,
710 1663 750 1689 sic
774 1661 859 1689 :edem
878 1669 957 1688 exor<

165 1720 233 1739 nem.
251 1712 286 1739 Et
299 1711 370 1746 quod
387 1710 438 1737 hoc
452 1711 497 1742 sit,
514 1710 651 1743 subjunin
669 1717 675 1735 :
700 1709 731 1734 Et
753 1708 799 1735 erit
813 1708 895 1743 gloria
910 1708 957 1733 do-

165 1767 220 1786 mus
241 1759 319 1793 hujus
334 1758 423 1784 ultima
447 1765 525 1792 supra
549 1757 657 1792 primum
673 1755 771 1791 (Agga'i
785 1755 813 1781 2.
836 1755 867 1781 10
881 1755 900 1789 ).
921 1754 959 1781 Ne

165 1811 230 1839 ergo
243 1804 271 1831 in
285 1804 474 1831 vestimentum
495 1803 598 1837 regium
623 1802 689 1829 telas
708 1809 865 1828 aranearum
882 1801 960 1827 indu-

165 1857 269 1876 camus.
282 1849 347 1876 Nam
361 1849 382 1875 si
396 1848 456 1883 quis
469 1847 685 1882 deprehendatur
700 1847 725 1873 in
741 1854 856 1881 purpura
872 1846 960 1873 defor-

166 1904 207 1923 me
233 1896 394 1930 subtegmen
416 1900 578 1927 contexens,
604 1898 738 1920 extremas
761 1893 834 1919 dabit
855 1900 958 1927 pmnas,

166 1942 253 1970 multo
264 1942 348 1977 magis
369 1942 396 1968 in
416 1940 619 1975 spiritualibns:
634 1948 719 1974 neque
740 1940 811 1966 enim
828 1939 888 1966 hinc
903 1940 961 1965 leve

168 1994 306 2024 peccatum
320 1988 415 2015 oritur.
426 1988 459 2015 Et
469 1987 533 2022 quid
547 1987 607 2014 dico
622 1987 656 2014 de
671 1986 806 2013 additionc
820 1991 846 2013 et
857 1986 890 2012 de
899 1987 960 2012 sub-

168 2034 318 2062 tractione?
338 2042 370 2061 ex
393 2038 490 2069 puncto
513 2037 625 2064 tantum,
643 2036 669 2059 et
683 2040 715 2059 ex
730 2032 855 2058 simulata
878 2032 961 2058 altera

167 2080 282 2108 let-tione
297 2080 380 2106 multa
394 2086 464 2114 srepe
478 2079 593 2106 absurda
606 2086 683 2105 sensa
698 2082 757 2105 orta
772 2083 842 2104 sunt.

203 2127 230 2154 6.
248 2126 387 2154 Undeuam
397 2133 461 2160 ergo
470 2125 692 2159 divites?inquies
703 2129 709 2152 ;
719 2124 817 2151 dictum
829 2128 869 2150 est
878 2123 960 2152 enim.

168 2173 272 2201 Divitiis
284 2177 307 2200 et
323 2176 462 2207 paupertas
475 2180 490 2197 a
505 2171 613 2198 Domino
633 2170 725 2205 (Eccli.
743 2171 786 2197 il.
807 2170 862 2204 14).
879 2169 963 2196 luter-

169 2219 324 2254 rogabimus
338 2225 403 2253 ergo
416 2225 462 2244 eos
477 2217 521 2251 qui
538 2217 594 2243 ha-c
608 2216 684 2243 nobis
695 2216 842 2250 objiciunt:
858 2216 962 2250 Ergone

170 2272 263 2292 omnes
277 2263 378 2290 divitiae
393 2268 420 2290 et
431 2263 520 2290 omnis
535 2267 678 2298 paupertas
691 2270 706 2289 a
720 2262 849 2288 Domino?
862 2266 889 2289 et
902 2262 962 2296 quis

171 2312 219 2338 hoc
233 2310 351 2338 dixerit?
366 2309 431 2336 Nam
446 2309 566 2335 videmus
580 2314 606 2336 et
618 2316 650 2335 ex
667 2308 759 2343 rapina
774 2313 801 2334 et
815 2315 848 2334 ex
860 2307 962 2333 maleﬁ-

170 2358 210 2384 eio
225 2357 251 2384 in
267 2355 400 2384 fodiendis
414 2355 554 2390 sepulcris,
568 2359 593 2381 et
607 2362 639 2381 cx
655 2353 888 2388 prtesligiiseane
904 2352 964 2379 aliis

171 2402 323 2437 hujusmodi
338 2401 442 2434 causis,
458 2408 568 2436 magnas
582 2408 594 2426 a
612 2400 702 2427 multis
717 2399 821 2426 corraili
845 2398 962 2431 divitias,

170 2454 196 2476 et
209 2449 255 2484 qui
271 2456 317 2475 eas
340 2447 488 2482 possident,
513 2454 547 2473 nc
567 2446 620 2472 vita
643 2445 754 2480 quidem
776 2444 871 2479 dignos
891 2451 962 2470 esse.

171 2495 237 2528 Quid
251 2502 328 2529 ergo.
344 2494 387 2521 dic
399 2493 475 2526 mihi,
489 2493 598 2520 hascine
608 2492 713 2519 divitias
726 2499 740 2517 a
756 2491 809 2518 Deo
823 2498 882 2517 esse
893 2490 966 2517 dica-

172 2541 247 2569 mus?
263 2541 358 2568 Absit:
375 2539 424 2567 sed
435 2539 588 2566 undenam?
607 2539 643 2565 l-Jx
660 2543 780 2572 peccato.
793 2537 858 2564 Nam
876 2544 963 2563 ruere-

172 2589 220 2614 trix
241 2594 340 2621 corpus
362 2594 440 2613 suum
460 2585 620 2612 contumelia
640 2584 771 2616 alliciens,
794 2582 917 2613 ditescit;
939 2587 965 2608 et

173 2635 306 2662 formosus
326 2633 484 2661 adulescens
506 2639 577 2666 sazpe
600 2631 711 2658 formam
735 2629 853 2656 vendens
877 2635 963 2660 suam,

173 2690 230 2709 rum
246 2681 415 2716 turpitudine
427 2687 520 2706 aurum
537 2678 673 2713 possidet;
690 2682 716 2704 et
731 2676 915 2711 sepulcrorum
927 2674 966 2701 ef-

174 2728 268 2759 fassor,
279 2727 396 2761 diruptis
405 2725 545 2760 sepulcris,
555 2724 660 2751 divitias
670 2723 741 2757 cogit
754 2722 877 2757 injustas,
890 2722 966 2747 item-

173 2781 222 2808 que
234 2774 308 2800 latro
322 2773 406 2799 muris
427 2772 579 2806 perforatis.
599 2769 704 2804 Ergone
717 2776 733 2795 a
748 2768 860 2795 Domino
872 2774 966 2793 omnes

170 2819 289 2847 divitiae?
303 2818 373 2852 Quid
394 2825 469 2851 ergo,
485 2816 600 2851 inquies,
625 2814 847 2850 respondebimus
864 2811 897 2839 ad
914 2812 966 2839 hoc

170 2864 286 2893 dictum?
304 2865 382 2891 Disce
396 2863 468 2898 prius
482 2870 531 2889 nec
546 2866 728 2897 paupertatem
743 2868 756 2887 a
773 2860 829 2888 Deo
849 2869 919 2896 esse,
938 2870 964 2889 et

339 2911 476 2943 l’srtmL.
503 2912 561 2942 Gn.
590 2912 666 2943 LXI.

641 135 677 164 IN
696 134 803 163 EPIST.
826 134 834 161 l
868 134 912 161 AD
931 134 1010 161 COli.
1032 131 1147 162 "OMIL.
1170 133 1288 161 XXXIV.

1737 136 1789 165 29s

998 196 1060 219 tunc
1073 191 1105 218 ad
1120 191 1171 219 hoc
1183 190 1285 219 dictqu
1302 190 1448 218 veniemus.
1465 191 1532 219 Cum
1546 192 1618 220 enim
1638 193 1698 227 quis
1710 193 1788 228 juve-

996 238 1037 265 nis
1051 237 1177 273 prodigus
1186 243 1233 265 aut
1247 238 1274 264 in
1290 239 1446 266 meretrices
1460 238 1568 266 divitias
1582 240 1790 274 t-onsutnpserlt,

995 284 1080 311 autin
1095 282 1312 318 przestigiatores,
1337 288 1381 310 aut
1407 283 1434 311 in
1448 283 1516 311 alias
1536 284 1675 319 quasliiam
1688 284 1791 314 similes

995 328 1165 364 cupiditates,
1183 333 1211 357 et
1224 336 1325 364 pauper
1338 329 1471 362 evaserit;
1488 337 1578 357 nonne
1591 330 1680 365 palam
1689 334 1731 358 est
1740 330 1795 359 hoe

996 383 1010 401 a
1028 375 1083 402 Deo
1098 374 1197 402 factum
1217 382 1270 402 non
1297 382 1368 406 esse,
1383 374 1432 403 sed
1453 375 1489 402 ab
1508 376 1592 410 ipsius
1616 375 1794 410 profusione!

997 421 1113 448 Rursum
1128 421 1151 448 si
1166 421 1226 456 quis
1241 420 1275 449 ob
1293 421 1434 456 segnitiem
1456 429 1557 456 pauper
1571 421 1626 452 fiat.
1641 422 1665 449 si
1684 422 1744 457 quis
1759 430 1794 451 ex

997 468 1100 495 insania
1130 468 1155 495 in
1179 471 1362 503 paupertatem
1384 467 1500 502 decidat,
1515 468 1537 496 si
1552 469 1613 503 quis
1628 469 1792 504 periculosus

996 517 1025 540 et
1039 512 1144 548 iniquas
1154 520 1198 541 res
1211 520 1368 548 aggressus;
1390 521 1480 541 nonne
1497 514 1671 549 conspicuum
1683 523 1794 551 prorsus

997 563 1047 592 est,
1064 559 1166 587 nullum
1180 566 1274 586 eorum
1288 559 1334 594 qui
1356 559 1509 594 hujusmodi
1524 565 1587 588 sunt
1609 561 1635 588 in
1652 566 1793 596 pauperta-

997 609 1050 632 tem
1065 612 1081 631 a
1097 605 1152 632 Deo
1166 604 1300 639 deiectum
1315 604 1417 633 fuisse?
1428 605 1554 633 Mentitur
1563 614 1628 642 ergo
1640 607 1794 645 Scriptum?

998 649 1089 682 Absit;
1104 649 1151 677 sed
1168 650 1250 678 stulto
1264 655 1347 686 agunt.
1363 650 1391 683 ii,
1415 651 1460 686 qui
1476 658 1530 679 non
1545 658 1608 679 cum
1628 660 1661 679 ea
1679 660 1731 688 qua
1744 660 1792 688 par

997 700 1069 724 esset
1081 696 1254 724 accuratione
1265 697 1354 724 omnia
1367 705 1428 732 qua:
1438 698 1537 732 scripta
1551 702 1615 725 sunt
1626 699 1794 727 examinant.

998 741 1065 769 Nam
1078 741 1103 770 si
1114 747 1142 770 et
1153 742 1205 770 hoc
1218 742 1245 770 in
1257 742 1383 771 confesso
1400 744 1446 777 sit,
1460 743 1532 778 quod
1553 743 1693 780 Scriptura
1715 752 1793 773 men-

1000 789 1044 816 tiri
1059 794 1185 825 nequeat,
1209 794 1237 817 et
1262 789 1314 818 hoc
1334 789 1549 818 demonstratum
1573 790 1618 824 sit,
1643 791 1714 827 quod
1739 799 1794 819 non

999 841 1094 863 omnes
1105 834 1206 862 divitia:
1223 842 1239 862 a
1260 835 1316 863 Deo
1329 836 1396 869 sint;
1421 835 1566 864 difficultas
1579 836 1654 865 venit
1665 845 1697 864 ex
1711 837 1796 866 imbe-

999 879 1111 908 cillitate
1123 887 1217 908 eorum
1233 881 1277 916 qui
1294 888 1348 909 non
1361 882 1532 911 considerato
1545 882 1647 918 legunt.
1664 882 1700 911 Et
1711 890 1795 918 opor-

1001 930 1071 954 teret
1079 926 1187 961 quidem
1201 935 1249 954 vos
1263 927 1408 960 dimittere,
1422 935 1484 956 cum
1505 928 1532 956 in
1549 928 1601 957 hoc
1625 927 1794 964 Scripturam

1001 974 1035 1001 ab
1047 973 1146 1002 oblatis
1158 974 1319 1002 criminibus
1339 974 1524 1009 liberavimus.
1541 980 1570 1003 ut
1590 975 1640 1003 bas
1653 975 1732 1004 nobis
1748 984 1795 1004 ve-

1001 1023 1064 1046 strae
1076 1019 1102 1046 in
1114 1019 1236 1055 legendis
1245 1019 1391 1055 Scripturis
1401 1020 1570 1056 negligentia:
1581 1020 1680 1049 daretis
1691 1028 1796 1056 pinnas:

1002 1071 1094 1092 verum
1109 1064 1171 1099 quia
1189 1065 1263 1093 vobis
1278 1064 1423 1093 admodum
1440 1073 1532 1100 pareo,
1557 1070 1586 1094 et
1608 1074 1662 1094 non
1687 1074 1795 1101 possum

1002 1110 1117 1145 amplius
1128 1110 1222 1138 videre
1235 1118 1283 1139 vos
1295 1111 1481 1144 conturbatos,
1496 1119 1547 1146 age
1559 1111 1722 1140 Solutionetu
1737 1111 1800 1140 ιαου

1003 1164 1103 1190 ratnus,
1118 1158 1205 1192 primo
1215 1165 1277 1185 eum
1289 1158 1335 1193 qui
1354 1157 1422 1185 dixit
1442 1163 1634 1192 memorantes,
1649 1164 1677 1186 et
1692 1160 1800 1195 quando

1003 1203 1103 1231 dictum
1116 1203 1208 1236 fuerit,
1219 1208 1247 1231 et
1260 1203 1295 1231 ad
1310 1210 1454 1239 quosnam.
1469 1203 1561 1240 Neque
1575 1205 1647 1233 enim
1659 1205 1730 1233 Deus
1738 1213 1799 1234 cum

1004 1249 1129 1277 omnibus
1140 1249 1265 1277 similiter
1273 1249 1406 1285 loquitur;
1420 1254 1449 1278 ut
1463 1258 1552 1286 neque
1569 1258 1619 1279 nos
1630 1259 1691 1279 cum
1710 1252 1801 1287 pueris

1005 1298 1031 1321 et
1041 1301 1102 1321 cum
1115 1294 1177 1322 viris
1185 1295 1309 1322 similiter
1317 1296 1399 1323 verba
1412 1296 1534 1324 facimus.
1543 1296 1721 1331 Quandonam
1734 1305 1807 1333 ergo-

1005 1340 1107 1367 dictum
1129 1345 1188 1374 est.
1204 1345 1232 1368 et
1243 1348 1259 1368 ει
1272 1348 1326 1376 quo
1336 1362 1343 1375 ,
1359 1347 1388 1369 et
1401 1342 1434 1369 ad
1445 1342 1596 1377 quosnam?
1611 1344 1632 1370 Α
1656 1343 1802 1372 Saiiimone

1007 1386 1034 1413 in
1046 1384 1136 1414 Veteri
1156 1386 1189 1414 ad
1209 1386 1328 1419 Judaws,
1342 1387 1388 1422 qui
1407 1387 1472 1414 nihil
1494 1387 1567 1415 aliud
1583 1388 1706 1416 sciebant
1721 1396 1801 1424 quam

1007 1432 1155 1465 sensibilis,
1166 1437 1193 1460 et
1206 1432 1241 1460 ab
1256 1432 1289 1459 iis
1305 1432 1352 1460 Dei
1368 1432 1493 1460 virtutem
1510 1433 1670 1468 probabant.
1685 1433 1717 1461 lli
1729 1434 1802 1462 enim

1007 1483 1071 1506 sunt
1093 1479 1138 1514 qui
1156 1478 1302 1507 dicebant:
1317 1478 1451 1514 Numquid
1473 1484 1498 1507 et
1523 1488 1616 1515 pauent
1637 1481 1728 1515 poterit
1743 1481 1804 1509 durs

1008 1523 1094 1560 (Psal.
1110 1525 1154 1552 7⁵1.
1166 1523 1275 1560 Ξογέει,
1286 1524 1360 1558 Quod
1373 1525 1475 1561 signum
1490 1526 1602 1554 ostendis
1614 1525 1685 1554 nobis
1697 1525 1803 1561 (Matth.

1009 1571 1053 1599 12.
1068 1572 1133 1607 ‘58)?
1145 1570 1235 1598 Patres
1246 1571 1325 1598 nostri
1336 1571 1554 1599 ntanducatverunt
1567 1580 1661 1599 manna
1670 1572 1696 1599 in
1707 1571 1806 1601 deserto

1009 1616 1101 1652 (Jaan.
1117 1616 1144 1645 6.
1170 1616 1227 1652 5|).
1253 1615 1368 1649 Quorum
1384 1616 1447 1644 deus
1462 1622 1545 1644 rentu-
1558 1617 1689 1653 (Phiiipp.
1703 1616 1733 1645 5.
1749 1617 1805 1653 i9).

1009 1663 1142 1696 Quoniam
1158 1662 1238 1698 igitur
1257 1670 1290 1690 ex
1313 1663 1345 1690 iis
1365 1663 1439 1690 illum
1461 1663 1634 1697 exercebant,
1648 1663 1714 1691 dicit
1727 1663 1805 1699 ipsis.

1011 1709 1067 1737 Hoc
1081 1717 1187 1745 quoque
1201 1713 1290 1743 potest
1306 1709 1387 1741 Deus.
1402 1713 1430 1737 et
1443 1709 1541 1737 divites
1554 1709 1644 1737 facere
1656 1713 1684 1737 et
1699 1712 1807 1745 paupe-

1011 1763 1072 1788 res;
1087 1762 1141 1783 non
1156 1754 1228 1789 quod
1244 1754 1356 1782 omnino
1371 1754 1430 1788 ipse
1443 1754 1534 1788 faciat,
1556 1754 1605 1782 sed
1624 1754 1694 1790 quod
1710 1754 1806 1790 possit.

1011 1801 1119 1836 quando
1131 1801 1262 1829 voluerit:
1277 1805 1304 1828 ut
1316 1806 1344 1828 ct
1356 1800 1464 1836 quando
1476 1801 1585 1835 dixerit,
1598 1801 1649 1834 Qui
1658 1802 1724 1829 ηιατὶ
1735 1809 1807 1829 eoin-

1012 1848 1134 1881 minatur,
1151 1851 1174 1874 et
1187 1847 1295 1874 mittat
1308 1845 1386 1878 illud,
1400 1851 1424 1873 et
1434 1854 1521 1874 omnes
1533 1847 1626 1882 ﬂuuios
1638 1847 1665 1874 in
1679 1847 1807 1876 desertum

1011 1893 1129 1929 redigens
1149 1892 1279 1929 (Nahum.
1305 1892 1332 1920 Ι.
1355 1892 1402 1928 ι);
1418 1898 1580 1928 quamquam
1596 1892 1647 1921 hoc
1660 1900 1806 1928 numquam

1012 1941 1111 1967 tinctum
1120 1944 1171 1967 est.
1180 1938 1322 1973 Quomodo
1335 1938 1418 1974 igitur
1431 1938 1495 1966 illud
1509 1939 1640 1975 propheta
1655 1939 1738 1967 dicit!
1747 1939 1806 1967 Non

1012 1985 1084 2020 quod
1096 1992 1205 2019 semper
1218 1985 1275 2017 iiut,
1288 1984 1337 2012 sed
1350 1984 1422 2020 quod
1438 1985 1497 2019 ipse
1510 1985 1595 2020 possit
1605 1984 1705 2013 facere.
1720 1985 1806 2019 Quam

1013 2037 1078 2065 ergo
1103 2034 1289 2066 paupertatem
1311 2029 1357 2057 dat
1375 2035 1403 2057 et
1423 2037 1491 2066 quas
1512 2029 1641 2058 divitias?
1653 2030 1808 2059 Recordare

1015 2076 1186 2111 patriarchtn,
1201 2080 1229 2104 et
1243 2076 1314 2103 scies
1336 2083 1460 2112 quaenam
1480 2084 1496 2104 ι
1511 2076 1568 2104 Deo
1581 2076 1680 2105 dentur
1692 2076 1806 2106 divitia.

1014 2122 1080 2149 Nam
1096 2121 1278 2149 Abrabamum
1295 2121 1352 2157 ipse
1366 2121 1478 2149 divitem
1502 2121 1633 2154 reddidit;
1656 2127 1684 2150 et
1697 2127 1760 2158 post
1773 2123 1807 2150 ii-

1014 2169 1069 2195 lum
1080 2167 1187 2201 Jobum,
1200 2172 1267 2195 utet
1281 2167 1339 2202 ipse
1350 2167 1433 2195 dicit:
1450 2167 1481 2195 Si
1498 2166 1565 2195 bona
1579 2168 1681 2202 quidem
1690 2169 1806 2204 εαρφὶο

1015 2222 1071 2240 mur
1083 2222 1099 2240 α
1111 2213 1234 2245 Domino.
1256 2213 1325 2241 mala
1337 2218 1421 2240 autem
1435 2222 1486 2241 non
1499 2214 1678 2242 sustinebimus
1689 2213 1762 2251 (Job.
1776 2215 1807 2245 ἣ.

1016 2260 1081 2296 10)?
1092 2261 1125 2288 Et
1139 2260 1232 2289 Jacobi
1248 2260 1349 2288 divitia:
1363 2260 1427 2288 inde
1439 2261 1544 2288 initium
1561 2267 1745 2297 sumpsermit.
1761 2263 1809 2291 Est.

1014 2312 1105 2335 autem
1118 2312 1145 2334 et
1167 2306 1310 2342 paupertas
1322 2307 1357 2334 ab
1370 2314 1404 2334 eo
1418 2306 1570 2338 laudabilis.
1586 2314 1667 2343 quam
1681 2308 1716 2336 illi
1732 2308 1808 2337 diviti

1017 2360 1079 2381 tunc
1091 2354 1252 2381 conciliabat
1271 2354 1384 2381 dicens:
1400 2353 1433 2382 Si
1453 2353 1490 2381 vis
1510 2356 1636 2390 perfectus
1650 2362 1716 2387 esu,
1731 2356 1810 2383 renda

1015 2407 1072 2435 quin
1082 2399 1169 2433 habes,
1180 2403 1203 2426 et
1211 2399 1245 2426 da
1259 2400 1421 2435 pauperibus,
1433 2403 1457 2426 et
1468 2399 1526 2426 veni
1536 2407 1638 2434 sequere
1647 2408 1686 2427 me
1699 2400 1810 2436 (Matth.

1016 2445 1061 2473 19.
1073 2444 1137 2481 2|);
1151 2449 1178 2473 ct
1191 2444 1332 2479 discipulis
1346 2452 1453 2473 rursum
1472 2445 1559 2481 legem
1574 2449 1698 2474 statuens
1716 2454 1748 2475 ac
1766 2447 1811 2476 di—

1016 2499 1099 2519 cens:
1112 2491 1200 2519 Nolite
1221 2492 1349 2526 possidere
1361 2488 1464 2525 aurum,
1481 2500 1562 2527 neque
1574 2496 1813 2530 arqentuntmsque

1017 2539 1080 2565 duas
1094 2539 1191 2565 tunicas
1206 2536 1282 2574 (Luc.
1296 2539 1322 2565 9.
1335 2537 1375 2573 5).
1384 2533 1423 2566 Ne
1431 2538 1521 2573 itaque
1533 2538 1606 2566 dicas
1618 2538 1705 2574 ipsum
1715 2540 1811 2573 omna

1017 2584 1083 2612 dare
1095 2584 1219 2611 divitias:
1234 2591 1295 2610 nam
1308 2583 1522 2612 dmuonstratum
1543 2588 1586 2611 est
1602 2588 1632 2612 et
1643 2592 1678 2613 ex

1019 2636 1045 2657 ιιι
1055 2637 1087 2657 cx
1101 2629 1202 2664 rapinis
1217 2635 1244 2657 et
1256 2637 1290 2657 ex
1305 2630 1379 2657 mille
1388 2630 1449 2657 aliis
1464 2630 1653 2658 occasionibus
1665 2630 1737 2666 ipsa:
1749 2630 1812 2659 cal-

1019 2676 1075 2710 ligi.
1085 2675 1138 2703 Sed
1155 2682 1248 2702 rursus
1259 2674 1292 2701 ad
1305 2675 1423 2710 priorem
1437 2675 1617 2710 qumstionem
1627 2682 1718 2703 seruio
1730 2675 1813 2704 Mdu-

1018 2726 1104 2748 catur.
1118 2720 1146 2748 Si
1161 2721 1233 2748 enim
1244 2720 1278 2748 ad
1295 2721 1361 2748 nihil
1373 2720 1451 2748 nobis
1466 2721 1547 2749 utiles
1560 2721 1658 2749 divites
1670 2726 1743 2754 sunt,
1761 2728 1812 2749 our

1020 2766 1083 2795 facti
1098 2765 1189 2794 fuero?
1203 2766 1266 2802 quid
1279 2774 1346 2802 ergo
1357 2767 1523 2795 dixerimus?
1537 2767 1614 2802 Quod
1635 2767 1662 2794 hi
1677 2774 1729 2795 non
1745 2773 1809 2801 pro-

1020 2812 1083 2845 sint,
1099 2812 1144 2848 qui
1159 2819 1189 2840 se
1201 2812 1241 2840 sic
1249 2812 1348 2840 divites
1361 2812 1490 2846 reddunt;
1504 2818 1534 2840 ut
1545 2813 1582 2840 illi
1598 2813 1644 2849 qui
1656 2820 1671 2841 a
1684 2814 1737 2841 Deo
1749 2812 1811 2841 tacti

1021 2866 1093 2896 situt,
1108 2861 1184 2889 valde
1198 2866 1259 2889 sunt
1274 2861 1362 2890 utiles.
1375 2858 1433 2886 Hoc
1447 2859 1480 2887 ab
1495 2858 1602 2886 illorum
1614 2856 1810 2892 Modius.
