2034 3109
223 158 284 187 195

225 217 331 246 Etenim
344 215 478 244 Abraham
492 212 640 250 peregrinis
659 215 687 239 et
707 210 800 246 egenis
814 207 939 236 omnibus
953 214 1014 242 pos-

167 290 171 293 .
221 264 331 292 sidebat
352 262 469 290 divitias.
492 259 541 287 Ille
553 259 625 287 euint
640 264 701 285 cum
716 255 888 283 advenissent
910 257 974 286 tres,
989 257 1018 280 ut

223 309 405 340 eaistimabat,
421 306 555 339 homines,
569 304 655 332 vitulo
668 307 784 331 mactato
795 301 931 336 tribusque
943 299 1014 327 simi-

209 369 217 377 π
226 357 259 383 l:e
269 354 402 383 mensuris
417 351 546 384 subactis,
556 350 582 378 in
592 349 714 384 ostioque
724 347 822 376 sedens
830 351 951 382 tempore
960 352 1016 372 me-

220 402 341 433 ridiano,
349 399 489 428 considera
498 404 558 425 cum
566 400 665 432 quanta
674 394 833 423 liberalitate
841 397 868 421 et
878 392 1016 420 alacritate

220 456 270 475 sua
281 446 405 474 omnibus
420 443 596 480 impenderet,
608 449 670 470 eum
690 440 812 477 pecuniis
826 439 905 467 etiam
921 444 1016 473 corpo-

223 495 261 521 ris
274 491 452 521 ministerium
464 489 605 523 adhibens,
619 493 646 516 et
661 487 718 515 hate
726 487 752 514 in
764 490 838 514 tanto
849 485 936 513 senio.
948 484 1015 512 Por-

214 539 482 573 -tuserat:hospitum
495 543 642 571 eorumque
657 534 702 570 qui
717 534 743 562 in
753 532 916 562 necessitate
924 535 1012 562 erant,

222 588 288 616 nihil
299 587 348 615 sibi
358 586 493 622 proprium
505 584 655 620 possidens,
667 589 718 610 nee
730 582 811 609 etiam
823 579 908 607 lilium
918 585 1013 606 suum:

223 635 279 663 Deo
292 640 409 668 namque
421 632 536 668 iubente
551 630 624 658 ltunc
644 628 727 657 etiam
743 627 867 659 tradidit;
883 633 943 653 cum
960 624 1015 652 lilio

221 685 312 708 autent
323 679 441 714 seipsutn
455 677 540 711 dedit,
554 680 584 704 et
597 680 679 703 totam
694 674 815 706 domum,
831 671 938 708 quando
957 674 1014 697 stu-

222 725 303 754 debat
318 723 408 752 fratris
423 723 505 751 lilium
519 721 633 756 eripere.
654 720 686 747 Et
704 719 763 746 Ittee
776 717 891 745 faciebat
902 723 956 743 non
969 722 1016 750 pe-

221 771 359 800 cuniarum
374 775 465 802 causa,
482 767 530 795 sed
550 774 584 795 ex
600 764 764 793 humanitate
778 763 846 790 sola.
861 761 928 789 Cum
942 760 1014 788 enim

215 818 309 852 ipsum
329 815 517 844 manubiarum
539 812 676 840 dominunt
701 810 822 837 fecerunt
844 807 890 843 qui
908 806 942 834 ab
956 805 1014 840 ipso

220 851 319 892 servati
330 862 445 895 fuerant,
469 867 557 896 usque
569 857 601 885 ad
614 857 686 885 ﬁlum
707 853 882 890 subtegmittis
893 856 920 880 et
930 851 1015 880 corri-

220 911 289 946 giam
304 907 480 937 caiceamenti
491 906 579 934 omnia
590 902 733 932 recusavit.

255 956 282 982 7.
297 953 370 982 Talis
382 957 442 980 erat
450 957 478 980 et
492 951 587 979 beatus
601 948 652 977 Job
665 957 671 975 :
688 947 796 976 etenim.
805 945 905 974 Ostium
920 952 1012 976 meum,

221 1001 316 1036 inquit,
330 998 400 1026 omni
413 997 522 1026 venienti
542 1000 660 1032 apertum
677 997 742 1021 erat.
758 992 815 1028 Ego
834 998 905 1018 erant
926 989 1014 1017 oculus

220 1035 343 1073 (tremunt
355 1048 380 1072 et
401 1051 446 1079 pet
467 1041 635 1073 dandorum;
659 1046 705 1075 ego
719 1045 788 1065 cram
810 1041 882 1072 pater
896 1035 1013 1069 infirmo-

219 1099 295 1123 rum;
321 1090 384 1126 {oris
407 1092 493 1116 autem
508 1095 560 1114 non
580 1085 697 1114 manebat
710 1085 801 1118 hospes
815 1080 886 1117 (Job.
967 1079 1012 1107 τοὶ.

219 1143 242 1165 ει
252 1137 299 1165 29.
316 1125 360 1164 l5.
381 1135 445 1170 l6):
461 1132 561 1162 infirmi
574 1135 676 1164 autem,
691 1129 714 1157 si
728 1127 836 1165 quando
848 1133 915 1161 opus
930 1125 1014 1153 habe-

221 1184 296 1216 bant,
312 1189 366 1209 non
392 1179 611 1211 frustrabantur;
638 1183 725 1211 neque
749 1174 798 1202 sivi
823 1172 958 1201 infirmum
980 1178 1013 1199 ex

220 1229 292 1258 ostio
305 1235 365 1256 meo
379 1227 439 1254 sinu
454 1232 539 1253 vacuo
554 1224 639 1251 exire.
660 1221 695 1249 Et
715 1220 757 1248 his
772 1219 856 1246 multo
877 1218 962 1253 plura,
980 1224 1014 1245 ne

219 1274 310 1302 omnia
334 1280 404 1301 nune
423 1275 622 1301 recenseamus,
644 1267 732 1295 lacere
755 1273 807 1292 non
821 1263 970 1295 desinebat,
986 1262 1013 1289 in

214 1326 320 1356 egenos
332 1324 428 1346 omnes
449 1315 557 1344 divitias
578 1318 753 1342 consumens.
775 1310 822 1337 Vis
847 1308 928 1337 etiam
953 1307 1014 1334 illos

220 1352 318 1394 divites
338 1364 439 1396 videre,
454 1362 500 1398 qui
517 1369 532 1388 ει
546 1361 602 1389 Deo
615 1367 669 1386 non
685 1358 753 1385 tales
770 1355 829 1384 facti
843 1359 914 1386 suttt,
929 1357 958 1380 ut
970 1352 1013 1380 di-

219 1419 280 1439 scas
294 1408 430 1446 quomodo
445 1407 545 1435 divitiis
560 1406 614 1433 sint
628 1403 691 1431 usi?
710 1402 778 1430 Vide
794 1401 868 1428 illum
886 1399 931 1434 qui
952 1406 1013 1426 cunt

217 1444 331 1488 Lazaro,
340 1455 385 1490 qui
400 1462 435 1482 ne
449 1453 533 1481 micas
542 1451 650 1487 quidem
661 1449 741 1477 dabat
753 1456 760 1481 ;
775 1447 835 1474 vide
847 1444 1012 1476 Acltaabunt,

222 1511 947 1532 ___________.__.__._——.

587 152 614 182 S.
634 137 773 181 JOANNIS
783 148 1018 178 ειιιιγδοετυιιι
1038 147 1196 175 ARClllEP.
1216 146 1479 176 CONSTANTINOP.

1802 149 1855 178 296

1069 207 1114 242 qui
1136 211 1163 234 et
1184 206 1290 234 vineam
1311 207 1417 242 rapuit;
1440 206 1501 235 vide
1515 206 1600 242 Gieai,
1618 208 1677 236 vide
1697 216 1794 238 omnes
1814 209 1858 245 qui

1070 253 1222 288 hujusmodi
1246 252 1331 281 fuere.
1355 253 1420 281 Nam
1436 254 1480 288 qui
1499 254 1572 288 juste
1597 255 1744 289 possident,
1767 260 1860 291 utpote

1068 299 1112 334 qui
1136 305 1151 325 a
1174 298 1230 326 Deo
1245 299 1407 333 acceperint.
1422 299 1568 327 secundum
1582 300 1628 328 Dei
1652 305 1784 335 praecepta
1807 302 1863 328 im-

1069 344 1389 380 pendunt;quiautemin
1398 345 1563 379 acquirendo
1579 346 1662 373 Deunt
1677 346 1858 380 oft‘endernnt,

1070 394 1097 418 et
1111 390 1137 417 in
1150 390 1277 424 expensis
1286 397 1392 424 quoque
1407 389 1521 425 idipsum
1535 390 1648 423 faciunt,
1664 392 1691 419 in
1705 393 1860 420 meretrices

1068 440 1096 465 et
1105 436 1234 471 parasitos
1246 436 1421 470 insumentes,
1434 441 1481 464 aut
1494 437 1668 467 sull'odientes
1680 438 1721 465 vel
1735 438 1860 466 clauden-

1068 487 1118 515 tes,
1136 483 1162 510 in
1178 482 1331 510 mendicum
1346 487 1435 510 autem
1450 483 1516 510 nihil
1532 489 1684 519 erogantes.
1700 485 1731 512 Et
1744 492 1802 517 cur,
1816 485 1859 512 in‘

1067 528 1152 563 quies,
1173 528 1305 563 permittit
1318 528 1388 556 Deus
1403 533 1432 556 ut
1445 529 1512 557 tales
1533 529 1655 557 homines
1676 530 1730 558 sint
1742 530 1860 558 divites?

1067 575 1134 609 Quia
1160 574 1264 610 patiens
1284 579 1335 608 est,
1350 575 1412 610 quia
1427 575 1485 603 vult
1498 582 1548 603 nos
1562 576 1596 604 ad
1611 577 1795 611 penitentiam
1809 577 1859 603 ad-

1067 620 1177 653 ducere,
1187 621 1248 655 quia
1261 621 1410 656 gehennam
1426 621 1597 657 praeparavit,
1609 622 1671 657 quia
1684 621 1755 650 diem
1766 623 1860 650 statuit

1067 666 1093 694 itt
1106 673 1155 702 qua
1166 666 1333 701 judicaturus
1343 670 1385 694 est
1399 666 1502 695 orbem.
1512 667 1540 695 Si
1555 672 1644 696 autem
1659 668 1750 695 statim
1762 668 1860 696 divites

1067 712 1206 747 plecteret,
1220 712 1364 740 Zacchmus
1379 720 1432 740 non
1447 712 1585 740 habuisset
1606 717 1710 748 tempus
1723 714 1756 740 ad
1771 714 1858 748 paeni-

1068 758 1189 791 tentiam,
1207 759 1242 785 ita
1262 762 1291 785 ut
1305 758 1429 786 redderet
1443 758 1621 793 quadruplum
1632 765 1727 786 eorum
1740 766 1801 793 qua:
1814 766 1859 785 ra-

1066 808 1170 839 puerat,
1186 807 1213 831 et
1226 803 1367 831 dimidium
1390 803 1471 831 etiam
1491 803 1625 831 bonorum
1649 811 1760 831 suorum
1775 803 1858 831 addc-

1067 853 1126 876 ret:
1142 856 1196 877 non
1220 848 1359 876 Matthmus
1381 853 1485 884 tempus
1509 848 1646 877 habuisset
1660 853 1689 876 ut
1709 853 1859 877 mutaretur

1066 900 1093 922 et
1103 895 1177 922 lieret
1190 895 1335 930 apostolus,
1347 895 1368 922 si
1381 900 1445 922 ante
1455 898 1637 930 opportuttum
1650 898 1755 930 tempus
1767 899 1859 930 raptus

1067 941 1178 970 fuisset:
1195 947 1246 968 nou
1262 940 1307 967 alii
1329 940 1405 968 multi
1421 941 1533 968 similes.
1551 941 1694 976 Propterea
1709 946 1856 976 exspectat,

1066 986 1098 1014 ad
1113 985 1295 1021 pmnitentiatu
1308 994 1401 1014 omnes
1416 993 1525 1014 vocans.
1536 985 1564 1014 Si
1577 993 1642 1013 vero
1655 986 1800 1019 noluerint,
1810 987 1857 1014 sed

1069 1032 1095 1060 in
1118 1032 1212 1060 iisdem
1235 1032 1442 1067 permanserint,
1458 1032 1566 1060 audient
1579 1032 1691 1060 Paulum
1706 1032 1857 1060 dicentem:

1067 1079 1141 1112 Quod
1152 1080 1289 1110 secundum
1304 1079 1422 1106 duritiem
1436 1087 1524 1106 eorum
1543 1083 1566 1106 et
1579 1079 1738 1113 impunitate
1748 1088 1792 1106 cor
1804 1081 1859 1107 tlte-

1064 1124 1193 1151 sauriunt
1205 1124 1253 1152 sibi
1269 1125 1335 1151 iram
1347 1125 1373 1151 in
1387 1125 1427 1151 die
1440 1125 1486 1152 ira
1502 1129 1526 1151 et
1537 1125 1697 1153 reuelationis
1710 1130 1734 1152 et
1743 1126 1808 1160 justi
1816 1126 1860 1161 jn-

1066 1170 1125 1196 dicii
1138 1169 1188 1197 Dei
1201 1170 1289 1202 (Rom.
1301 1169 1329 1197 2.
1341 1169 1380 1206 5).
1392 1169 1478 1205 Quam
1503 1171 1569 1198 iram
1583 1175 1612 1198 ut
1627 1171 1770 1207 fugiamus,
1790 1171 1860 1199 dite-

1066 1224 1127 1243 ntur
1139 1216 1241 1244 divitiis
1255 1216 1420 1250 cmlestibus,
1439 1221 1467 1244 et
1482 1217 1643 1245 laudabilem
1668 1225 1860 1253 persequamur

1065 1266 1259 1297 paupertatem.
1273 1262 1311 1289 lta
1323 1262 1394 1290 enim
1406 1267 1432 1290 et
1443 1262 1561 1290 czelestia
1571 1270 1770 1298 consequemur
1776 1263 1858 1296 dona,

1066 1315 1126 1342 qua:
1141 1307 1242 1337 utinam
1258 1314 1308 1334 ttos
1327 1304 1550 1342 omnes'adipisci
1566 1308 1714 1343 contingat,
1730 1309 1815 1343 gratia
1834 1313 1862 1336 et

1066 1353 1229 1389 benignitate
1244 1354 1350 1381 Domini
1362 1354 1446 1381 nostri
1459 1354 1525 1383 .lesu
1539 1354 1651 1388 Clu-isti,
1664 1355 1771 1389 quicntu
1788 1355 1860 1382 Patri

1067 1406 1173 1434 uttaque
1181 1398 1290 1434 Spiritui
1302 1403 1396 1426 sancto
1406 1398 1501 1434 gloria,
1513 1399 1667 1433 intperium,
1683 1399 1780 1432 honor,
1790 1407 1862 1428 nunc

1067 1449 1094 1472 et
1108 1451 1215 1480 semper
1230 1448 1258 1472 et
1272 1443 1298 1471 in
1309 1444 1408 1473 saecula
1424 1444 1596 1472 stcculorum.
1613 1445 1710 1472 Amen.

889 1549 1062 1582 HOMILIA
1086 1548 1222 1580 XXXV.

219 1636 287 1664 Cn.
305 1634 348 1662 Η.
363 1640 389 1660 v.
406 1633 433 1660 i.
445 1629 630 1665 Pet-sequimini
640 1628 781 1660 caritatem,
792 1623 951 1653 tumulantiui
966 1621 1018 1657 rpi-

358 1679 474 1712 rituolia,
487 1677 567 1712 magis
579 1681 663 1703 autent
678 1679 706 1701 ut
718 1671 881 1709 prophetetit.

239 1746 243 1748 »
261 1729 286 1757 t.
307 1727 376 1762 Quia
397 1725 470 1754 enini
491 1731 552 1752 cum
573 1722 746 1750 accurationc
759 1718 880 1747 caritatis
893 1717 1017 1745 virtutem

219 1782 332 1807 omnem
355 1773 409 1801 illis
431 1770 578 1804 recensuit,
593 1769 628 1796 de
640 1772 740 1796 caetero
763 1766 886 1793 hortatur
909 1768 935 1791 ut
957 1770 1018 1790 cum

221 1821 364 1849 alacritate
377 1818 451 1847 illam
464 1816 660 1851 amplectantur
673 1822 680 1841 :
696 1813 811 1847 ideoque
823 1809 939 1842 dicebat,
955 1807 1021 1835 Pcr-

226 1865 368 1902 eeqtu‘ntiui.
381 1863 450 1892 Nam
462 1862 508 1898 qui
523 1861 703 1897 persequitur,
722 1857 788 1886 illud
805 1856 896 1885 soluat
909 1854 1020 1890 respicit

226 1899 298 1948 quod
322 1909 502 1946 persequitur.
525 1911 553 1935 et
573 1906 607 1933 ad
632 1904 696 1933 illud
721 1903 815 1936 tundit,
841 1909 891 1929 nec
914 1899 1021 1928 desistit

227 1946 314 1986 donec
329 1955 452 1991 accipiat.
467 1953 519 1988 Qui
543 1951 724 1988 persequitur,
745 1957 806 1977 cum
831 1955 878 1983 per
902 1946 1019 1981 seipsum

227 2012 280 2032 tton
295 2007 395 2038 potest,
410 2009 458 2037 per
471 2008 519 2028 cos
537 1999 583 2034 qui
598 2002 661 2026 ante
683 1997 759 2024 illum
782 1999 853 2027 sunt,
876 1993 1019 2028 fugientem

228 2048 417 2085 apprehendit,
431 2053 480 2075 eos
493 2045 537 2081 qui
554 2051 638 2080 prope
659 2047 721 2070 stutt
739 2049 800 2070 cum
815 2047 912 2075 tnagtto
933 2038 1022 2066 studio

228 2084 387 2127 adhortans,
401 2097 431 2124 ut
445 2092 585 2120 detineant
602 2093 630 2117 et.
649 2091 757 2116 servent
778 2093 840 2114 eum
862 2084 906 2120 qui
929 2088 1022 2118 capttts

229 2142 290 2175 fuit,
304 2140 392 2168 donec
405 2138 450 2166 ille
463 2135 610 2164 advenerit.
626 2134 683 2162 lloc
697 2139 746 2160 nos
756 2138 862 2167 quoque
876 2129 1020 2157 faciamus:

230 2195 290 2215 tum
303 2185 353 2221 ipsi
369 2192 422 2212 non
438 2181 610 2218 pervenimus
622 2179 656 2207 ad
668 2178 817 2210 caritatem,
827 2183 874 2203 eos
884 2175 928 2211 qui
938 2181 1023 2210 prope

229 2238 293 2261 sunt
304 2231 449 2267 jubeamus
463 2236 524 2257 eam
544 2227 676 2259 detinere,
690 2225 775 2252 donec
790 2223 977 2259 perveniamus
990 2221 1023 2248 ad

232 2280 323 2308 illaut:
337 2277 435 2306 deinde
445 2283 506 2303 cum
518 2271 786 2309 appreltenderimus,
802 2278 837 2299 ne
850 2269 918 2297 ultra
932 2268 1023 2296 dimit-

231 2330 320 2353 tamus
339 2330 415 2354 eant,
431 2330 464 2349 tte
479 2327 571 2349 rurSus
586 2327 600 2346 a
617 2318 695 2346 nobis
717 2317 810 2352 fugiat.
826 2315 941 2343 Assidue
953 2314 1024 2342 vstitu

232 2378 247 2398 a
260 2370 337 2398 nobis
345 2366 511 2402 resilit,quia
525 2373 577 2393 non
589 2369 673 2400 utpar
682 2367 725 2391 est
735 2362 780 2391 illa
792 2362 955 2393 utiutnr,sea
968 2367 1026 2388 om-

234 2417 276 2445 nia
286 2415 313 2444 ei
326 2414 502 2450 prteferituus.
513 2412 576 2440 ideo
585 2410 676 2439 omnia
688 2413 794 2445 oportet
804 2408 903 2441 facere,
914 2412 942 2434 ut
953 2407 1024 2434 illam

233 2466 358 2491 accurate
373 2461 546 2489 retineamus.
558 2458 624 2486 Nam
639 2457 662 2486 li
675 2456 728 2484 hoc
742 2456 796 2488 fiat,
812 2462 865 2482 non
881 2453 964 2482 multo
977 2461 1025 2481 no-

235 2508 276 2536 bis
289 2507 417 2541 deinceps
430 2513 498 2541 opus
511 2504 564 2532 erit
586 2503 690 2535 labore,
707 2503 760 2529 imo
775 2508 808 2528 ne
824 2500 875 2528 levi
897 2499 1024 2534 quidctn',

234 2554 283 2582 sed
296 2554 322 2582 in
336 2552 438 2581 deliciis
462 2555 612 2582 versantes,
627 2549 725 2577 festum
746 2551 865 2583 agentes.
880 2553 928 2580 per
941 2553 1010 2580 adgll

235 2604 303 2628 stattt
318 2598 507 2629 virtutisviam
523 2596 687 2625 incedcmas.
702 2594 764 2622 Ideo
780 2594 827 2627 ait,
844 2591 1027 2626 Persequimt'ui

237 2654 303 2675 rem.
320 2644 422 2673 Deinde
434 2652 470 2672 ne
481 2647 617 2679 putarent,
632 2641 692 2670 ideo
708 2641 793 2676 ipsum
806 2639 839 2667 de
851 2639 962 2667 caritate
971 2646 1028 2665 ser-

237 2698 346 2719 monem
361 2689 509 2720 induxisse,
526 2693 555 2716 ιιι.
577 2687 737 2716 charismata
760 2686 951 2721 exstingueret,
966 2685 1017 2711 sub

235 2738 323 2774 jungit
340 2736 453 2764 dicens:
468 2734 642 2763 .Emulamini
665 2738 748 2760 autem
771 2731 926 2768 spiritualio,
949 2739 1028 2765 magi.

239 2791 322 2818 autem
340 2789 366 2812 tu
383 2783 546 2820 prophetetit.
559 2781 587 2809 2.
604 2781 653 2814 Qui
664 2781 731 2808 enim
744 2780 854 2814 loquitur
866 2779 964 2812 lingua,
979 2784 1028 2803 not.

239 2830 383 2859 hominibus,
400 2829 521 2863 loquitur,
536 2827 580 2855 sal
599 2826 674 2859 Deo;
697 2833 770 2853 uento
782 2824 848 2852 enim
860 2823 949 2855 audit;
966 2821 1029 2857 Spi-

241 2879 291 2906 zitu
307 2882 391 2907 autem
404 2877 517 2912 loquatur
539 2874 677 2911 mysteria:
691 2874 716 2902 5.
729 2873 771 2908 qui
785 2877 869 2899 autent
883 2869 1027 2906 prophetat,

1065 1621 1208 1649 hominibus
1223 1622 1334 1656 loquitur
1353 1622 1388 1650 ad
1407 1623 1603 1658 tediﬁcationem
1618 1629 1641 1651 et
1659 1623 1862 1651 exhortationem

1065 1671 1089 1693 et
1111 1667 1322 1694 consolationem.
1343 1667 1578 1703 Comparationem
1603 1669 1646 1698 hic
1668 1669 1776 1697 demum
1801 1669 1862 1696 facit

1066 1713 1269 1746 charismatum,
1279 1718 1307 1741 et
1322 1713 1472 1749 linguarum
1485 1714 1617 1743 charisma
1629 1715 1765 1749 deprimit,
1776 1721 1863 1749 neque

1067 1759 1176 1787 omnino
1196 1759 1289 1787 inutile
1302 1759 1459 1793 ostendens,
1474 1768 1562 1795 neque
1576 1760 1654 1789 valde
1667 1761 1732 1788 utile
1753 1768 1800 1795 per
1821 1767 1860 1787 se.

1067 1804 1133 1832 Nam
1147 1805 1292 1834 admodum
1307 1806 1334 1834 in
1349 1805 1401 1834 hoc.
1422 1806 1644 1839 iutumesccbant,
1659 1807 1720 1842 quia
1737 1814 1861 1842 magnum

1069 1852 1211 1887 putabatur
1238 1859 1299 1881 esse
1318 1852 1464 1881 charisma.
1487 1853 1614 1889 Magnum
1635 1861 1700 1882 vero
1723 1853 1863 1888 putabatur

1067 1905 1138 1931 esse,
1158 1898 1220 1933 quia
1246 1898 1336 1933 ipsum
1359 1898 1473 1934 primum
1498 1900 1613 1934 apostoli
1639 1904 1809 1935 acceperant,
1832 1904 1860 1926 et

1067 1951 1128 1971 cunt
1143 1949 1215 1972 tanta
1225 1944 1354 1980 dignitate
1368 1953 1400 1974 ac
1414 1946 1568 1980 splendore.
1588 1946 1680 1982 Neque
1700 1951 1788 1975 tamen
1803 1945 1863 1973 aliis

1069 1989 1129 2018 ideo
1143 1991 1314 2025 praestantius
1329 1995 1396 2019 erat.
1410 1991 1465 2019 Cur
1479 1999 1543 2027 ergo
1557 1996 1618 2021 ante
1638 1992 1690 2020 alia
1706 1991 1772 2019 illttd
1786 1998 1864 2019 acce-

1069 2041 1164 2072 perant
1175 2037 1312 2071 apostoli?
1324 2037 1390 2070 Quia
1406 2044 1455 2072 per
1469 2044 1565 2065 omnes
1576 2037 1651 2066 orbis
1666 2042 1756 2071 partes
1770 2044 1864 2072 perva-

1069 2082 1125 2110 suri
1136 2088 1212 2110 erant
1225 2091 1232 2109 :
1249 2087 1277 2110 et
1296 2082 1365 2110 sicut
1381 2083 1406 2109 in
1428 2087 1550 2117 tempore
1562 2090 1616 2118 quo
1631 2082 1699 2111 facta
1712 2087 1754 2110 est
1773 2081 1863 2115 turris,

1069 2129 1160 2164 lingua
1182 2137 1243 2165 qua:
1267 2133 1325 2159 erat
1350 2136 1402 2157 una
1420 2128 1590 2158 dividebatur
1611 2129 1638 2157 in
1663 2129 1762 2156 multas
1785 2127 1862 2164 (Gen.

1071 2176 1115 2210 li)
1128 2183 1134 2208 ;
1151 2175 1186 2203 ita
1199 2180 1262 2206 tunc
1277 2183 1337 2210 quae
1351 2179 1429 2204 erant
1444 2175 1546 2207 multm,
1560 2181 1633 2210 smpe
1648 2173 1722 2202 ibant
1735 2174 1769 2201 ad
1784 2181 1865 2201 uttutn

1071 2222 1225 2255 hominem;
1247 2227 1274 2250 et
1297 2222 1368 2251 idem
1390 2221 1470 2250 homo
1484 2221 1627 2249 Persarum
1642 2225 1670 2248 et
1682 2221 1866 2248 Romanorum

1070 2274 1099 2298 et
1112 2269 1236 2298 Indorum
1250 2274 1277 2296 et
1291 2269 1350 2296 aliis
1364 2269 1455 2296 tnultis
1470 2268 1630 2303 loquebatur
1643 2267 1750 2302 linguis,
1765 2267 1792 2294 in
1807 2267 1865 2301 ipso

1072 2316 1212 2343 insonante
1233 2314 1333 2350 Spiritu
1359 2323 1366 2342 :
1397 2319 1424 2342 et
1449 2313 1499 2341 ltoc
1522 2313 1657 2342 cltarisnta
1683 2312 1868 2347 appellabatur

1072 2361 1205 2390 cltarisma
1232 2368 1280 2388 seu
1302 2360 1402 2388 donum
1432 2360 1593 2395 linguarum,
1607 2359 1734 2394 quoniam
1762 2362 1868 2393 poterat

1072 2407 1153 2435 simul
1173 2407 1263 2435 multis
1285 2407 1358 2442 loqui
1374 2406 1481 2441 linguis.
1496 2405 1562 2433 Vide
1580 2412 1645 2440 ergo
1665 2403 1801 2439 quomodo
1825 2403 1867 2430 id-

1073 2454 1159 2489 ipsum
1174 2457 1202 2481 ct
1216 2452 1342 2488 deprimit
1360 2455 1388 2479 et
1402 2452 1516 2479 extollit.
1534 2451 1600 2479 Nam
1615 2449 1739 2482 dicendo,
1755 2449 1806 2482 Qui
1828 2450 1867 2476 lo-

1072 2500 1157 2530 quitur
1170 2499 1275 2533 linguit,
1291 2506 1341 2525 non
1357 2497 1499 2525 hominibus
1514 2496 1637 2532 loquitur,
1646 2495 1692 2523 sed
1709 2495 1781 2528 Deo;
1795 2502 1868 2521 nemo

1074 2546 1139 2573 enim
1161 2545 1244 2576 audit,
1265 2543 1398 2579 depressit
1413 2543 1492 2574 illud,
1506 2541 1653 2570 Ostendeus
1676 2548 1729 2568 non
1745 2547 1867 2575 magnam

1074 2599 1133 2619 esse
1145 2590 1287 2618 utilitatem
1301 2599 1308 2617 :
1324 2588 1510 2624 subiungendo
1523 2592 1624 2620 autem,
1637 2586 1739 2622 Spiritu
1757 2586 1868 2621 loquitur

1075 2635 1203 2672 mysteria,
1220 2643 1313 2666 rursus
1327 2634 1432 2666 extulit,
1450 2640 1483 2661 ne
1502 2633 1638 2660 videretur
1652 2639 1716 2660 esse
1738 2637 1868 2665 superi-a-

1074 2689 1187 2709 ganeum
1203 2685 1231 2708 et
1253 2679 1357 2712 inutile,
1373 2684 1400 2707 et
1414 2684 1514 2706 temere
1533 2685 1565 2706 ac
1586 2677 1683 2705 frustra
1697 2676 1801 2704 datum.
1818 2675 1868 2708 Qui

1075 2733 1158 2754 autem
1174 2726 1317 2762 prophetat,
1334 2724 1477 2752 hominibus
1503 2723 1614 2758 loquitur
1628 2723 1662 2749 ad
1676 2721 1868 2756 cdt/icmionem

1076 2778 1098 2800 et
1112 2773 1315 2800 adhortationem
1335 2778 1358 2798 et
1372 2770 1581 2799 consolationem.
1596 2768 1721 2797 Vidistin‘
1735 2767 1866 2794 undcnam

1076 2820 1198 2849 ostendat
1221 2819 1300 2854 hujus
1324 2818 1386 2847 doni
1413 2817 1610 2849 excellentiam,
1627 2823 1659 2844 ex
1683 2822 1716 2844 eo
1744 2812 1815 2849 quod
1842 2813 1868 2840 in

1077 2874 1218 2897 commune
1243 2864 1382 2898 conferat;
1410 2869 1435 2893 et
1464 2863 1598 2900 quomodo
1620 2862 1647 2890 id
1671 2861 1770 2897 ubique
1796 2867 1867 2896 prae-
