2034 3109
191 138 246 168 997

191 200 274 234 ponat
286 194 356 232 quod
372 195 401 223 lit
415 194 448 222 ad
474 193 618 222 multorum
643 192 808 220 utilitatem?
834 191 873 219 llli
897 191 980 223 enim,

170 250 300 279 -qnaeso,
327 249 416 270 annon
443 241 588 276 loquuntur
611 239 785 267 hominibus?
812 239 980 274 Loqunntur,

188 289 237 318 sed
261 296 315 316 non
339 287 419 315 talem
440 286 644 315 mdiﬁcationem
669 290 696 314 et
719 285 933 314 exhortationem
955 290 983 312 et

188 336 411 365 consolationem.

224 381 372 417 Propltetite
383 381 477 408 donum
490 380 558 407 dono
571 380 716 416 linguarum
729 379 981 415 prteslal.—Qttam-

188 429 284 457 obrem
305 436 321 456 ι
342 427 442 463 Spiritu
463 427 570 462 quidem
595 426 680 454 teneri
701 431 729 454 et
743 426 836 461 agitari
851 430 894 453 est
914 425 980 452 ulri-

187 482 241 510 que
254 481 398 502 commune
408 493 415 505 ,
432 477 460 500 et
471 473 496 499 ei
510 473 554 508 qui
570 473 730 508 prophetat,
744 475 771 499 et
783 471 807 499 ei
822 473 867 506 qui
883 471 982 506 linguis

188 520 330 556 loquitur:
347 519 373 547 in
388 520 440 547 hoc
452 523 540 546 autem
556 523 665 553 prmstat
687 519 754 553 ipse,
779 525 875 552 nempe
894 518 917 545 is
936 518 980 553 qui

188 565 352 602 prophetat,
367 564 437 600 quod
452 564 487 592 sit
499 565 580 591 etiam
595 563 670 591 utilis
683 564 716 591 iis
727 563 772 599 qui
786 563 908 590 audiunt.
926 563 980 591 Eos

186 613 260 641 enim
273 612 320 648 qui
333 611 430 646 linguis
444 610 630 646 loquebantur,
646 618 700 637 non
714 609 858 638 audiebant
871 610 916 645 qui
929 609 982 638 do-

187 665 253 686 num
269 665 322 685 non
339 656 482 684 habebant.
501 655 569 689 Quid
585 656 666 683 vero?
687 655 726 683 illi
742 655 880 683 nullumne
894 655 979 683 (edifi-

186 703 306 732 cabant?
319 703 410 735 Certe,
424 702 518 738 inquit,
532 702 637 737 seipsos
648 702 720 729 solos
733 710 740 728 :
754 706 780 729 et
793 701 852 729 ideo
867 701 980 736 subjun-

188 751 247 786 git,
262 750 289 778 ι.
306 749 356 782 Qui
371 749 481 784 loquitur
495 749 599 784 lingua,
618 748 780 783 semetipsum
802 748 924 782 aediﬁcat.
948 748 980 775 Et

188 795 335 831 quomodo,
354 795 376 822 si
391 796 476 823 nescit
489 802 547 830 quae
562 794 643 822 dicit?
661 794 713 822 Sed
729 802 800 821 nunc
815 794 931 829 loquitur
945 793 980 821 de

188 842 239 875 iis,
254 842 300 878 qui
314 842 402 869 sciumt
415 849 477 876 qua:
490 841 599 873 dicunt,
620 840 665 875 qui
680 840 728 875 ipsi
742 840 850 875 quidem
871 840 959 867 sciunt
969 861 976 872 ,

189 888 313 916 nesciunt
324 893 414 915 autem
428 887 488 914 aliis
504 887 656 914 enuntiare.
674 887 727 920 Qui.
738 891 820 914 autem
833 887 977 922 prophetat,

169 919 330 961 ‘Eeéleriam
350 933 472 967 aadi/ieat.
502 933 637 967 Quantum
659 919 748 960 autem
774 933 886 960 interest
910 934 978 960 inlcr

187 987 274 1007 unum
292 983 320 1007 et
342 979 510 1011 Ecclesium,
536 982 607 1005 tanta
623 983 664 1006 est
687 978 757 1006 inter
770 979 840 1006 hunc
855 984 882 1006 et
903 979 978 1006 illum

187 1024 348 1053 dili'erentia.
366 1025 490 1052 Vidistin‘
508 1024 566 1060 ejus
581 1025 739 1060 sapientiam
753 1046 760 1058 ,
778 1025 913 1060 quomodo
927 1026 978 1052 do-

187 1080 251 1100 num
271 1079 325 1100 non
346 1071 449 1106 redigat
463 1072 489 1099 in
513 1071 644 1104 nihilum,
665 1071 711 1099 sed
729 1071 853 1099 ostendat
878 1071 977 1099 habere

187 1119 296 1154 quidem
310 1119 433 1157 lucrum,
444 1118 492 1145 sed
516 1126 637 1152 parvum,
659 1124 685 1146 et
704 1118 774 1153 quod
797 1119 821 1146 ei
834 1118 919 1146 solum
933 1120 977 1154 qui

187 1165 308 1200 possidet
328 1164 460 1191 sufﬁciat?
477 1164 578 1192 Deinde
594 1172 627 1192 nc
649 1165 834 1192 existimarent
848 1165 918 1200 quod
938 1166 978 1193 eis

187 1210 309 1238 im'idcns
329 1211 433 1245 linguas
451 1209 583 1245 deprimat
599 1210 701 1246 (plures
714 1211 785 1238 enim
799 1219 831 1238 ex
847 1211 878 1237 iis
894 1211 977 1238 habe-

188 1256 252 1284 bant
265 1256 316 1283 hoc
337 1256 447 1290 donum)
461 1277 467 1288 ,
483 1255 662 1290 SuSpicionem
676 1263 769 1283 eorum
784 1256 920 1291 corrigens
934 1255 977 1283 di-

186 1303 220 1330 cit
238 1312 244 1330 :
261 1302 288 1330 5.
309 1301 370 1328 Volo
383 1307 466 1328 autem
479 1310 564 1329 omnes
580 1310 623 1328 vos
636 1301 704 1337 loqui
719 1303 822 1337 linguis,
835 1303 916 1338 magis
927 1311 976 1330 att-

171 1337 174 1339 Δ
187 1352 236 1374 tem
251 1348 411 1382 prophetare.
436 1346 504 1373 Nam
518 1348 600 1382 major
617 1352 653 1374 tat
671 1348 715 1382 qui
733 1347 886 1382 prophetat,
901 1356 977 1382 quant

185 1394 228 1430 qui
243 1393 354 1428 loquitur
370 1392 461 1428 linguis
471 1413 478 1426 ,
494 1393 542 1419 nisi
559 1394 623 1427 forte
637 1393 812 1428 interpretetur
822 1413 830 1426 ,
844 1398 871 1420 ut
886 1393 976 1421 Eccle-

185 1441 224 1467 sia
238 1440 431 1474 ludiﬁcationem
446 1439 563 1474 accipiat.
583 1439 664 1475 Magis
678 1444 768 1468 autem
782 1445 808 1467 et
821 1440 909 1467 minus
922 1448 976 1468 non

184 1491 248 1514 sunt
261 1493 295 1513 ex
310 1486 452 1513 contrariis
462 1507 469 1518 ,
485 1486 531 1513 sed
546 1493 578 1513 ex
594 1486 626 1513 iis
641 1494 700 1520 qua:
716 1491 886 1520 exsuperant.

219 1532 247 1558 2.
270 1532 450 1566 Quamobrem
471 1531 533 1559 hinc
548 1539 653 1567 quoque
667 1537 707 1559 est
721 1531 892 1567 perspicuum
905 1533 975 1567 quod

184 1576 285 1604 donum
313 1585 365 1604 non
392 1577 533 1611 vituperet,
563 1577 609 1604 sed
637 1584 685 1605 eos
707 1578 832 1606 ducatad
853 1578 972 1612 meliora,

183 1623 330 1651 ostendens
344 1631 371 1650 et
387 1631 465 1658 quam
483 1631 575 1650 eorum
596 1631 687 1650 curam
707 1628 799 1658 gerat,
816 1628 844 1651 et
856 1624 974 1652 animum

183 1669 217 1697 ab
230 1670 305 1697 omni
327 1669 424 1696 invidia
446 1669 572 1697 liberum.
595 1670 687 1705 Neque
702 1670 773 1697 enim
796 1671 885 1698 dixit:
902 1671 975 1698 Duos

183 1720 229 1743 aut
242 1720 308 1749 tres,
324 1716 382 1748 sed,
402 1715 451 1742 i'or
464 1724 548 1743 omnes
560 1716 614 1743 υοιυ
624 1717 718 1752 linguis
729 1717 797 1752 loqui
807 1725 816 1744 :
827 1725 913 1752 neque
925 1717 975 1745 hoc

183 1762 270 1789 solum
284 1782 292 1794 ,
316 1762 363 1789 sed
378 1762 458 1790 etiam
474 1762 634 1797 prophetare
653 1771 660 1789 :
679 1766 707 1790 ct
725 1762 775 1790 hoc
796 1763 879 1798 magis
894 1771 972 1798 quam

184 1806 268 1839 illud;
286 1807 372 1841 major
388 1812 428 1834 est
441 1807 512 1834 enim
529 1808 572 1842 qui
588 1807 739 1842 prophetat.
754 1808 819 1835 Nam
834 1813 973 1844 postquam

184 1852 209 1880 id
223 1852 392 1880 confirmavit
405 1857 432 1880 et
446 1853 649 1886 demonstravit,
661 1858 722 1881 tunc
734 1854 768 1881 de
782 1858 881 1882 cmlero
895 1855 974 1882 etiam

184 1899 349 1932 pronuntiat,
363 1906 416 1926 non
429 1904 517 1926 tamen
531 1899 662 1933 absolute,
676 1900 723 1928 sed
735 1908 795 1928 cum
806 1900 972 1935 adjectione:

184 1944 323 1978 subjunxit
337 1945 419 1978 cnim,
436 1945 495 1973 Nisi
509 1946 574 1980 forte
588 1947 783 1983 interpretetur:
797 1948 831 1975 ita
842 1952 872 1975 ut
887 1948 909 1974 si
923 1948 975 1975 hoc

185 1990 288 2024 possit,
312 1990 482 2026 interpretari
499 1993 569 2025 dion,
592 2001 638 2028 par
656 1995 692 2022 sit
706 1995 852 2031 prophetat,
874 1995 972 2031 inquit.

185 2036 312 2068 quoniam
327 2042 389 2064 sunt
408 2038 483 2065 multi
496 2039 540 2074 qui
557 2040 706 2075 percipiunt
720 2042 863 2071 utilitatem
880 2051 887 2069 :
902 2043 974 2078 quod

186 2080 301 2108 maxime
314 2085 355 2109 est
369 2082 585 2118 observandum,
607 2086 741 2120 quomodo
757 2087 807 2115 hoc
826 2095 873 2123 per
886 2089 974 2116 omnia

186 2131 248 2155 ante
263 2127 315 2155 alia
331 2129 458 2163 requirat.
472 2130 497 2157 6.
515 2130 591 2158 Nunc
603 2137 698 2167 autem,
714 2135 805 2168 fratrea
815 2155 822 2168 ,
843 2136 866 2162 ai
885 2144 974 2163 venero

186 2173 220 2199 ad
236 2181 280 2201 vos
301 2174 396 2210 linguis
409 2176 513 2211 loquens
523 2198 531 2211 ,
545 2180 605 2213 quid
623 2179 691 2208 vobis
707 2182 814 2215 prodere
825 2203 832 2215 ,
847 2183 896 2210 nisi
907 2183 975 2210 vobis

186 2219 276 2255 loquar
286 2225 330 2248 aut
342 2222 368 2248 in
379 2223 539 2258 ret-elatione,
553 2231 596 2252 aut
609 2226 635 2253 in
646 2227 760 2261 scientia,
772 2230 854 2257 autin
867 2231 976 2266 prophe-

175 2260 232 2299 ‘tia,
246 2271 290 2293 aut
302 2267 328 2294 in
339 2268 475 2296 dortrina?
488 2270 522 2298 Et
540 2272 614 2306 quid,
636 2272 730 2308 inquit,
751 2260 812 2302 dico
833 2260 921 2303 aliast"
934 2277 975 2305 Sit

187 2311 270 2354 enim,
283 2313 379 2348 inquit,
392 2315 436 2349 qui
449 2315 544 2351 linguis
556 2317 672 2352 loquitur
681 2319 777 2349 Pullus
789 2329 796 2347 :
809 2326 895 2357 neque
903 2324 974 2350 enim

187 2358 225 2385 sic
233 2351 383 2394 quidquam
400 2361 497 2388 redibit
510 2351 682 2392 emolumenti
697 2365 731 2393 ad
751 2351 897 2395 auditodes.
913 2368 975 2396 Haec

187 2408 273 2431 autem
284 2404 358 2438 dicit,
367 2407 511 2435 ostendens
522 2416 551 2436 se
563 2409 588 2436 id
598 2418 718 2445 qtnerere
729 2413 798 2447 quod
809 2414 891 2441 siteis
898 2415 975 2443 utile:

189 2457 239 2477 non
251 2455 341 2478 autem
353 2453 415 2480 odio
430 2454 528 2482 habere
543 2463 590 2483 eos
612 2457 656 2492 qui
679 2458 811 2486 charisma
827 2461 975 2496 possident,

187 2502 246 2523 cum
263 2504 297 2524 ne
312 2497 338 2524 in
352 2500 458 2533 propria
472 2501 578 2535 quidem
591 2509 706 2536 persona
716 2510 820 2533 recuset
835 2506 977 2535 ostendere

187 2541 213 2567 id
233 2550 294 2570 esse
309 2544 412 2572 inutile.
426 2546 540 2581 Semper
559 2553 647 2576 autem
670 2549 697 2577 in
717 2551 758 2578 sui
781 2559 894 2586 persona
917 2561 976 2589 qua:

188 2592 248 2615 sunt
261 2589 354 2624 gravia
368 2595 394 2617 et
406 2592 517 2619 molesta
533 2594 633 2628 agitat,
648 2595 717 2623 sicut
729 2596 834 2625 dicebat
855 2598 880 2624 in
902 2601 976 2634 prin-

187 2633 256 2667 cipio
269 2635 391 2669 epistolae
406 2644 413 2662 :
430 2637 492 2670 Qui:
506 2643 540 2665 est
557 2639 675 2668 Paulus?
687 2642 742 2676 qui:
752 2646 789 2669 est
801 2643 979 2680 Apollo?qui:

189 2677 286 2714 Cepltaa
299 2679 338 2715 (l.
355 2680 414 2708 Cor.
427 2682 454 2710 ὅ.
468 2683 517 2718 4)ἳ
530 2684 605 2717 Quod
620 2686 726 2720 quidem
743 2687 786 2715 hic
794 2696 900 2724 quoque
915 2677 977 2717 facit

189 2723 280 2754 dicens
295 2735 303 2754 :
320 2726 361 2754 Ne
372 2728 440 2756 nobis
453 2730 552 2769 quidem
562 2733 680 2766 prodere,
697 2733 746 2760 nisi
758 2734 825 2761 vobis
835 2723 925 2770 loquar
934 2741 978 2763 aut

188 2770 214 2798 in
227 2773 379 2801 reuelatione
388 2795 396 2808 ,
407 2780 451 2802 aut
465 2766 492 2803 in
508 2778 651 2812 prophetia,
663 2784 708 2806 aut
722 2779 749 2807 in
760 2781 881 2815 scientia,
895 2783 978 2810 autin

190 2817 314 2845 doctrina.
331 2818 389 2847 Hoc
407 2825 496 2849 autem
518 2822 576 2850 vult
598 2823 750 2859 signiﬁcare
774 2836 780 2854 :
802 2827 856 2855 Nisi
877 2828 977 2864 aliquid

190 2862 292 2900 dixero,
308 2865 380 2901 quod
400 2874 413 2894 a
429 2867 505 2896 vobis
519 2867 596 2897 facile
611 2870 694 2905 possit
707 2872 805 2907 capiet
820 2874 902 2908 possit
914 2862 975 2904 esse

689 133 722 162 IN
740 133 848 162 EPIST.
867 133 886 162 Ι.
907 134 953 162 ΔΙ)
972 132 1049 162 COR.
1067 135 1182 167 HOMlL.
1204 140 1313 170 XXXV.

1035 194 1218 231 manifestum,
1244 199 1292 227 sed
1316 204 1418 230 tantum
1432 204 1578 234 ostendero
1598 214 1643 236 me
1656 203 1755 238 habere
1773 211 1830 239 du.

1035 247 1098 267 num
1114 241 1275 293 linguarum,
1293 245 1401 276 ebibitis
1416 249 1491 277 nullo
1505 250 1581 280 lucro
1594 252 1665 282 facto
1678 262 1712 283 ex
1729 257 1824 293 linguis

1034 293 1101 320 quas
1115 287 1238 316 audistis.
1254 290 1322 324 Quid
1335 293 1408 322 enim
1427 295 1493 324 lucri
1513 305 1546 325 ex
1568 306 1654 334 voce,
1672 309 1750 337 quam
1765 287 1824 331 non

1035 330 1201 367 intelligitis?
1212 335 1238 362 7.
1251 336 1344 366 Tamen
1357 348 1414 375 qua
1423 342 1478 369 sine
1487 344 1573 372 animo
1581 351 1640 374 sunt

1035 377 1080 408 tia,
1096 379 1148 406 sive
1161 380 1222 407 tibia
1239 382 1291 410 sive
1302 385 1400 413 cithara
1410 407 1417 420 ,
1431 389 1482 416 sive
1492 390 1679 420 distinctione»:
1697 395 1826 423 sonituum

1034 422 1157 458 dederint,
1172 429 1296 462 quomodo
1314 432 1406 459 scietur
1426 433 1453 460 id
1472 436 1541 470 quod
1554 438 1656 465 canitur
1666 444 1710 466 aut
1720 441 1826 468 cithari-

1033 473 1106 496 zatur
1116 469 1129 496 .7
1142 471 1176 498 Et
1189 473 1252 507 quid
1266 474 1327 503 dico
1338 497 1345 508 ,
1368 477 1451 513 inquit
1463 500 1470 513 ,
1492 480 1543 509 hoc
1556 484 1626 517 quod
1645 485 1672 512 in
1692 486 1769 515 nobis
1784 493 1826 515 est

1035 514 1099 542 nihil
1113 515 1179 544 lucri
1193 518 1299 552 all‘erre,
1311 522 1375 549 utile
1387 529 1475 552 autem
1489 534 1549 555 esse
1558 514 1628 563 quod
1638 535 1679 558 est
1688 531 1790 560 clarum
1799 538 1826 561 et

1033 561 1103 594 quod
1114 562 1190 590 facile
1202 565 1309 600 capiunt
1325 569 1476 599 auditores?
1490 573 1555 601 Nam
1565 561 1644 604 etiam
1657 578 1684 605 in
1702 578 1825 608 inanimis

1032 607 1141 634 musicm
1156 609 1339 640 instrumentis
1352 614 1403 642 hoc
1420 617 1518 646 videris
1533 628 1540 645 :
1554 620 1611 649 sive
1629 623 1699 651 enim
1713 625 1749 653 sit
1761 625 1824 654 tibia

1032 651 1089 679 sive
1099 652 1211 688 cithara,
1226 660 1254 683 et
1267 664 1354 694 neque
1364 668 1477 690 numero
1487 671 1571 699 noque
1577 665 1714 697 harmonia
1724 677 1809 699 eonvo
1816 686 1823 692 -

1033 698 1132 734 niente,
1155 701 1202 728 sed
1216 703 1325 733 confuse
1337 710 1364 734 et
1379 711 1478 737 temere
1498 698 1617 745 pulsetur
1625 719 1652 742 et
1665 716 1825 752 inspiretur,

1032 743 1132 772 nullum
1154 753 1186 774 ex
1207 747 1239 774 iis
1265 750 1309 784 qui
1335 743 1609 786 audiuntdelectabit
1626 767 1658 788 ac

1032 789 1097 817 Nam
1112 792 1192 819 etiam
1208 794 1234 821 iu
1251 795 1302 823 illis
1315 796 1598 839 inarticnlatis-aliqua
1618 789 1740 837 claritate

1032 841 1073 863 est
1088 842 1114 864 et
1127 839 1260 868 euidentia
1284 850 1291 868 :
1307 849 1334 871 et
1349 846 1400 873 nisi
1413 855 1445 875 ex
1460 856 1518 879 arte
1531 854 1680 887 pulsaveris
1692 863 1719 885 et
1731 839 1821 889 tibiam

1032 882 1206 917 inspiraret-is
1216 908 1223 919 ,
1239 889 1304 917 nihil
1317 891 1424 921 fecisti.
1440 895 1468 923 Si
1480 882 1718 937 autemvexigimus
1729 905 1764 933 ab
1780 906 1823 934 iu-

1032 929 1172 958 animisut
1194 937 1265 962 tanta
1287 937 1321 963 sit
1331 938 1359 964 in
1372 940 1412 966 eis
1426 941 1533 971 claritas
1547 951 1575 973 et
1586 929 1725 978 harmonia
1738 956 1765 980 et
1778 953 1822 981 di-

1033 975 1152 1009 stinctio,
1167 980 1232 1007 etin
1247 982 1300 1009 illis
1315 991 1368 1011 non
1383 986 1595 1022 significantibus
1607 975 1822 1033 sonis-urgemus

1031 1026 1059 1050 et
1078 1025 1265 1055 contendimus
1280 1035 1307 1057 ut
1322 1038 1445 1067 magnam
1466 1036 1634 1071 imponamus
1649 1025 1821 1078 significatio:

1031 1076 1091 1125 pem
1109 1079 1116 1097 :
1133 1072 1217 1100 multo
1240 1076 1323 1110 magis
1349 1078 1374 1105 in
1395 1081 1518 1110 animatis
1538 1089 1566 1111 et
1584 1072 1687 1116 ratione
1704 1072 1822 1125 prteditis

1031 1114 1185 1172 ltpminibus
1200 1124 1226 1146 et
1246 1121 1273 1147 in
1288 1122 1561 1159 donisspinitualihus
1576 1114 1822 1172 persequi-raperis

1031 1160 1056 1187 id
1069 1163 1138 1196 quod
1153 1169 1225 1193 recte
1239 1167 1382 1202 significet.
1397 1171 1423 1198 8.
1445 1172 1545 1201 Etenim
1560 1160 1584 1203 si
1597 1160 1822 1212 inretitam-itoth

1030 1206 1071 1233 det
1090 1208 1164 1241 tuba,
1180 1211 1236 1244 quia
1249 1214 1349 1247 parabit
1363 1224 1392 1242 se
1401 1218 1436 1244 ad
1448 1219 1541 1247 bellant
1552 1223 1565 1248 .9
1578 1223 1599 1251 A
1614 1206 1821 1261 superiacit-tie;

1016 1254 1100 1281 ,enim
1114 1255 1147 1282 ad
1161 1264 1202 1288 ea,
1219 1266 1279 1292 qua:
1293 1266 1356 1288 sunt
1369 1264 1452 1299 magis
1468 1270 1618 1299 necessaria
1633 1254 1659 1300 ei
1673 1275 1758 1309 utilia,
1774 1277 1820 1305 de-

1029 1299 1102 1327 ducit
1114 1302 1280 1337 orationem;
1295 1312 1322 1332 ct
1337 1308 1401 1336 dicit
1414 1312 1484 1345 quod
1498 1320 1551 1341 non
1565 1316 1649 1344 solum
1665 1319 1690 1346 in
1704 1299 1818 1357 citliai-a.

1030 1346 1075 1357 --γι
1098 1348 1130 1357 -ιὲ
1195 1350 1200 1355 ¹
1236 1355 1241 1357 -
1264 1352 1271 1357 ¹
1330 1355 1335 1357 ‘
1349 1355 1354 1357 “

1028 1346 1076 1374 sed
1093 1348 1175 1376 etiam
1194 1350 1219 1378 in
1234 1352 1295 1380 tuba
1312 1355 1410 1382 videris
1425 1357 1476 1385 hoc
1489 1367 1537 1388 usu
1553 1364 1654 1393 venire.
1670 1367 1737 1396 Sunt
1746 1346 1817 1400 enini

1029 1392 1083 1421 illic
1099 1402 1205 1451 quoqule
1225 1398 1362 1434 rhythmi,
1378 1408 1404 1430 et
1419 1404 1535 1434 indicant
1548 1409 1692 1445 aliquando
1709 1392 1817 1451 quidet;

1028 1446 1125 1467 sonum
1140 1441 1265 1471 bellicum
1276 1464 1284 1477 ,
1299 1446 1441 1482 aliquando
1456 1458 1520 1480 vero
1533 1462 1585 1482 non
1592 1441 1694 1492 talem;
1713 1441 1742 1489 et
1760 1463 1818 1491 ali-

1027 1485 1134 1520 quando
1146 1487 1236 1516 educit
1247 1489 1273 1516 in
1286 1491 1380 1525 aciem,
1396 1495 1538 1530 aliquando
1549 1505 1638 1530 autem
1651 1485 1817 1541 reuincam-ac

1028 1531 1078 1558 nisi
1091 1533 1222 1568 quispiam
1241 1535 1291 1564 hoc
1306 1539 1393 1570 nurit.
1410 1540 1436 1567 in
1450 1548 1601 1574 extremum
1618 1550 1688 1577 venit
1707 1531 1815 1586 pericu.

1028 1577 1092 1605 lmn.
1107 1578 1182 1612 Quod
1194 1581 1300 1616 quidem
1315 1584 1476 1621 signiﬁcans,
1492 1594 1518 1616 et
1529 1599 1646 1622 errorem
1659 1577 1814 1635 ostdndens,

1028 1622 1088 1635 .t:..:.
1124 1623 1184 1635 Ama
1277 1628 1308 1635 ιι·
1408 1632 1413 1635 ·

1026 1622 1100 1677 dicit:
1124 1623 1186 1656 Quia
1210 1628 1308 1662 parabit
1329 1638 1357 1657 se
1378 1632 1413 1658 ad
1437 1634 1552 1664 bellum?
1565 1622 1814 1677 Quamobrem—

1028 1668 1078 1696 hoc
1091 1669 1204 1705 habeat,
1222 1677 1304 1702 totum
1321 1678 1417 1710 perdit.
1441 1680 1471 1707 Et
1484 1683 1545 1717 quid
1561 1668 1627 1720 lixae,
1644 1668 1814 1726 ..ζζὶ

1027 1717 1095 1743 nos?
1116 1718 1156 1745 Ad
1182 1726 1230 1747 vos
1250 1722 1365 1750 maxime
1389 1731 1510 1760 spectat;
1524 1733 1550 1756 ct
1572 1717 1633 1760 ideo
1656 1717 1814 1774 sljltjunéi:

1027 1761 1054 1789 9-
1070 1762 1112 1789 Ita
1125 1768 1148 1789 et
1161 1772 1220 1789 nos.
1241 1775 1285 1789 nm-
1304 1769 1416 1789 Iinmmm
1436 1773 1486 1789 ..διε
1502 1777 1628 1789 ,νηηηημ

1048 1781 1054 1788 .
1070 1767 1112 1789 Ιια
1125 1768 1148 1790 et
1161 1772 1203 1792 νος

1212 1785 1220 1798 ,
1240 1775 1285 1801 per
1304 1769 1416 1804 tinguant
1436 1773 1486 1800 nisi
1502 1777 1662 1811 manifestum
1675 1790 1815 1815 sermonem

1026 1808 1145 1837 dederitis
1155 1831 1162 1842 ,
1176 1814 1300 1846 quomodo
1313 1816 1404 1843 stietur
1421 1818 1451 1844 id
1459 1822 1529 1854 quod
1541 1808 1654 1853 dieitur?
1666 1829 1735 1857 eritis
1748 1808 1815 1860 cui);

1026 1854 1052 1881 in
1064 1863 1146 1882 aerem
1158 1857 1293 1892 loquerttes.
1309 1859 1364 1888 Hoc
1377 1867 1432 1895 est,
1447 1865 1511 1892 nihil
1526 1866 1664 1902 loquentes
1674 1894 1681 1906 ,
1696 1875 1759 1903 nulli
1773 1877 1814 1905 lo-

1027 1906 1149 1935 quentes.
1164 1903 1197 1930 Et
1213 1904 1310 1940 ubique
1323 1915 1379 1935 rem
1394 1911 1510 1938 ostendit
1525 1913 1653 1944 inutilem.
1668 1903 1700 1946 lit
1713 1922 1735 1947 si
1754 1903 1814 1951 inu-

1028 1946 1099 1981 tilis,
1114 1947 1234 1983 inquies,
1249 1958 1297 1978 cur
1309 1953 1376 1980 data
1386 1955 1446 1982 est?
1462 1956 1496 1984 Ut
1509 1958 1545 1986 sit
1558 1961 1629 1989 utilis
1641 1963 1664 1990 ei
1679 1946 1723 2000 qui
1731 1946 1814 1996 Vae};-

1028 1992 1066 2026 pit
1081 2001 1088 2020 :
1104 1994 1127 2020 si
1146 1999 1236 2022 autem
1256 1996 1316 2024 aliis
1328 2005 1434 2035 quoque
1447 2001 1535 2030 futura
1549 2010 1590 2033 est
1605 1992 1693 2043 utilis:
1710 1992 1815 2045 optinet

1027 2038 1096 2066 adsit
1109 2039 1304 2076 interpretatio.
1318 2044 1380 2072 [hoc
1392 2051 1480 2074 autem
1494 2048 1567 2084 dicit,
1584 2059 1631 2081 eos
1646 2038 1714 2083 inter
1775 2038 1816 2087 iti-

1027 2083 1112 2112 vicem
1126 2087 1281 2121 concilians,
1298 2093 1327 2116 ut
1351 2094 1378 2117 et
1397 2091 1419 2119 si
1445 2092 1502 2128 ipse
1522 2103 1574 2123 non
1598 2097 1694 2127 habeat
1715 2102 1813 2132 donum

1027 2130 1219 2165 interpretandi
1231 2153 1238 2166 ,
1258 2141 1396 2171 assumpto
1416 2138 1502 2166 allero
1518 2141 1563 2176 qui
1578 2141 1603 2170 id
1623 2143 1728 2179 haheat,
1744 2130 1814 2184 quod

1027 2183 1112 2205 suum
1128 2183 1168 2206 est
1187 2186 1233 2214 per
1260 2180 1333 2208 illum
1356 2182 1435 2211 faciat
1454 2186 1527 2214 utile.
1554 2187 1700 2225 Propterea
1718 2180 1816 2230 ubique

1028 2223 1145 2252 ostendit
1158 2232 1214 2252 rem
1228 2234 1288 2254 esse
1302 2227 1496 2264 imperfectam,
1511 2237 1539 2260 ut
1555 2223 1626 2269 ipsos
1640 2238 1678 2265 sic
1693 2247 1746 2267 una
1756 2223 1815 2269 cill-

1028 2271 1100 2307 liget.
1115 2272 1218 2300 Etenim
1231 2275 1276 2309 qui
1292 2275 1316 2302 id
1331 2276 1381 2303 sibi
1396 2278 1531 2307 existimat
1543 2281 1675 2317 sufﬁcere,
1693 2293 1744 2314 non
1762 2291 1815 2316 tam

1029 2320 1054 2347 id
1068 2320 1158 2347 laudat
1174 2330 1252 2357 quam
1267 2324 1409 2361 deprimit,
1424 2336 1476 2355 non
1491 2330 1581 2358 sitiens
1602 2333 1627 2360 id
1641 2340 1713 2364 recte
1726 2337 1817 2372 splen-

1027 2365 1093 2395 dere
1109 2375 1156 2402 per
1177 2369 1434 2405 interpretationem.
1452 2375 1593 2405 Pulchrum
1610 2380 1681 2408 enim
1703 2365 1748 2410 esi
1765 2383 1817 2412 do—

1029 2419 1092 2439 num
1106 2418 1132 2440 et
1148 2416 1339 2449 necessarium,
1355 2418 1402 2446 scci
1425 2423 1480 2447 tum
1503 2421 1608 2450 demum
1620 2445 1628 2457 ,
1650 2426 1674 2454 si
1695 2427 1816 2457 habuerit

1027 2466 1088 2486 eum
1106 2460 1150 2494 qui
1164 2460 1282 2489 declaret
1296 2470 1326 2490 ea
1341 2471 1400 2499 qua:
1414 2465 1546 2495 dicuntur.
1562 2468 1628 2498 Nam
1643 2472 1741 2508 digitus
1751 2482 1818 2509 quo-

1029 2512 1081 2539 quc
1095 2513 1137 2532 res
1150 2511 1190 2533 est
1207 2510 1375 2542 necessaria,
1391 2511 1438 2538 sed
1452 2513 1557 2546 quando
1568 2522 1628 2542 cum
1643 2517 1788 2548 abduxeris
1802 2528 1817 2547 ε

1029 2551 1139 2586 reliquis
1151 2572 1158 2585 ,
1178 2561 1231 2581 non
1244 2555 1294 2581 erit
1309 2563 1384 2591 mque
1399 2557 1471 2585 utilis
1485 2567 1492 2585 :
1510 2560 1571 2587 tuba
1587 2569 1692 2598 quoque
1707 2569 1748 2592 est
1769 2573 1817 2593 ne-

1029 2599 1162 2632 cessaria»;
1176 2599 1223 2626 sed
1237 2601 1343 2635 quando
1358 2606 1459 2631 temere
1471 2607 1603 2638 sonuerit,
1615 2612 1656 2636 est
1671 2610 1750 2637 etiam
1762 2618 1818 2638 mo-

1031 2643 1098 2670 lesta
1113 2648 1139 2670 et
1154 2646 1252 2680 gravis.
1274 2646 1366 2682 Neque
1385 2649 1456 2676 cnim
1477 2657 1521 2677 ars
1536 2654 1694 2687 apparebit,
1712 2655 1761 2683 nisi
1783 2657 1819 2684 sit

1030 2688 1149 2723 subjecta
1170 2692 1297 2724 materia;
1321 2701 1408 2728 neque
1433 2695 1591 2725 informatur
1612 2700 1723 2728 materia
1737 2721 1744 2733 ,
1770 2701 1819 2729 nisi

1031 2732 1153 2768 imposita
1175 2735 1210 2762 sit
1233 2736 1327 2764 forma.
1344 2738 1417 2766 Pone
1437 2748 1501 2775 ergo
1521 2749 1614 2770 vocem
1627 2745 1734 2779 quidem
1751 2751 1820 2773 tam-

1030 2787 1110 2815 quam
1118 2781 1282 2816 subjectum,
1293 2783 1441 2814 claritatem
1450 2793 1539 2815 autem
1551 2793 1683 2824 tamquam
1695 2790 1818 2825 formam,

1032 2835 1092 2862 qua:
1107 2828 1193 2856 sinon
1208 2828 1296 2864 adsit,
1319 2830 1432 2867 subjecti
1448 2833 1537 2861 nullus
1549 2838 1599 2861 est‘
1607 2842 1681 2864 usus.
1699 2836 1741 2863 10.
1759 2831 1821 2864 Tan:

1030 2876 1119 2911 multa,
1141 2876 1164 2904 si
1185 2876 1341 2913 contingant,
1367 2886 1458 2914 genera
1482 2879 1627 2914 lingvmrum
1650 2886 1707 2910 sunt
1727 2882 1752 2909 in
1775 2883 1821 2911 hoc
