2034 3109
197 174 249 204 299
574 174 602 196 5.
622 174 760 197 totum:
779 174 846 192 ιρι-ιιι
855 174 992 189 ιδυοιω

199 222 307 254 "multo,
323 224 348 247 et
360 218 425 246 nihil
434 218 488 245 sine
499 220 616 244 αωηιι.
629 214 684 241 Ilec
697 217 750 244 est,
762 216 818 238 tam
831 207 923 236 multa:
939 207 992 233 lin—

199 277 268 305 ευςξ,
282 272 336 295 tam
348 266 440 294 multa
449 264 541 295 vaces,
550 261 724 298 Scytharum,
737 257 883 305 Thracum:
897 254 993 305 Ruina-

200 301 307 346 norum.
326 314 480 344 Persarum,
502 309 667 340 Maurorum,
688 304 827 336 Indorum,
850 301 988 337 Egyptio-
1011 315 1021 327 ι

201 370 260 390 sum
271 381 280 394 ,
295 359 407 387 alienun
419 357 540 393 gentium
555 352 799 382 innumerabilium.
822 349 870 376 11..
886 347 916 375 Si
935 351 994 382 ergo

199 407 312 436 nesciero
324 405 443 433 virtutem
456 403 533 434 rosis,
549 400 592 428 ero
605 400 628 428 ei
640 399 680 426 cui
694 398 783 433 loquar
795 396 928 424 barbarus.

235 453 264 480 5.
288 451 330 479 Ne
341 449 481 478 existimes
499 447 571 475 enim
584 444 656 482 quod
670 444 723 472 hoc
737 442 824 471 solum
840 439 943 468 accidat
964 440 991 467 in

201 498 295 530 vobis,
312 495 401 531 inquit
411 515 420 528 ,
443 493 492 521 sed
505 493 587 521 etiam
603 491 635 519 iis.
643 488 768 518 omnibus
782 488 834 515 hoc
849 485 907 513 ﬂeri
922 484 996 512 vide~

201 546 249 573 ris.
264 541 445 578 mamobrcm
457 540 516 568 base
531 539 602 571 dico,
626 543 683 565 non
699 542 798 563 vocem-
816 533 972 568 vituperans
987 551 997 564 ,

202 587 409 619 sedostendens
422 594 481 615 eam
495 585 561 613 mihi
577 591 637 612 esse
653 582 785 614 inutilem,
801 579 928 615 quamdiu
942 580 996 605 non

203 636 285 665 luerit.
297 635 414 663 claraet
420 631 577 660 manifesta.
593 628 694 658 Deinde
704 634 739 655 ne
751 633 858 662 gravem
869 631 900 652 ac
914 622 998 651 mole-

203 689 272 711 stam
288 681 384 710 reddat
395 678 606 710 accusationem,
618 677 744 710 exaequat
758 673 871 705 crimen,
886 670 996 698 dicens:

206 729 257 758 illo
272 729 334 756 mild
355 727 494 758 barbam,
510 729 534 752 et
547 731 593 759 ego
605 722 645 750 illi
657 729 666 754 ;
680 723 733 749 non
747 727 783 748 ex
796 723 890 746 natura
904 717 977 744 vocis
989 736 996 748 ,

197 776 252 805 sed
266 783 303 804 es
312 779 403 802 nostra
414 770 574 808 ignbrantia.
587 767 710 796 Vidistin'
723 764 858 802 quomodo
872 762 998 808 paulatim

204 822 282 850 dusit
299 820 333 848 ad
356 819 397 852 id,
417 807 488 853 quod
513 820 558 844 est
576 817 717 849 cognatum
731 819 763 839 ac
782 811 821 838 rei
835 807 999 844 proprium?

205 867 283 901 Quod
297 865 405 902 quidem
426 870 486 891 mos
499 866 541 890 est
555 861 580 889 ei
602 859 706 891 facere,
722 862 751 885 ιιι
769 855 891 891 exempla
907 854 999 902 procul

207 900 336 944 attrahat,
350 915 378 938 et
392 909 499 937 desinat
511 907 538 934 in
554 906 579 933 id
593 904 665 940 quod
683 907 726 932 est
745 901 867 938 subiecto
887 900 1000 935 conjun—

207 959 277 986 ctius
289 961 320 986 et.
329 955 413 991 magis
425 953 575 990 proprium.
589 951 656 979 Nam
673 954 814 985 postquam
829 947 897 975 dixit
917 946 950 974 de
962 945 999 973 ti-

207 1006 252 1034 bia
274 1008 303 1032 et
325 1001 441 1033 cithara,
463 999 507 1027 ubi
530 997 616 1026 multa
638 996 737 1024 desunt
751 998 779 1022 et
793 994 876 1022 multa
897 991 1000 1020 inutilia

208 1054 282 1083 sunt,
298 1048 371 1077 venit
391 1046 426 1074 ad
443 1045 544 1078 tubam,
567 1051 626 1071 rem
647 1042 783 1070 utiliorem
794 1061 802 1074 ,
817 1044 845 1068 et
858 1038 956 1067 deinde
967 1037 1002 1065 ad

208 1097 294 1132 ipsam
315 1101 420 1122 vocem.
443 1091 480 1119 ita
503 1091 585 1118 etiam
606 1093 696 1120 antea,
717 1086 825 1122 quando
844 1084 1003 1132 versabatur

209 1130 268 1178 ejus
288 1140 374 1168 omtio
388 1139 415 1166 iu
435 1145 468 1166 eo
481 1141 511 1165 ut
527 1134 682 1164 ostenderet
695 1140 748 1160 non
762 1138 823 1160 esse
838 1130 1002 1178 prohibitum

209 1175 337 1224 apostolis
351 1185 488 1219 accipere,
498 1188 559 1210 eum
568 1181 695 1215 cupisset
705 1179 823 1224 primum
831 1175 1003 1224 abagricolis

210 1221 238 1262 ei
253 1231 446 1269 pastoribuset
455 1228 595 1259 militibus.
608 1231 674 1254 tunc
685 1223 796 1252 deduxit
808 1222 958 1269 orationem
968 1221 1002 1248 ad

210 1279 237 1307 id
251 1267 322 1314 quod
337 1280 378 1304 est
394 1274 530 1310 proposito
551 1269 727 1307 propinquius
739 1290 746 1303 ,
760 1275 857 1314 nempe
869 1267 903 1294 ad
915 1273 1005 1314 sacer-

210 1312 287 1352 dotes
300 1322 345 1358 qui
365 1324 446 1349 erant
463 1321 491 1346 in
511 1317 612 1345 Veteri.
630 1316 670 1344 Tu
681 1320 770 1342 autem
785 1313 851 1341 mihi
863 1312 1004 1341 considera

211 1369 346 1406 quomodo
360 1367 459 1402 ubique
474 1364 592 1392 studium
613 1362 734 1398 posuerit
749 1367 779 1388 ut
791 1360 891 1388 donum
905 1359 1003 1406 libera:

212 1403 253 1444 rei
265 1415 299 1442 ab
311 1411 483 1441 accusatione
496 1431 504 1444 ,
525 1413 554 1437 et
573 1408 678 1436 crimen
697 1406 835 1434 conferret
855 1406 881 1433 in
896 1412 944 1432 eos
958 1403 1004 1439 qui

211 1462 384 1495 acceperunt.
401 1454 460 1484 Non
473 1455 542 1483 dixit
556 1453 628 1482 enim
644 1461 651 1480 :
668 1452 720 1480 Ero
731 1451 862 1479 barbarus
872 1471 880 1484 ,
892 1449 939 1477 sed
951 1469 959 1482 ,
972 1449 1005 1476 Ei

212 1507 254 1542 qui
274 1504 385 1540 loquitur
406 1501 539 1529 barbarus.
556 1499 590 1526 Et
604 1505 697 1526 rursus
712 1504 766 1525 non
787 1496 855 1542 dixit
868 1495 940 1542 {qui
961 1495 1004 1522 io-

213 1540 304 1587 quitur
314 1571 321 1582 ,
337 1547 467 1575 barbarus
479 1567 487 1580 ,
501 1545 549 1573 sed
561 1565 568 1577 ,
587 1544 637 1578 Qui
651 1542 775 1577 loquitur,
798 1541 862 1568 mihi
874 1540 1005 1587 barbarus.

213 1595 282 1630 Quid
296 1601 360 1629 ergo
371 1596 488 1628 oportet,
500 1590 595 1625 inquit,
609 1588 666 1616 ﬁeri
676 1588 687 1615 7
699 1587 757 1615 Non
767 1587 855 1614 solum
869 1586 941 1614 enim
952 1593 1006 1614 non

213 1645 320 1677 oportet
336 1639 500 1673 vituperare,
524 1635 571 1663 sed
590 1635 670 1662 etiam
690 1633 826 1661 adhortari
844 1638 872 1660 et
884 1632 982 1660 docere
997 1641 1005 1660 :

215 1686 286 1722 quod
300 1685 357 1720 ipse
370 1690 478 1719 quoque
497 1681 569 1708 facit.
586 1680 731 1715 Postquam
746 1679 818 1706 enim
833 1679 968 1706 accusavit
980 1682 1008 1706 ct

215 1731 363 1766 increpavit
373 1751 380 1763 ,
405 1733 432 1757 ot
452 1727 545 1756 inutile
562 1734 623 1755 esse
636 1725 771 1758 ostendit,
787 1725 914 1760 deinceps
927 1725 1007 1753 etiam

215 1778 356 1806 consilium
371 1776 427 1809 dat,
441 1775 533 1803 dicens
548 1782 555 1801 :
572 1773 616 1801 12.
633 1772 678 1801 Sic
691 1777 715 1799 et
728 1780 786 1805 vos,
799 1772 919 1807 quoniam
928 1779 1009 1799 armu-

216 1825 308 1851 latores
321 1821 537 1856 cstisspirituum,
552 1819 586 1846 ad
598 1818 792 1852 tediﬁcationem
807 1817 928 1845 Ecclesia:
938 1825 1009 1852 qum-

215 1870 262 1896 w'te
271 1874 297 1896 ut
308 1867 449 1894 abundetis.
464 1864 584 1893 Vidistin‘
595 1863 653 1898 ejus
665 1870 776 1899 scopum
790 1869 898 1898 semper
909 1867 937 1890 et
951 1862 1009 1890 ubi—

216 1923 268 1951 que
283 1921 363 1941 unum
378 1911 457 1940 esse?
471 1911 536 1938 Eant
550 1917 603 1938 ceu
616 1911 733 1945 regulam
751 1908 834 1944 ponit,
848 1914 908 1944 qua:
918 1908 1009 1936 multis

217 1960 290 1988 utilis
304 1960 339 1987 sit
358 1963 386 1987 et
406 1957 552 1986 Ecclesium
571 1956 656 1993 juvet.
679 1955 772 1991 Neque
792 1955 877 1989 dixit,
891 1955 927 1983 Ut
939 1955 1008 1983 dona

217 2005 386 2043 possidentis,
401 2003 447 2032 sed
465 2003 498 2031 Ut
515 2002 648 2030 abuudetis
657 2002 729 2035 ;.|I0¢
739 2006 901 2035 est,.utcum
914 2008 1009 2036 magus

216 2053 292 2086 copia
308 2051 351 2079 illa
367 2048 627 2078 habeatis..Tantutn
644 2048 715 2076 enim
734 2048 809 2076 abest
822 2053 850 2075 ut
865 2048 947 2076 nolim
962 2057 1010 2076 vos

216 2106 248 2127 ea
269 2097 366 2126 habere
379 2117 387 2130 ,
402 2100 432 2123 ut
445 2095 526 2122 velim
546 2095 626 2122 etiam
641 2101 687 2121 vos
700 2093 744 2122 eis
755 2093 907 2127 abundare,
928 2095 1012 2123 modo

215 2152 248 2173 ea
261 2143 408 2172 exerceatis
421 2141 456 2169 ad
470 2141 496 2168 id
508 2140 579 2176 quod
594 2140 778 2168 incommune
789 2145 831 2168 est
845 2142 921 2168 utile.
936 2141 1009 2176 Quo-

218 2191 300 2220 modo
323 2194 413 2217 autem
438 2188 490 2216 hoc
517 2187 572 2220 liat,
594 2186 662 2214 dicit
680 2191 708 2215 et
727 2187 880 2222 subjungit,
898 2188 1008 2217 dicens:

218 2237 262 2265 15.
279 2235 312 2263 Et
328 2235 385 2261 ideo
397 2233 439 2268 qui
457 2232 569 2267 loquitur
582 2232 693 2267 lingua,
709 2237 762 2259 oret
780 2238 808 2259 ut
821 2233 1009 2268 interpretetur.

218 2283 263 2310 14.
278 2280 349 2308 Nam
362 2280 384 2307 si
399 2287 468 2306 arent
486 2279 584 2313 lingua,
598 2277 701 2312 spiritus
713 2286 782 2305 metu
794 2283 865 2312 orat,
882 2287 951 2306 metu
961 2288 1010 2307 au-

219 2335 268 2356 tem
281 2336 337 2355 mea
351 2327 404 2354 sine
418 2328 506 2362 fructu
517 2329 563 2352 est.
578 2324 621 2352 i5.
639 2324 707 2358 Quid
719 2333 777 2360 ergo
791 2326 848 2352 est?
862 2325 946 2353 θναιιο
955 2327 1010 2362 spi-

218 2375 279 2408 ritu,
293 2373 371 2401 orabo
385 2377 409 2399 et
422 2375 505 2398 menta
515 2371 640 2406 :ptallam
654 2371 755 2406 spiritu,
767 2373 875 2407 psallunt
885 2380 909 2400 ct
920 2379 1010 2402 mente.

220 2421 270 2449 llic
289 2417 405 2446 ostendit
419 2417 446 2444 in
463 2424 556 2445 eorum
572 2423 631 2444 esse
644 2421 776 2452 potestate
789 2421 817 2445 ut
831 2417 930 2446 donum
941 2419 1012 2447 acci-

219 2468 291 2504 piant
307 2475 313 2493 :
331 2465 391 2492 Oret
415 2464 497 2495 enim,
522 2463 624 2499 inquit;
646 2463 697 2491 hoc
719 2468 771 2497 est,
798 2471 857 2498 qua:
878 2471 925 2492 sua
949 2470 1013 2494 sunt

219 2509 324 2538 aﬂ'erst.
339 2511 406 2538 Nam
420 2510 443 2537 si
458 2509 598 2544 diligenter
618 2514 645 2537 et
665 2517 762 2545 magno
781 2510 870 2538 studio
885 2512 1010 2546 petieris,

220 2559 346 2594 accipies.
361 2556 425 2584 Pete
440 2563 504 2590 ergo
518 2559 546 2583 ιιι
559 2563 611 2583 non
627 2555 714 2583 solum
731 2555 830 2583 habeas
844 2556 944 2584 donum
957 2558 1010 2585 lin-

219 2613 289 2642 guae,
298 2604 344 2632 sed
353 2603 434 2631 etiam
446 2603 675 2638 interpretationis
688 2612 695 2630 :
707 2608 736 2630 ut
745 2603 783 2630 sis
793 2603 917 2632 omnibus
928 2606 1010 2640 utilis,

219 2658 271 2679 nec
283 2650 384 2677 donum
397 2649 423 2676 iu
442 2653 467 2676 te
481 2648 568 2675 solutn
586 2648 718 2676 includas.
741 2647 812 2675 Nam
831 2649 853 2676 si
873 2658 956 2684 orem,
972 2651 1012 2679 in-

219 2698 286 2731 quit,
301 2697 398 2733 lingua,
418 2695 521 2731 spiritus
533 2703 604 2722 utens
615 2698 681 2728 orat,
700 2702 771 2722 utens
785 2700 868 2722 autem
886 2705 941 2724 mea
958 2698 1012 2726 sine

217 2745 236 2780 [ι
243 2749 303 2771 actu
312 2747 358 2771 est.

252 2790 356 2817 Donum
368 2790 514 2824 linguarum
528 2787 658 2823 quodnam
676 2794 750 2814 esset.
759 2803 795 2808 —
806 2787 929 2817 Vidistin‘
941 2797 1011 2825 quo-

218 2836 298 2864 modo
314 2836 442 2871 paulatim
464 2834 599 2863 extollens
619 2834 779 2867 orationem,
801 2835 926 2863 ostendat
949 2844 1010 2864 eum

221 2883 269 2917 qui
280 2886 325 2910 est
340 2881 488 2917 ejusmodi,
504 2888 558 2909 non
571 2880 657 2909 solum
671 2888 733 2909 esse
745 2881 804 2908 aliis
818 2881 953 2913 inutilem.
964 2883 1010 2912 sed

574 169 602 196 ε.
622 162 760 197 missis
779 156 1017 192 cnnvsosrom
1032 156 1186 186 ARClltEl’.
1207 154 1474 186 CONSTANTl-NOP.

1047 205 1128 232 etiam
1142 204 1193 232 sibi
1209 204 1271 240 ipsi,
1287 203 1419 238 siquidem
1444 209 1520 231 mens
1531 202 1595 237 'ejus
1610 205 1652 230 est
1665 201 1722 228 sine
1740 200 1838 229 fructu.

1046 251 1112 280 Nam
1132 252 1155 279 si
1170 251 1234 286 quis
1255 251 1378 286 loquntur
1399 250 1486 278 solum
1507 249 1649 278 Persarum
1671 249 1773 284 lingua,
1796 252 1842 277 aut

1046 299 1134 335 aliqua
1160 298 1212 326 alia
1235 298 1335 332 aliena,
1363 298 1466 326 nesciat
1491 302 1581 325 autem
1595 305 1655 332 qua:
1671 297 1746 330 dicit,
1769 300 1842 326 certe

1047 346 1127 373 etiam
1139 344 1190 373 sibi
1211 345 1262 380 ipsi
1273 345 1328 380 jam
1341 345 1394 373 erit
1411 345 1553 377 barbarus,
1570 352 1622 371 non
1638 343 1682 371 alii
1697 343 1795 375 solum,
1809 350 1843 371 co

1048 390 1119 427 quod
1134 390 1235 419 nesciat
1252 391 1306 418 vim
1320 391 1403 418 vocis.
1421 390 1505 418 Erant
1518 389 1590 418 enim
1606 389 1754 425 antiquitus
1767 389 1842 417 multi

1049 438 1094 473 qui
1109 437 1241 465 orationis
1255 437 1355 465 do'n‘uln
1375 435 1511 465 habebant
1534 439 1595 464 cum
1617 436 1724 472 lingua;
1738 441 1767 464 et
1780 443 1843 464 ora-

1048 484 1114 513 bant
1128 484 1247 520 quidem,
1262 488 1289 512 et
1301 481 1391 519 lingua
1405 483 1575 519 Ibiquebatur,
1588 485 1634 511 aut
1643 483 1785 511 Persarum
1799 487 1845 510 aut

1049 531 1232 559 Romanorum
1245 534 1312 558 vace
1322 536 1421 564 orans;
1435 536 1513 558 mens
1525 533 1614 558 autem
1628 529 1764 558 nesciebat
1773 530 1845 565 quod

1049 578 1199 606 dicebatur.
1214 577 1278 606 ideo
1290 577 1406 610 dicebat,
1421 577 1453 605 Si
1463 577 1644 614 omn'lingtta.
1659 572 1764 615 spiritus
1777 581 1846 605 metu

1050 628 1107 651 orat
1117 631 1128 656 ,'
1138 623 1169 651 id
1184 628 1235 656 est,
1250 623 1383 652 charisma
1395 624 1466 660 quod
1478 624 1571 652 datum
1585 628 1628 652 est
1637 623 1703 652 mihi
1717 629 1743 652 et
1755 631 1846 652 movet

1050 669 1168 706 linguam
1181 678 1188 704 ;
1204 678 1274 697 mens
1289 669 1375 697 autem
1390 676 1446 697 mea
1460 669 1514 697 sine
1531 671 1614 706 fructu
1630 667 1677 697 est.
1693 668 1762 704 Quid
1782 674 1847 706 emo

1051 716 1182 751 optimum
1196 720 1223 744 et
1238 716 1304 743 utile
1322 716 1386 743 est?
1402 719 1428 743 et
1450 715 1584 751 quomodo
1603 714 1768 749 faciendum,
1783 716 1846 751 quid

1052 761 1198 798 petendum
1211 769 1226 789 a
1236 761 1347 790 Deo'est
1355 761 1368 789 7
1376 761 1451 789 lit-et
1465 761 1571 796 spiritu,
1580 761 1609 788 id
1622 763 1664 788 εει
1674 754 1847 795 charismate,

1053 812 1081 836 et
1103 812 1194 835 mente
1215 810 1318 836 eretur.
1339 807 1375 835 Et
1401 807 1463 835 ideo
1486 803 1616 835 dicebat:
1634 805 1720 834 Graio
1743 808 1846 842 spiritu,

1053 855 1131 882 orabo
1151 858 1176 882 et
1196 856 1297 887 inelite;
1316 853 1427 889 psallam
1449 853 1552 889 spiritu,
1576 854 1686 890 psallam
1708 855 1732 881 et
1755 859 1847 883 urente.

1055 901 1127 929 Idem
1140 909 1234 929 rursus
1252 901 1295 929 hic
1309 908 1416 936 quoque
1431 898 1563 936 signiﬁcat
1578 908 1586 927 :
1601 900 1636 929 Ut
1650 904 1677 928 et
1697 899 1785 936 lingua
1809 900 1849 928 lo-

1053 952 1161 983 quatur,
1177 952 1204 976 et
1222 952 1299 976 mens
1314 955 1367 975 non
1381 947 1488 983 ignoret
1507 948 1539 975 ea
1559 953 1619 982 quas
1632 946 1768 975 dicuntur.
1782 946 1849 975 Nam

1055 994 1106 1022 nisi
1121 995 1171 1022 hoc
1183 995 1228 1028 sit,
1248 994 1299 1022 alia
1314 1001 1420 1030 quoque
1431 993 1484 1022 erit
1501 993 1635 1022 conlusio.
1651 993 1694 1021 16.
1712 991 1813 1020 Etenim
1828 993 1851 1020 si

1055 1040 1224 1074 benedixerit,
1241 1041 1336 1076 inquit,
1358 1039 1461 1076 spiritu,
1479 1040 1523 1075 qui
1539 1039 1641 1076 supplet
1660 1040 1745 1067 locum
1764 1040 1852 1067 idiota

1055 1086 1183 1122 quomodo
1203 1086 1282 1119 dicet,
1301 1086 1392 1119 Amen,
1411 1092 1489 1121 super
1509 1089 1580 1113 luant
1603 1085 1747 1122 gratiarum
1769 1087 1851 1113 actio-

1056 1140 1114 1161 nem
1125 1133 1269 1169 .’quoniam
1288 1133 1350 1168 quid
1370 1133 1441 1160 dicas
1454 1133 1544 1160 nescit.
1563 1133 1608 1160 i'l.
1623 1132 1693 1160 Nam
1707 1138 1734 1160 tu
1750 1133 1853 1168 quidem

1057 1179 1118 1206 bene
1131 1179 1228 1214 gratias
1241 1178 1306 1214 agis,
1323 1178 1367 1205 sed
1386 1178 1451 1205 alter
1467 1186 1518 1205 non
1532 1177 1686 1213 aediﬁcatur.
1701 1177 1768 1206 Vide
1783 1175 1852 1214 quo-

1057 1225 1138 1253 modo
1157 1225 1202 1253 hic
1216 1232 1311 1253 rursus
1325 1225 1441 1260 lapidem
1457 1224 1531 1253 ducit
1543 1224 1578 1253 ad
1595 1225 1735 1259 amussim,
1752 1225 1853 1261 ubique

1057 1279 1181 1307 quaerens
1202 1270 1331 1299 Ecclesiae
1345 1269 1562 1299 tedilicationem.
1579 1270 1691 1300 ldiotam
1705 1276 1794 1300 autem
1809 1272 1853 1300 di-

1058 1318 1094 1345 cit
1109 1317 1216 1350 laicum,
1232 1321 1259 1345 et
1271 1316 1389 1345 Ostendit
1402 1324 1463 1345 eum
1479 1324 1532 1344 non
1545 1324 1656 1353 parvum
1667 1317 1793 1345 damnum
1805 1325 1853 1346 ac-

1057 1363 1160 1398 cipere,
1173 1363 1282 1398 quando
1297 1370 1351 1390 non
1367 1367 1453 1398 potest
1466 1362 1568 1397 dicere,
1580 1363 1675 1391 Amen.
1691 1363 1747 1392 Hoc
1762 1367 1854 1392 autem

1059 1409 1115 1436 volt
1129 1408 1300 1444 signiﬁcare:
1314 1407 1342 1437 Si
1360 1408 1535 1437 barbarorum
1553 1415 1620 1437 voce
1642 1408 1785 1437 benedieas
1806 1417 1853 1438 nc-

1059 1455 1147 1482 sclens
1161 1454 1226 1489 quid
1239 1454 1324 1488 dicas,
1337 1461 1424 1490 neque
1437 1453 1531 1482 valens
1543 1453 1724 1490 interpretari,
1740 1463 1794 1482 non
1806 1462 1855 1490 po-

1061 1505 1113 1528 test
1136 1500 1220 1528 laicus
1241 1499 1416 1536 respondere,
1439 1502 1525 1529 Amen
1542 1509 1549 1527 :
1566 1506 1618 1528 non
1644 1500 1755 1529 audiens
1781 1501 1855 1529 enim

1061 1545 1135 1579 illud,
1151 1545 1179 1573 In
1191 1545 1288 1574 sarcula
1301 1545 1472 1578 stcculorum,
1484 1546 1556 1582 quod
1571 1551 1613 1574 est
1625 1545 1697 1581 ﬁnis,
1713 1554 1765 1574 non
1778 1547 1855 1581 dicit,

1061 1592 1158 1620 Amen.
1181 1592 1282 1620 Deinde
1302 1597 1396 1620 rursus
1416 1599 1477 1620 eum
1501 1592 1656 1626 consolans,
1681 1597 1716 1621 ne
1734 1593 1857 1620 videntur

1061 1637 1162 1665 donum
1174 1637 1250 1665 valde
1258 1637 1423 1673 vilipendere
1435 1647 1442 1664 :
1454 1638 1524 1673 quod
1535 1638 1659 1673 superius
1668 1638 1783 1670 dicebat,
1793 1638 1857 1666 eum

1062 1683 1135 1718 loqui
1157 1683 1295 1718 mysteria,
1317 1687 1344 1711 et
1359 1683 1416 1711 Deo
1429 1683 1512 1719 loqui,
1529 1689 1557 1711 et
1575 1684 1694 1719 scipsum
1709 1684 1855 1718 aediﬁcare,

1061 1733 1089 1757 ct
1102 1737 1180 1757 orare
1199 1730 1312 1764 spiritu;
1328 1731 1362 1757 ex
1376 1729 1418 1758 his
1431 1737 1483 1757 non
1499 1737 1606 1765 parvam
1621 1731 1775 1766 cxcogitans
1788 1737 1856 1758 cou-

1061 1775 1230 1807 solationem,
1254 1775 1306 1802 hoc
1327 1775 1371 1802 hic
1389 1780 1495 1810 quoque
1516 1775 1589 1808 facit,
1614 1776 1706 1804 dicens
1723 1785 1730 1803 :
1746 1775 1813 1803 Nam
1829 1780 1858 1805 tu

1061 1820 1171 1856 quidem
1183 1821 1254 1849 bene
1262 1821 1361 1856 gratias
1376 1820 1449 1856 agis;
1464 1820 1565 1856 Spiritu
1579 1822 1650 1850 enim
1664 1828 1752 1850 motus
1765 1823 1858 1858 loqltc-

1062 1867 1117 1900 ris;
1128 1866 1176 1894 sed
1187 1866 1232 1894 ille
1242 1866 1309 1894 nihil
1321 1864 1443 1900 audiens,
1455 1873 1541 1903 neque
1552 1868 1640 1895 sciens
1649 1875 1708 1903 qua;
1718 1868 1858 1903 dicuntur,

1063 1915 1125 1944 stst,
1138 1918 1191 1940 n0n
1206 1919 1330 1948 magnam
1343 1913 1482 1948 excipiens
1497 1914 1648 1942 utilitatem.

1097 1957 1126 1985 ι.
1143 1958 1243 1986 Deinde
1257 1958 1384 1993 quoniam
1402 1966 1448 1986 eos
1463 1964 1503 1987 est
1517 1959 1663 1987 insectatus
1678 1960 1723 1995 qui
1738 1960 1790 1988 hoc
1806 1959 1858 1988 ha.

1063 2003 1128 2032 bent
1139 2003 1251 2038 donum,
1266 2009 1402 2040 tamquam
1415 2005 1460 2040 qui
1481 2005 1548 2033 nihil
1563 2013 1687 2041 magnum
1708 2005 1837 2035 haberent
1848 2016 1864 2041 ;.

1064 2057 1100 2078 ne
1111 2050 1236 2078 videatur
1250 2050 1332 2078 veluti
1344 2058 1377 2078 eo
1390 2051 1520 2086 privatus,
1536 2058 1584 2079 eos
1597 2051 1773 2087 vilipendere,
1795 2052 1859 2080 vide

1063 2097 1127 2133 quid
1141 2097 1212 2125 dicat
1228 2097 1291 2125 :18.
1305 2096 1406 2124 Gratias
1419 2105 1469 2133 ago
1478 2097 1544 2132 Dea,
1557 2098 1625 2133 quod
1635 2098 1717 2135 magis
1727 2107 1802 2134 quant
1814 2107 1859 2126 vos

1064 2150 1151 2170 omnes
1171 2143 1267 2178 linguis
1289 2143 1389 2178 loquar.
1415 2143 1470 2171 Hoc
1485 2148 1575 2172 autem
1597 2143 1660 2172 facit
1678 2145 1758 2171 etiam
1781 2144 1857 2172 alibi.

1064 2189 1246 2224 Depressurus
1255 2190 1326 2216 enim
1341 2196 1373 2217 ea
1381 2190 1478 2225 quibus
1500 2189 1678 2226 exsuperabat
1692 2190 1857 2224 Judaismus,

1065 2239 1094 2264 et
1099 2240 1258 2263 ostensurus
1267 2243 1296 2262 ea
1305 2234 1371 2262 nihil
1380 2242 1451 2269 esse,
1463 2235 1537 2270 prius
1548 2235 1665 2263 ostendit
1673 2243 1702 2263 se
1711 2243 1740 2263 ea
1747 2235 1858 2269 habere,

1065 2284 1092 2308 et
1112 2281 1189 2316 longe
1204 2280 1336 2315 amplius,
1353 2284 1416 2308 tunc
1429 2288 1536 2316 quoque
1550 2289 1581 2308 ea
1595 2281 1721 2308 damnum
1740 2281 1860 2316 appellat

1065 2327 1158 2354 dicens
1173 2335 1180 2354 :
1196 2320 1227 2354 Si
1239 2327 1297 2361 quis
1307 2327 1406 2354 videtur
1423 2327 1515 2354 habere
1530 2327 1650 2362 fiduciam
1665 2327 1691 2354 in
1711 2334 1796 2360 carne,
1812 2335 1861 2362 ego

1064 2374 1155 2409 magis,
1172 2374 1334 2401 circumcisus
1348 2377 1434 2400 octavo
1455 2374 1506 2406 die,
1528 2381 1559 2401 ac
1573 2381 1665 2408 genere
1679 2372 1770 2406 Israel,
1792 2374 1861 2400 tribu

1065 2419 1211 2453 Benjamin,
1223 2419 1346 2446 Ilebrwtts
1357 2427 1390 2446 ea;
1404 2418 1527 2452 Hebrtzis,
1541 2420 1680 2447 secundum
1696 2421 1775 2455 legem
1788 2418 1860 2446 Plia-

1065 2466 1164 2498 ristzus,
1180 2465 1317 2492 smmdum
1331 2465 1414 2492 zelum
1434 2474 1585 2500 persequens
1601 2465 1750 2499 Ecclesium,
1766 2474 1858 2493 secuti-

1065 2512 1126 2539 dum
1141 2511 1268 2547 justitiam
1282 2518 1339 2548 qua
1351 2516 1386 2539 est
1402 2519 1434 2540 ea:
1447 2513 1511 2548 lege,
1529 2515 1611 2548 factus
1632 2512 1863 2548 irrepreltensibilis

1066 2559 1195 2594 (Philipp.
1212 2559 1238 2586 3.
1253 2559 1338 2594 4.4)).
1361 2559 1395 2586 Et
1422 2563 1484 2586 tunc
1510 2564 1650 2594 postquam
1674 2559 1808 2593 ostendit,
1828 2567 1860 2587 se

1065 2606 1091 2633 in
1106 2606 1147 2633 his
1157 2605 1282 2633 omnibus
1296 2605 1443 2638 abundare,
1461 2605 1545 2633 dicit:
1564 2606 1617 2633 Sed
1632 2613 1689 2640 quae
1709 2606 1771 2632 mihi
1785 2609 1863 2632 erant

1065 2651 1146 2683 lucra,
1162 2659 1192 2678 ea
1211 2651 1334 2678 damnum
1353 2651 1496 2678 existimavi
1511 2655 1615 2686 propter
1631 2650 1760 2679 Christum
1776 2650 1858 2685 (Ibid.

1063 2705 1087 2724 υ.
1101 2698 1138 2733 7).
1160 2697 1198 2724 ita
1220 2697 1263 2724 hic
1276 2704 1381 2732 quoque
1395 2697 1467 2730 facit,
1487 2696 1580 2724 dicens
1597 2706 1603 2724 :
1621 2696 1705 2733 Magis
1718 2705 1794 2733 quam
1815 2705 1860 2724 vos

1037 2741 1041 2743 ’
1063 2752 1150 2771 omnes
1172 2744 1266 2779 linguis
1290 2743 1390 2778 loquor.
1404 2744 1442 2772 Ne
1457 2751 1524 2778 ergo
1542 2742 1708 2777 elleramini,
1735 2748 1762 2771 ct
1781 2743 1860 2771 vobis

1065 2790 1193 2823 placeatis
1212 2795 1347 2824 tamquam
1369 2789 1419 2816 soli
1438 2789 1539 2817 donum
1559 2789 1705 2822 habentes;
1726 2796 1787 2816 nam
1808 2796 1860 2824 ego

1065 2843 1172 2871 quoque
1187 2834 1213 2862 id
1227 2834 1362 2870 possideo,
1377 2839 1404 2862 et
1419 2836 1503 2870 magis
1517 2838 1596 2870 quam
1613 2842 1672 2863 vos.
1694 2835 1739 2862 i9.
1761 2835 1815 2862 Sed
1831 2835 1859 2860 in

1067 2882 1183 2912 Ecclesia
1195 2880 1253 2909 salo
1263 2881 1372 2916 quinque
1384 2882 1459 2910 verba
1466 2890 1541 2911 sensu
1555 2891 1608 2910 meo
1622 2882 1700 2918 loqui,
1715 2886 1743 2909 ut
1756 2885 1779 2908 et
1791 2880 1857 2908 aiio:
