2034 3109
165 124 214 156 561

161 183 308 212 instituam.
320 183 391 218 Quid
405 187 457 217 est,
477 182 560 211 Somn
576 192 628 210 meo
648 183 727 218 loqui,
749 188 775 210 ut
789 187 811 210 et
833 183 897 210 alios
919 183 958 210 in-

163 231 289 259 atituautf
307 230 463 266 lntelligens
476 238 537 265 qua:
558 230 630 263 dico,
648 235 675 257 et
695 237 755 264 qum
771 237 880 265 posstun
901 230 959 257 aliis

166 285 273 312 quoque
289 278 472 312 interpretari.
492 281 519 305 et
539 285 601 304 cum
616 277 790 312 intelligentia
810 277 909 309 dicere,
934 282 960 304 et

166 324 265 351 docere
279 330 327 351 eos
339 323 384 358 qui
398 322 519 350 audiunt.
535 323 617 356 Quam
628 323 715 350 decem
733 323 813 350 millia
827 323 958 350 verborum

166 369 193 396 in
213 368 314 405 lingua.
330 368 438 403 Quare?
460 368 494 396 Ut
515 368 590 401 alios,
615 369 709 404 inquit,
730 369 871 396 instituam.
892 369 957 396 Nam

165 413 230 443 illud
245 415 356 450 quidem
371 415 452 442 habet
471 415 677 443 ostentationem
700 419 814 448 tantum,
839 415 890 442 hoc
908 423 957 441 au-

165 466 217 489 tem
231 460 343 488 multam
365 461 517 488 utilitatem.
534 461 590 488 lloe
603 461 674 488 enim
698 465 748 493 est,
769 461 838 496 quod
859 460 957 496 ubique

163 509 276 544 quaerit,
291 508 362 543 quod
375 509 403 536 in
417 509 552 536 communi
563 509 598 535 sit
612 508 687 536 utile.
702 508 782 543 Atqui
793 507 892 535 donum
906 508 957 534 lin-

163 562 276 590 guarum
295 559 354 583 erat
375 562 474 582 navum
497 558 525 582 et
545 554 673 585 alienum,
697 553 844 588 prophetia:
867 557 955 580 autem

155 601 263 629 1101111111
277 606 435 629 consuetum
450 605 477 627 et
490 600 627 635 antiquunm
641 605 668 627 et
683 599 772 627 multis
785 598 839 633 join
853 598 951 632 datum,

163 647 215 675 hoc
228 652 318 675 autem
332 651 388 674 tum
403 647 517 681 primum
531 654 538 678 ;
560 645 607 673 sed
624 650 713 673 tamen
728 645 754 671 in
768 644 794 672 id
812 652 865 671 non
886 643 955 670 nmi-

163 697 219 720 tum
234 692 350 727 ponebat
362 692 454 720 studii.
468 692 648 726 Quamobrem
660 698 709 718 nec
721 698 754 718 eo
765 698 829 717 usus
839 694 889 722 est,
902 697 955 717 non

161 737 233 773 quod
248 745 304 766 non
318 737 440 770 haberet,
460 736 508 764 sed
523 736 594 771 quod
609 740 744 771 qumreret
757 743 817 770 quae
830 740 891 762 sunt
905 735 957 762 uti-

162 784 231 811 liora
246 793 255 811 :
269 788 328 811 erat
340 783 412 811 enim
426 783 495 811 liber
509 783 543 810 ab
555 782 628 810 omni
645 782 715 809 inani
729 781 824 817 gloria,
836 785 863 808 et
874 788 954 807 unum

161 829 309 865 spectabat,
324 833 354 856 ut
367 829 493 857 meliores
505 828 631 856 redderet
646 827 792 855 auditores.
813 827 954 860 Propterea

160 875 244 903 ctiam
265 879 370 910 poterat
383 875 474 902 videre
487 873 558 909 quod
572 873 622 900 sibi
638 878 665 900 et.
679 873 738 900 aliis
753 877 811 899 erat
831 872 906 904 utile,
922 879 955 898 eo

159 921 232 957 quod
245 925 317 949 esset
330 921 400 949 liber
415 920 449 948 ab
462 920 533 947 inani
547 919 642 955 gloria.
653 919 719 946 Nam
740 918 783 953 qui
797 923 838 945 est
856 918 880 945 111
896 917 955 951 ejus

160 968 319 996 servitutem
331 967 466 998 redactus,
491 974 545 994 non
568 966 665 1002 poterit
681 965 782 998 videre,
799 972 851 991 non
866 965 952 991 solum

160 1014 232 1051 quod
245 1014 316 1047 aliis,
326 1013 374 1042 sed
387 1013 466 1041 etiam
479 1012 551 1048 qttod
563 1012 613 1039 sibi
626 1016 667 1039 est
678 1012 754 1039 utile.
768 1011 839 1038 Talis
848 1010 954 1038 eratSi-

158 1066 235 1092 mon.
249 1060 296 1095 qui
304 1060 430 1095 quoniam
440 1059 472 1087 ad
482 1059 589 1086 inanem
599 1058 702 1092 aspexit
711 1057 833 1092 gloriam,
846 1064 879 1084 ne
889 1056 952 1083 vidit

156 1106 268 1142 quidem
279 1105 350 1141 quod
358 1105 410 1133 sibi
422 1109 479 1133 erat
489 1104 675 1132 conducibile:
689 1104 755 1131 tales
769 1108 845 1130 erant
856 1102 952 1135 JlldiL‘i,

160 1151 206 1187 qui
228 1155 339 1186 propter
351 1158 411 1178 eam
426 1150 533 1177 diabolo
546 1157 620 1177 suam
642 1149 951 1184 propinaruntsalutem.

193 1198 286 1226 Inanis
307 1198 397 1233 glorior
410 1197 457 1224 eis.
479 1196 630 1231 Philosophi
654 1194 737 1223 Graeci
760 1199 953 1230 carpuntur.—

159 1245 228 1273 llinc
241 1245 323 1272 etiam
338 1249 396 1271 orta
412 1248 474 1271 sunt
493 1243 574 1276 idola,
591 1247 618 1271 et
631 1243 736 1270 externi
753 1241 904 1277 philosophi
920 1250 951 1269 ex

159 1291 211 1320 hoc
224 1291 315 1319 furore
328 1291 428 1318 incitati
444 1290 511 1325 lapsi
527 1294 590 1317 sunt
602 1289 635 1316 ad
654 1289 722 1316 mala
737 1288 871 1323 dogmata.
887 1288 953 1315 Vide

157 1342 249 1366 autem
263 1337 343 1373 hujus
363 1337 419 1364 vitii
434 1337 647 1372 perversitatem.
663 1336 714 1364 Per
728 1336 778 1363 hoc
790 1343 822 1363 ex
837 1336 869 1362 iis
884 1343 952 1362 non-

158 1384 225 1412 nulli
239 1383 327 1412 effecti
340 1388 404 1410 sunt
417 1390 558 1419 pauperes,
573 1387 600 1410 et
616 1382 659 1409 alii
675 1381 792 1409 studium
803 1385 953 1417 posuerunt

157 1430 185 1457 in
203 1429 315 1457 divitiis.
339 1428 425 1456 Tanta
450 1433 491 1456 est
511 1428 570 1462 ejus
593 1427 724 1464 tyrannis,
748 1431 776 1454 ut
800 1427 953 1454 dominetur

156 1475 288 1504 etiamin
307 1474 461 1502 contrariis.
478 1474 543 1501 Nam
565 1479 591 1501 et
611 1482 643 1502 ex
667 1473 841 1508 temperantia
857 1472 952 1507 aliquis

156 1521 229 1549 inani
245 1521 330 1556 gloria
345 1521 471 1553 afﬁcitur,
483 1525 510 1548 et
524 1527 616 1548 rursus
632 1520 700 1547 alius
714 1527 747 1547 ex
758 1519 889 1547 adulterio
902 1528 911 1554 ξ
925 1524 952 1546 et

157 1568 203 1596 hic
213 1567 321 1604 quidem
336 1575 370 1595 ex
381 1567 495 1602 justitia,
509 1567 577 1593 alius
597 1573 630 1593 ex
648 1565 786 1600 injustitia,
801 1572 833 1593 ex
849 1565 952 1592 deliciis

156 1618 185 1642 et
198 1621 234 1642 ex
247 1613 363 1650 jejunio,
379 1620 412 1641 ex
434 1613 546 1640 lenitate
559 1616 588 1641 et
607 1620 640 1639 ex
662 1612 784 1645 audacia,
806 1620 838 1639 ex
852 1612 951 1640 divitiis

155 1664 183 1687 ct
197 1667 230 1688 ex
245 1664 411 1695 paupertate.
427 1658 550 1686 Nonnulli
570 1658 641 1686 enim
655 1658 767 1690 externi,
785 1665 845 1685 cum
859 1658 952 1685 liceret

156 1705 226 1733 dona
248 1705 391 1740 accipere;
411 1709 441 1732 ut
464 1704 489 1732 in
513 1703 689 1731 admiratione
704 1703 875 1735 haberentur,
898 1711 950 1730 non

156 1751 332 1787 accipiebant.
357 1751 408 1779 Sed
435 1758 487 1778 non
509 1751 549 1778 sic
571 1750 705 1785 apostoli:
722 1757 782 1776 nam
803 1750 874 1785 quod
894 1751 950 1784 puri

156 1802 247 1826 essent
257 1805 272 1825 a
283 1804 350 1824 vana
361 1797 456 1832 gloria,
465 1795 638 1824 ostenderunt
647 1803 694 1830 per
704 1803 734 1822 ea
745 1803 802 1830 qua:
821 1795 949 1822 fecerunt.

157 1843 263 1871 Etenim
284 1843 392 1878 quando
416 1842 476 1870 illos
493 1842 559 1870 deos
570 1841 712 1873 vocabant,
726 1846 754 1869 et
773 1841 856 1876 parati
875 1845 952 1868 erant

121 1878 124 1881 I
154 1889 187 1917 ad
206 1888 410 1917 sacriﬁcandum
426 1888 491 1923 ipsis
506 1892 598 1915 tauros
619 1891 772 1918 cor0natos,
791 1894 843 1914 non
864 1887 950 1914 solum

155 1935 359 1970 prohibuerunt,
379 1934 425 1962 sed
441 1935 521 1962 etiam
541 1941 588 1962 sua
609 1934 769 1961 vestimenta
791 1932 949 1961 sciderunt:

154 1986 182 2008 ct
194 1980 305 2016 quando
320 1980 444 2008 claudum
463 1983 624 2007 curaverunt
636 2000 643 2011 ,
663 1980 787 2006 omnibus
806 1986 852 2006 eos
868 1978 950 2005 hianti

154 2034 202 2055 ore
222 2026 393 2062 stupentibus
415 2025 565 2053 dixerunt:
583 2025 651 2059 Quid
670 2033 716 2052 nos
736 2024 858 2058 aspicitis,
883 2028 950 2051 lant-

154 2081 233 2107 quam
246 2073 351 2108 propriu
365 2073 455 2100 uirtute
469 2072 602 2108 fecerimus
614 2073 680 2098 hunc
696 2071 826 2098 ainbulare
839 2069 906 2106 (Art.
921 2071 949 2098 5.

154 2119 200 2154 12)
210 2119 223 2146 2
237 2119 270 2147 Et
284 2118 322 2146 illi
337 2118 444 2154 quidem
459 2118 528 2145 inter
539 2117 611 2145 viros
620 2121 802 2152 paupertatem
817 2116 950 2143 admiran-

153 2166 204 2198 tes,
221 2169 407 2201 paupertatem
429 2164 579 2200 eligebant;
605 2163 631 2191 hi
653 2171 717 2191 vero
742 2163 826 2198 ipsam
850 2163 951 2197 eligunt

152 2211 223 2247 apud
243 2211 366 2239 homines
387 2210 431 2246 qui
451 2214 635 2245 paupertatem
651 2213 781 2245 spernunt
798 2213 825 2237 et
844 2209 949 2237 divitias

152 2257 274 2286 laudant.
292 2258 325 2285 Et
340 2257 366 2284 hi
391 2257 510 2292 quidem,
535 2257 557 2284 si
578 2256 640 2291 quid
664 2260 834 2291 acceperant,
857 2256 949 2291 egenis

152 2311 232 2338 opem
246 2302 389 2335 ferebant;
403 2302 439 2330 ita
453 2311 506 2330 non
519 2307 629 2338 propter
644 2302 750 2330 inanem
762 2302 884 2337 gloriam,
899 2302 946 2329 sed

152 2354 264 2386 propter
289 2350 479 2385 benignitatem
503 2349 592 2376 omnia
617 2349 750 2376 faciebant
769 2358 776 2375 :
800 2349 838 2376 illi
859 2354 947 2376 autem

152 2396 231 2430 plane
243 2395 420 2428 contrarium,
435 2399 571 2430 tamquam
584 2395 629 2430 qul
642 2398 733 2422 essent
745 2394 845 2421 inimici
860 2400 888 2421 et
903 2401 943 2429 pe-

150 2447 206 2471 stes
225 2441 379 2470 communis
402 2447 516 2474 natura),
542 2443 599 2470 haec
622 2442 660 2469 sic
677 2449 783 2477 quoque
803 2442 946 2469 faciebant.

149 2487 216 2515 Nam
229 2487 300 2516 alius
312 2488 420 2523 quidem
440 2487 538 2515 frustra
553 2492 580 2515 et
603 2492 703 2515 temere
717 2494 812 2514 omnes
828 2494 890 2514 suas
910 2487 949 2515 ta-

150 2534 267 2563 cultatcs
289 2534 316 2561 in
339 2541 414 2562 mare
434 2533 617 2568 demergebat,
631 2533 718 2560 fatuos
739 2533 846 2560 imitans
860 2537 887 2560 et
901 2540 947 2560 eos

150 2579 196 2615 qui
208 2585 272 2609 sunt
287 2580 390 2608 insana:
402 2580 500 2607 mentis
517 2589 522 2607 :
538 2580 606 2607 alius
628 2585 716 2607 autem
735 2579 841 2607 sinebat
853 2587 946 2606 omnes

149 2633 213 2654 suos
227 2632 308 2662 agros
322 2626 430 2661 depasci
444 2626 478 2653 ab
491 2626 596 2653 ovibus.
620 2626 665 2653 Sic
684 2626 772 2653 omnia
794 2625 864 2660 apud
888 2625 946 2652 illos

150 2671 183 2700 ad
196 2679 295 2699 vanam
311 2671 425 2708 gloriam
440 2672 606 2706 spectabant.
624 2671 675 2698 Sed
694 2679 747 2698 non
764 2670 802 2704 hi,
815 2671 869 2698 imo
882 2678 946 2697 vero

148 2725 209 2753 qua
220 2718 358 2746 dabantur
369 2717 546 2752 accipiebant,
562 2722 590 2745 et
599 2717 793 2745 distribuebant
805 2716 945 2751 egentibus

148 2772 211 2793 cum
226 2769 302 2793 tanta
314 2764 485 2796 liberalitate,
498 2768 527 2792 ut
539 2764 619 2792 etiam
633 2765 659 2792 in
672 2764 741 2791 fame
755 2766 885 2799 perpetua
895 2763 943 2790 de-

149 2815 254 2846 serent.
267 2811 298 2839 Si
315 2815 406 2839 autem
422 2810 535 2846 gloriam
550 2815 695 2843 amassent,
718 2818 770 2838 non
793 2810 844 2838 hoc
866 2810 943 2836 fecis-

151 2861 218 2891 sent,
230 2863 332 2893 nempe
347 2861 375 2885 ut
389 2857 542 2893 acciperent
560 2862 587 2885 et
601 2857 802 2891 distribuerunt,
818 2857 942 2884 timentes

679 121 712 152 IN
730 125 837 154 EPIST.
859 125 868 153 1
896 125 941 153 AD
961 125 1039 154 COR.
1056 125 1173 156 HOMIL.
1189 128 1297 157 XXXV.

1755 136 1807 164 303

1015 190 1048 210 ne
1061 188 1154 212 contra
1177 185 1250 220 ipsos
1272 186 1360 222 aliqua
1382 187 1452 216 foret
1466 189 1592 225 suspicio.
1608 190 1674 218 Nam
1695 193 1740 227 qul
1759 200 1805 220 sua

1012 229 1103 262 abjicit
1123 235 1232 266 propter
1246 232 1368 267 gloriam,
1385 234 1469 262 multo
1484 236 1566 271 magis
1580 244 1632 263 non
1648 238 1760 272 accipiet
1773 248 1804 266 ea

1011 282 1071 308 quae
1084 280 1146 302 sunt
1160 276 1284 309 aliorum.
1300 287 1333 306 ne
1348 280 1469 308 videatur
1480 289 1559 316 cgere
1573 282 1643 316 aliis,
1657 291 1743 318 neque
1755 292 1802 312 ve-

1011 321 1064 348 niat
1079 321 1104 348 in
1118 323 1308 357 suspicionem.
1324 326 1377 353 llos
1390 332 1479 355 autem
1491 327 1566 356 vides
1579 333 1606 355 et
1622 328 1802 358 ministrantes

1010 372 1037 395 et
1047 367 1246 397 emendicantes
1260 378 1308 405 pro
1318 372 1457 407 egentibus
1473 384 1480 401 ;
1495 373 1561 402 adeo
1574 379 1652 402 erant
1663 376 1741 403 etiam
1755 384 1803 411 pa-

1011 413 1096 440 tribus
1121 415 1284 449 quibuslibet
1310 419 1481 447 amantiores.
1508 419 1574 448 Vidc
1599 426 1688 449 autem
1709 430 1801 450 eorum

1010 466 1116 495 qttoque
1129 460 1202 496 leges
1217 462 1379 497 moderatas,
1401 465 1475 493 etab
1498 466 1568 493 inani
1591 467 1676 502 gloria
1691 468 1801 496 liberas.

1011 503 1138 533 [labentes
1149 507 1230 540 enim,
1243 508 1337 543 inquit,
1354 510 1498 537 uestimenta
1512 516 1534 537 et
1547 512 1678 546 alimento,
1691 513 1730 540 liis
1742 522 1802 540 ron-

1010 551 1072 577 tenti
1086 552 1179 579 erimus
1193 553 1231 589 (l.
1247 553 1315 580 Tim.
1332 554 1358 582 6.
1371 555 1400 589 8)
1417 564 1423 582 :
1440 564 1491 583 non
1511 557 1580 585 sicut
1599 558 1643 586 ille
1658 559 1800 595 Sinopeus.

1008 597 1052 631 qui
1077 599 1171 631 pannis
1195 600 1297 628 obsitus
1320 606 1345 628 et
1366 602 1466 629 dolium
1489 604 1631 638 habitans,
1652 613 1712 632 cum
1735 606 1800 633 nihil

1011 648 1081 671 esset
1099 652 1178 679 opus,
1203 648 1301 675 multos
1324 649 1430 683 quidem
1456 651 1606 685 stupefecit,
1632 653 1696 679 nulli
1711 658 1799 680 autem

1008 689 1117 723 profuit.
1135 691 1231 720 Paulus
1251 699 1339 721 autem
1365 695 1431 723 nihil
1447 696 1542 724 horum
1564 697 1698 725 faciebat:
1716 707 1801 734 neque

1008 737 1079 763 enim
1094 739 1231 771 spectabat
1249 740 1421 768 ambitionem
1441 747 1469 770 et
1493 743 1602 770 honoris
1626 743 1798 776 desiderium.

1009 782 1055 809 sed
1069 787 1095 809 et
1109 783 1207 812 decore
1228 785 1389 814 induebatur
1404 788 1533 821 vestibus,
1553 793 1579 816 et
1601 789 1672 817 domi
1695 791 1801 819 assidue

1008 827 1154 861 habitabat,
1171 838 1252 865 seque
1273 832 1351 865 plane
1368 834 1515 867 perfectum
1534 835 1691 863 ostendebat
1705 836 1730 863 in
1750 836 1800 864 alia

1007 874 1080 901 omni
1103 875 1202 903 virtute
1219 885 1225 902 :
1240 877 1311 911 quod
1333 877 1498 912 despiciebat
1519 879 1644 915 Cynicus,
1671 881 1802 916 intempe-

1008 923 1098 946 ranter
1111 920 1202 948 vivens
1224 926 1250 948 et
1271 922 1357 956 palam
1373 923 1499 951 indecore
1522 932 1551 952 sc
1574 933 1671 959 gerens
1693 926 1743 962 (η),
1766 928 1801 952 ah

1008 964 1078 991 inani
1090 965 1172 1000 gloria
1189 966 1327 1002 abreptus.
1344 968 1372 996 Si
1386 969 1445 1004 quis
1460 970 1530 997 enim
1543 975 1618 1006 roget
1629 979 1677 998 cur
1691 973 1715 998 in
1728 972 1801 999 dolio

1008 1011 1176 1044 habitaverit,
1193 1014 1294 1041 nullam
1309 1015 1388 1042 aliam
1402 1023 1508 1043 causam
1526 1017 1640 1045 inveniet
1655 1026 1734 1053 quam
1755 1027 1800 1045 va-

1007 1066 1067 1085 nam
1081 1058 1203 1094 gloriam.

1041 1104 1069 1131 5.
1095 1103 1166 1131 Vana
1181 1105 1263 1140 gloria
1277 1114 1343 1133 swva
1356 1107 1450 1134 bellua.
1459 1123 1494 1128 -—-—
1506 1108 1603 1136 Paulus
1616 1114 1704 1137 autem
1719 1110 1798 1138 etiam

1006 1150 1124 1182 domum.
1140 1159 1219 1186 quam
1240 1152 1331 1180 Roma:
1349 1153 1493 1188 incolebat,
1519 1155 1643 1183 mercede
1660 1156 1798 1184 conduxit.

1006 1195 1171 1230 Quamquam
1192 1198 1236 1232 qui
1256 1197 1334 1232 longe
1360 1198 1468 1226 fortiora
1483 1203 1598 1233 poterat,
1617 1201 1700 1227 multo
1716 1202 1800 1236 magis

1006 1242 1057 1269 hoc
1071 1243 1211 1276 potuisset.
1224 1243 1276 1270 Sed
1292 1252 1344 1271 non
1357 1245 1504 1279 aspiciebat
1516 1245 1548 1272 ad
1564 1245 1686 1280 gloriam.
1702 1254 1799 1274 smvatn

1005 1288 1132 1322 helluatn,
1147 1289 1485 1324 horrendumdinmonem,
1498 1296 1600 1326 pestem
1621 1293 1694 1320 orbis
1710 1298 1797 1326 terra‘,

1007 1340 1165 1363 venenatam
1180 1337 1308 1370 viperam.
1325 1337 1401 1365 Sicut
1422 1338 1492 1364 enim
1513 1338 1556 1364 illa
1573 1338 1656 1366 bestia
1675 1340 1800 1368 dentibus

1006 1386 1110 1409 uterum
1123 1383 1214 1410 matris
1229 1383 1365 1418 discerpit,
1383 1384 1417 1411 ita
1432 1385 1512 1412 etiam
1526 1385 1578 1413 hoc
1590 1386 1682 1413 vitium
1696 1394 1794 1421 paren-

1006 1432 1058 1455 tem
1072 1427 1209 1455 dilacerat.
1225 1429 1364 1456 Undenam
1379 1438 1442 1465 ergo
1457 1431 1530 1458 vario
1543 1431 1605 1459 huic
1618 1433 1711 1460 morbo
1723 1433 1800 1461 invc-

1005 1473 1077 1501 neris
1091 1474 1334 1502 medicamentum?
1345 1474 1373 1502 Si
1385 1483 1433 1502 eos
1447 1476 1491 1511 qui
1507 1477 1592 1511 ipsum
1607 1477 1799 1506 conculcarunt

1005 1519 1031 1545 in
1043 1519 1159 1546 medium
1176 1519 1330 1553 adduxeris,
1347 1525 1373 1548 et
1387 1521 1419 1548 ad
1435 1521 1539 1549 illorum
1557 1522 1698 1557 imaginem
1715 1525 1800 1559 respi-

1004 1564 1088 1598 ciens,
1100 1565 1139 1592 sic
1153 1565 1233 1592 vitam
1247 1567 1443 1600 composueris.
1460 1567 1612 1595 [‘atriarcha
1627 1569 1697 1596 enim
1712 1570 1798 1597 Abra-

1005 1610 1085 1641 ham;
1102 1611 1148 1638 sed
1169 1619 1248 1638 nemo
1264 1612 1329 1639 mihi
1343 1613 1408 1640 vitio
1425 1618 1511 1640 vertat
1533 1613 1652 1648 ejusdem
1667 1616 1705 1642 rei
1719 1623 1798 1650 repe-

1005 1658 1135 1689 titionem,
1151 1660 1172 1684 si
1184 1666 1255 1692 smpe
1267 1660 1324 1691 ejus
1340 1663 1366 1686 et
1380 1659 1405 1686 in
1417 1660 1542 1687 omnibus
1556 1661 1729 1689 meminintts.
1742 1662 1799 1690 Hoc

1004 1703 1074 1730 enim
1095 1708 1136 1731 est
1149 1704 1218 1738 qttod
1234 1704 1309 1731 illum
1323 1712 1431 1740 quoque
1446 1706 1534 1733 reddit
1547 1707 1663 1734 maxime
1680 1707 1798 1735 admira-

1004 1750 1095 1783 bilem,
1112 1754 1138 1777 ct
1154 1758 1200 1777 eos
1214 1751 1258 1784 qui
1274 1759 1325 1778 non
1343 1751 1428 1786 ipsum
1440 1752 1610 1785 mmulantur,
1623 1754 1694 1780 omni
1710 1754 1799 1788 privat

1004 1797 1090 1823 venia.
1116 1796 1181 1823 Nam
1197 1797 1218 1823 si
1234 1805 1294 1824 eum
1312 1797 1419 1832 quidem
1442 1798 1468 1825 111
1492 1803 1567 1833 parte
1581 1799 1680 1834 aliqua,
1698 1800 1723 1827 in
1746 1801 1797 1828 alia

1003 1845 1091 1869 autem
1108 1847 1183 1876 parte
1198 1842 1278 1869 alittm
1301 1851 1329 1871 se
1353 1848 1425 1871 recte
1447 1844 1563 1879 gessisse
1586 1845 1796 1878 ostenderimus.

1003 1887 1101 1914 dixerit
1114 1887 1209 1922 aliquis
1229 1887 1339 1916 dilﬁcile
1352 1896 1411 1916 esse
1430 1890 1534 1916 virtutis
1553 1891 1727 1923 exercitium;
1743 1899 1795 1918 non

1003 1940 1063 1960 esse
1082 1933 1154 1960 enim
1170 1932 1248 1961 facile
1265 1934 1354 1961 omnia
1375 1935 1454 1961 simul
1473 1940 1545 1963 recte
1564 1943 1668 1970 gerere,
1683 1945 1795 1972 qttorum

1003 1982 1105 2012 partem
1121 1983 1273 2006 sanctorum
1290 1980 1384 2014 singuli
1398 1985 1541 2015 gesserunt
1555 1990 1562 2008 :
1576 1989 1636 2009 cum
1652 1987 1740 2010 autem
1757 1983 1797 2010 in-

1003 2024 1126 2051 veniatur
1145 2032 1214 2052 unus
1229 2029 1255 2051 et
1271 2025 1340 2052 idem
1361 2026 1450 2053 omnia
1465 2026 1598 2060 obtinere,
1614 2035 1693 2063 quam
1713 2029 1796 2056 habe-

1002 2069 1068 2096 bunt
1082 2070 1280 2097 excusationem
1301 2071 1345 2105 qui
1369 2076 1428 2105 post
1450 2072 1535 2107 legem
1556 2077 1582 2100 et
1606 2074 1717 2108 gratiam
1741 2082 1794 2101 non

1003 2121 1114 2149 possunt
1136 2116 1170 2142 ad
1188 2116 1310 2143 eamdem
1327 2117 1467 2152 pervenire
1487 2126 1652 2152 mensuram,
1667 2118 1700 2146 ad
1716 2127 1795 2154 quam

1002 2162 1046 2196 qui
1063 2161 1170 2188 fuerunt
1188 2167 1250 2190 ante
1267 2163 1350 2197 legem
1372 2168 1399 2190 et
1422 2163 1555 2198 gratiam?
1570 2164 1710 2198 Quomodo
1731 2174 1796 2201 ergo

1002 2207 1046 2234 hic
1070 2207 1221 2241 patriarcha
1248 2208 1316 2235 hanc
1347 2208 1460 2236 heilnam
1491 2210 1555 2236 vicit
1580 2215 1606 2236 et
1638 2211 1795 2245 superavit,

1001 2253 1109 2288 quando
1132 2253 1180 2281 fuit
1194 2254 1217 2280 ci
1240 2256 1424 2282 controversia
1449 2262 1509 2282 cum
1535 2255 1589 2282 ﬁlio
1604 2256 1715 2283 fratris?
1729 2256 1794 2284 Nam

1000 2307 1060 2326 cum
1077 2300 1165 2327 minor
1178 2301 1266 2335 portio
1281 2301 1304 2328 ei
1318 2300 1468 2335 obtigisset,
1488 2302 1512 2328 ei
1528 2302 1628 2336 primas
1640 2308 1729 2337 partes
1743 2311 1795 2330 non

1000 2349 1072 2372 esset
1086 2350 1256 2381 assequutus,
1278 2354 1330 2373 non
1353 2346 1448 2373 doluit.
1472 2346 1551 2374 Scitis
1571 2353 1660 2375 autem
1676 2348 1747 2383 quod
1769 2349 1794 2375 111

1001 2392 1041 2419 his
1056 2393 1136 2419 rebus
1155 2392 1272 2420 dedecus
1287 2397 1327 2420 est
1341 2393 1417 2428 pejus
1439 2393 1537 2421 damno
1553 2393 1585 2420 iis
1601 2395 1644 2429 qui
1667 2401 1730 2422 sunt
1745 2403 1795 2430 pu-

1000 2437 1051 2464 silli
1067 2437 1160 2471 animi,
1173 2443 1200 2465 et
1212 2439 1326 2465 maxime
1337 2439 1444 2474 quando
1457 2439 1514 2474 ipse
1527 2440 1645 2467 omnium
1658 2440 1794 2473 dominus.

1000 2484 1068 2511 sicut
1085 2489 1147 2511 tunc
1160 2485 1215 2517 ille,
1237 2489 1264 2512 et
1285 2485 1329 2519 qui
1354 2486 1428 2519 prior
1443 2490 1562 2521 coeperat
1581 2486 1725 2519 honorare,
1740 2496 1794 2515 non

1000 2531 1117 2558 vicissim
1132 2531 1234 2559 honore
1246 2532 1371 2559 arlicitut.
1391 2532 1443 2560 Sed
1460 2537 1547 2560 tamen
1564 2532 1628 2560 nihil
1651 2534 1745 2560 horum
1762 2533 1795 2561 il-

1000 2576 1054 2603 lum
1069 2578 1223 2611 momordit,
1245 2578 1292 2604 sed
1314 2582 1413 2605 etcum
1429 2579 1559 2606 secundas
1576 2578 1689 2607 haberet
1703 2584 1793 2615 partes

1001 2623 1048 2650 fuit
1060 2628 1213 2656 contentus,
1230 2629 1257 2651 et
1272 2624 1367 2659 injuria
1389 2625 1501 2652 aﬁ'ectus
1519 2632 1533 2652 a
1546 2625 1645 2660 juvene
1657 2633 1750 2659 senex,
1767 2631 1793 2654 et

999 2674 1109 2703 patruus
1131 2677 1146 2695 a
1171 2669 1259 2696 fratris
1282 2669 1347 2702 lilio,
1364 2678 1417 2697 non
1442 2671 1595 2698 succensuit
1616 2679 1703 2707 neque
1721 2679 1791 2706 aegre

999 2715 1069 2747 tulit,
1083 2715 1129 2743 sed
1145 2716 1268 2743 similiter
1280 2723 1342 2743 eum
1355 2717 1462 2744 amabat
1473 2721 1500 2744 et.
1510 2717 1632 2745 curabat.
1644 2717 1746 2745 liursus
1757 2725 1790 2744 ex

999 2769 1094 2796 magno
1109 2762 1153 2788 illo
1165 2767 1191 2789 et
1208 2762 1316 2790 terribili
1333 2762 1403 2790 bello
1418 2768 1494 2798 parta
1506 2763 1626 2793 victoria.
1639 2764 1717 2798 vique
1730 2770 1791 2797 pro«

1029 2828 1065 2858 (α)
1082 2828 1140 2857 Qun:
1154 2829 1194 2853 hic
1209 2829 1240 2853 dc
1260 2829 1372 2859 Diogene
1385 2830 1473 2860 Cynico
1486 2829 1606 2860 feruntur,
1619 2828 1680 2859 apud
1693 2827 1791 2860 _Dtoge-

999 2866 1055 2884 nem
1062 2860 1182 2885 luei‘tiutn
1193 2864 1217 2884 t:l
1230 2858 1354 2885 sexcentis
1367 2861 1390 2885 in
1402 2858 1455 2885 aliis
1467 2863 1579 2885 veterum
1592 2858 1651 2884 locis
1662 2858 1789 2883 habentur.
