2034 3109
244 140 296 169 303

247 199 360 235 pulsatis
373 201 399 226 et
410 194 555 232 profligatis
569 193 700 225 barbaris,
715 192 749 219 de
761 191 871 219 victoria
885 197 936 217 non
948 189 1042 217 trium-

247 244 312 280 phat
332 253 378 271 nuc
400 241 478 277 erigit
493 245 621 275 troptctnn
635 249 641 267 :
658 237 763 265 volebat
777 237 849 265 enim
865 240 967 263 tantum
984 242 1042 262 scr-

247 297 321 322 vare,
346 297 398 316 non
421 296 450 316 se
475 291 619 314 ostentare.
646 284 756 319 Excepit
780 289 872 311 rursus
902 282 1040 316 hospiti-5;

247 344 335 372 neqtte
357 336 399 363 hic
419 334 491 362 inani
512 332 595 368 gloria
615 331 754 363 laboravit,
771 329 817 357 sed
832 332 859 357 et
873 329 930 364 ipse
945 335 1040 355 occur-

247 383 325 411 rebat
345 387 374 410 et
396 380 533 412 adorabat,
549 386 602 405 non
625 383 759 411 tamquam
780 376 846 403 dans
869 374 1039 407 benelicium,

246 428 295 456 sed
310 433 443 462 tamquam
465 423 596 453 beneficio
615 424 724 450 allectus
738 432 744 449 :
760 426 787 449 et
807 425 884 448 vocat
905 419 1039 453 dominos,

247 473 372 502 nesciens
385 471 490 507 quidem
507 471 613 506 quinam
629 468 815 500 accessissent,
828 471 855 494 et
869 466 927 493 loco
937 464 1041 492 ancillae

246 519 385 549 constituit
399 526 520 546 uxorem.
535 516 602 544 Cum
616 521 704 543 autem
723 520 803 542 antea
818 514 844 541 in
862 508 976 548 Egypto
991 511 1040 539 ad-

247 564 379 593 mirabilis
397 563 573 599 apparuisset,
592 566 619 589 et
641 561 710 588 hanc
732 559 815 594 ipsam
834 566 943 586 uxorein
964 565 1040 585 recc-

247 612 341 647 pisset,
359 614 514 645 tantumque
529 612 601 636 esset
615 608 743 634 honorent
763 609 954 639 consequutus,
971 603 1040 638 apud

247 657 382 685 neminem
396 664 425 684 se
439 659 570 687 ostentat;
590 653 637 681 sed
653 651 785 686 indigena:
799 650 907 686 quidem
921 656 980 677 eum
995 657 1040 676 re-

248 712 309 739 gem
322 702 504 738 appellabant,
517 702 574 736 ipse
585 704 674 727 autem
690 699 769 726 solvit
783 698 897 733 pretium
913 696 1038 731 sepulcri.

245 751 312 778 Cum
327 754 415 777 autem
429 748 546 776 mitteret
560 746 699 778 famulum,
711 751 822 772 uxorem
839 743 893 771 lilio
907 743 1040 770 adductu-

246 804 316 830 rum,
331 795 397 822 nihil
414 794 493 829 jussit
512 800 634 828 magnum
655 797 700 818 aut
721 790 875 825 pratclarum
895 789 929 816 de
949 797 978 816 sc
998 788 1040 815 di-

246 850 317 874 cere,
337 841 385 869 Sed
407 841 492 868 solum
509 846 635 875 sponsam
653 837 797 864 adducere.
820 835 865 862 Vis
880 834 960 863 etiam
977 843 1040 862 exa-

247 889 351 916 minare
365 895 412 914 eos
427 886 471 921 qui
483 890 557 913 erant
569 884 618 912 sub
631 883 725 919 gratia,
741 881 847 918 quando
863 888 910 909 eos
923 879 1040 916 undique

245 934 448 962 circumfluebat
467 940 561 967 magna
577 930 707 959 doctrinae
724 929 819 965 gloria,
833 932 860 955 et
875 928 966 955 videre
989 927 1040 956 huc

246 988 353 1015 quoque
368 979 461 1006 vitium
476 983 539 1006 tunc
553 977 668 1012 ejectum
682 981 709 1003 et
721 973 909 1002 eliminatum?

283 1025 360 1052 Pauli
374 1025 440 1052 laus.
451 1024 588 1059 -—Cogila
603 1022 666 1049 milii
682 1022 751 1049 hunc
765 1021 851 1056 ipsum
868 1020 912 1055 qui
927 1019 984 1046 lucc
999 1019 1039 1046 di-

245 1072 291 1105 cit,
310 1071 444 1106 qnomodo
465 1078 573 1105 semper
593 1073 676 1096 totum
701 1068 756 1095 Deo
777 1067 884 1098 tribuat,
904 1066 1039 1101 quomodo

245 1125 354 1144 suorum
369 1116 477 1152 quidem
490 1119 658 1150 peccatorum
670 1113 776 1140 assidue
790 1113 952 1146 meminerit,
966 1116 1040 1140 recte

246 1168 334 1190 auteiti
357 1161 489 1189 factorum
516 1169 568 1188 non
592 1160 666 1187 item.
682 1157 734 1186 Sed
757 1158 779 1185 si
796 1157 902 1193 quando
916 1162 1040 1192 oporteat

244 1209 381 1244 corrigere
395 1207 540 1242 discipulos
556 1211 580 1235 el
594 1209 704 1239 cogatur
725 1204 775 1231 hoc
790 1203 888 1236 facere,
906 1211 966 1230 eam
981 1210 1038 1230 rem

246 1261 322 1281 vocat
343 1253 532 1288 insipientiam,
550 1256 577 1278 et
589 1251 669 1278 Petro
689 1249 789 1284 primas
807 1249 878 1276 cedit
893 1257 899 1274 :
917 1256 966 1276 nec
979 1257 1040 1276 eru-

245 1300 332 1328 bescit
345 1299 450 1334 operari
465 1297 534 1332 apud
549 1293 737 1324 Priscillam‘ct
750 1294 872 1330 Aquilam
884 1295 954 1329 (Act.
971 1295 1017 1330 18)
1030 1304 1037 1323 :

243 1351 272 1373 et
287 1345 383 1380 ubique
395 1350 506 1372 conatus
520 1347 560 1370 est
574 1350 603 1369 se
616 1341 760 1369 ostendere
778 1340 905 1368 humilem
924 1345 950 1368 et
963 1340 1038 1375 abje-

243 1396 326 1424 etum,
344 1399 397 1417 non
422 1390 448 1417 in
472 1389 530 1416 foro
548 1388 664 1424 superbe
688 1388 816 1415 incedens
839 1394 925 1422 neque
947 1388 1040 1416 turbas

245 1436 448 1469 circumferens,
463 1435 508 1462 sed
522 1442 551 1462 se
564 1434 684 1462 referens
695 1433 720 1460 in
735 1441 874 1461 numerum
889 1440 981 1460 eorum
993 1433 1038 1469 qui

245 1488 307 1511 sunt
320 1482 427 1511 obscuri
439 1486 466 1509 et
481 1489 533 1508 non
550 1481 678 1515 insignes.
694 1480 727 1507 Et
746 1479 806 1506 ideo
823 1479 942 1513 diccbat,
964 1478 1039 1507 Prat—

244 1530 325 1557 renlia
337 1534 420 1555 autem
436 1527 550 1562 corporis
562 1531 598 1553 est
612 1525 715 1560 inﬁrma
726 1525 764 1559 (Ξ.
777 1525 837 1552 Cor.
857 1525 900 1553 10.
917 1526 972 1560 10),
988 1524 1039 1552 hoc

244 1580 296 1609 est,
315 1573 497 1610 despicienda,
516 1578 544 1600 et
560 1580 619 1607 quae
641 1571 742 1598 nullum
760 1571 856 1598 habeat
874 1570 991 1604 fastum;
1012 1575 1040 1598 ct

244 1629 338 1649 rursus
354 1629 359 1647 :
378 1620 445 1655 Opto
458 1628 500 1646 vos
516 1618 580 1646 nihil
598 1617 659 1644 mali
672 1619 764 1652 facere,
779 1624 810 1643 ne
825 1624 870 1643 nos
890 1616 988 1652 probati
1002 1619 1040 1645 vi-

244 1667 350 1694 dcantur
364 1665 402 1701 (Ξ.
420 1664 479 1692 Cor.
499 1664 540 1691 l5.
558 1664 595 1698 7).
612 1662 643 1689 Et
658 1661 719 1697 quid
735 1663 843 1693 mirnni,
862 1661 884 1688 si
905 1662 973 1689 hanc
988 1662 1037 1690 de-

244 1713 324 1749 spicit
350 1711 485 1747 gloriam?
501 1710 550 1744 Qui
566 1710 637 1737 enim
652 1716 794 1743 supernam
816 1708 886 1735 illam
914 1708 1037 1743 despicit,

248 1765 278 1787 ut
291 1764 317 1786 et
333 1766 442 1793 regnum
466 1761 493 1784 et
515 1756 675 1792 gehennam,
691 1753 837 1781 secundum
860 1753 959 1781 Christi
983 1755 1039 1789 pla-

244 1806 326 1834 citum
344 1805 431 1840 (optat
455 1802 526 1829 enim
541 1809 600 1829 esse
625 1801 766 1828 anathema
789 1808 804 1827 a
827 1800 935 1828 Christo
947 1799 1036 1836 [Ram.

244 1851 271 1879 9.
288 1851 304 1878 5
318 1850 327 1886 ]
342 1858 390 1885 pro
413 1848 510 1876 Christi
530 1847 614 1882 gloria
629 1855 636 1872 :
652 1854 713 1873 nain
737 1846 841 1873 etiamsi
867 1854 914 1880 pro
937 1845 1038 1874 Judteis

245 1897 297 1924 hoc
311 1904 340 1923 se
355 1894 426 1923 dicat
440 1893 507 1921 velle
518 1893 581 1928 pati,
599 1892 650 1918 hoc
665 1891 738 1922 dicit.
754 1898 787 1918 ne
807 1891 865 1926 quis
878 1891 975 1918 stultus
990 1899 1038 1926 pu-

245 1947 285 1970 tet
298 1942 384 1976 ipsnni
404 1939 599 1976 promissiones
615 1938 667 1965 illis
691 1937 773 1965 factas
791 1937 841 1964 sibi
857 1936 974 1970 sumere)
991 1945 997 1963 ε
1014 1937 1037 1964 si

245 1988 290 2015 ille
305 1995 328 2014 ei
336 1995 370 2022 go
384 1990 492 2021 paratus
512 1989 569 2012 erat
586 1991 617 2011 ea
634 1984 779 2018 prasterire,
799 1982 862 2018 quid
883 1982 999 2014 miraris,
1015 1983 1037 2009 si

246 2034 363 2061 humana
377 2031 510 2066 despicit?
524 2030 576 2058 Sed
599 2037 646 2057 eos
659 2029 703 2065 qui
720 2036 790 2055 nunc
805 2032 867 2055 sunt
879 2028 1039 2064 demergunt

245 2080 346 2113 omnia,
362 2087 415 2106 non
431 2078 517 2106 solum
538 2076 631 2112 glorise
652 2075 795 2110 cupiditas,
810 2074 857 2102 sed
877 2075 957 2102 etiam
972 2082 1038 2102 con-

246 2127 367 2157 trarium,
383 2123 545 2152 contumelia
565 2127 592 2149 ct
613 2125 700 2149 metus
723 2120 849 2148 infamia).
874 2120 940 2148 Nam
965 2125 992 2148 et
1015 2120 1037 2148 si

245 2172 376 2208 quispiam
393 2169 550 2202 laudaverit,
570 2167 738 2199 intumescis,
753 2171 780 2194 et
801 2166 823 2193 si
838 2166 1036 2201 vittipcraverit,

246 2217 416 2252 deprinieris.
441 2216 474 2243 Et
496 2215 563 2242 sicut
585 2221 697 2248 corpora
719 2212 851 2240 imbecilla
867 2211 1038 2239 offenduntur

246 2264 314 2291 vela
328 2261 500 2298 quibuslibet,
516 2261 551 2287 ita
564 2260 644 2287 etiam
658 2259 759 2294 pusillae
770 2263 797 2286 et
807 2258 918 2299 abjecta:
929 2257 1035 2284 anima).

247 2310 300 2337 Eos
316 2308 387 2336 enim
401 2308 446 2343 qui
463 2310 524 2334 sunt
539 2305 699 2340 hujusmodi,
715 2312 767 2331 non
782 2304 868 2331 solum
882 2307 1036 2337 paupertas,

248 2355 295 2382 sed
315 2354 395 2382 etiam
411 2353 510 2380 divitia:
525 2352 659 2387 perdunt;
679 2358 733 2377 non
751 2350 856 2377 tristitia
871 2350 969 2381 solum,
990 2350 1037 2377 sed

247 2401 327 2427 ctiam
350 2399 485 2434 gaudium,
501 2403 528 2425 et
550 2406 607 2432 qua:
632 2401 694 2424 sunt
716 2395 834 2430 jucunda
859 2395 943 2429 magis
957 2402 1037 2429 quam

247 2454 307 2482 quae
326 2447 420 2473 tristia.
441 2444 505 2472 Nam
523 2449 664 2479 paupertas
678 2441 785 2477 quidem
803 2441 875 2475 cogit
893 2448 953 2468 esse
973 2445 1039 2468 lem-

246 2486 402 2529 pcrantem;
419 2492 516 2519 divitiae
530 2496 617 2517 autem
632 2496 703 2523 saepe
718 2487 833 2515 educunt
846 2487 924 2514 etiam
940 2487 971 2514 ad
987 2487 1037 2514 ali-

250 2540 321 2576 quod
343 2547 467 2574 niagnum
487 2538 595 2565 malum.
621 2537 651 2562 Et
675 2535 744 2561 sicut
763 2533 807 2568 qni
827 2533 986 2565 febricitant,
1005 2533 1039 2560 ab

249 2585 371 2613 omnibus
386 2583 555 2612 offenduntur
570 2590 576 2608 :
590 2581 623 2608 ita
639 2581 682 2615 qui
697 2583 758 2606 sunt
771 2579 860 2606 animo
875 2583 1001 2613 corrupto
1012 2583 1038 2606 ct

250 2631 396 2664 depravato
412 2651 418 2662 ,
457 2629 589 2656 ltrdnntnr
600 2626 632 2652 ab
648 2625 780 2651 omnibus.

283 2677 309 2703 6.
321 2675 479 2704 Christianus
490 2671 613 2707 quomoda
628 2671 692 2705 afﬁci
707 2670 792 2696 debeat
806 2677 865 2705 ergo
877 2669 1037 2703 temporalia.

249 2723 340 2751 Anima
362 2720 486 2757 quomodo
509 2718 632 2746 curanda.
649 2716 759 2743 Divitum
781 2716 850 2743 mala
873 2715 1039 2742 conditio.—

249 2769 312 2796 llicc
327 2775 391 2802 ergo
404 2774 463 2793 cum
477 2764 591 2792 sciamus
601 2784 608 2797 ,
625 2770 658 2790 ne
680 2763 811 2797 fugiamus
833 2765 1015 2796 paupertatem
1029 2780 1037 2793 ,

248 2821 334 2849 neque
347 2812 509 2840 admiremur
524 2810 645 2842 divitias;
659 2808 707 2836 sed
721 2808 838 2835 animum
854 2808 889 2834 ita
900 2813 1038 2841 compare-

250 2869 265 2888 n
276 2869 307 2888 us
327 2863 355 2887 ut
373 2858 407 2886 sit
425 2861 502 2894 aptus
519 2861 546 2885 et
564 2854 675 2884 idoneus
689 2854 721 2883 ad
735 2854 833 2882 omnia.
847 2853 912 2881 Nam
926 2853 969 2888 qui
985 2851 1034 2880 do-

616 135 644 163 S.
665 133 803 162 JOANNIS
821 129 1055 161 CﬂllYSOSTOMl
1075 125 1236 158 ARCIIIEP.
1254 130 1520 158 CONSTANTINOP.

1836 134 1895 163 δοιι

1096 195 1167 215 mum
1181 186 1305 220 aedificat,
1322 194 1375 214 non
1389 195 1422 214 eo
1436 191 1549 222 spectat,
1564 191 1593 214 ιιι
1614 187 1640 215 iu
1658 194 1717 216 eam
1737 197 1790 217 non
1810 192 1889 220 cadat

1094 233 1191 271 pluvia,
1203 240 1288 267 neque
1302 237 1330 260 ut
1343 232 1376 260 ad
1389 240 1448 260 eam
1462 240 1514 260 non
1529 232 1618 260 veniat
1632 233 1739 266 radius;
1752 234 1803 263 hoc
1815 238 1888 265 enim

1094 278 1151 306 licri
1162 278 1267 313 nequit;
1276 278 1324 306 sed
1334 282 1362 305 ut
1368 278 1402 305 ad
1411 278 1500 306 omnia
1512 278 1619 305 ferenda
1630 284 1691 313 apta
1702 280 1770 308 site!
1780 281 1888 310 idonea.

1094 323 1128 349 Et
1140 323 1185 358 qtii
1201 330 1295 351 navem
1311 323 1465 356 fabricatur,
1482 330 1535 351 non
1547 323 1573 351 id
1587 327 1664 351 curat
1678 329 1707 352 ut
1721 325 1748 352 in
1761 334 1820 354 eam
1835 336 1892 356 non

1094 369 1241 404 irrumpant
1252 369 1358 402 ﬂuctus,
1371 376 1457 404 neque
1469 373 1499 396 ut
1511 376 1562 396 non
1577 370 1707 397 excitetur
1720 372 1803 399 maris
1819 378 1888 400 tem-

1094 420 1199 450 pestas;
1221 415 1273 442 hoc
1285 415 1356 443 enim
1371 415 1427 443 fieri
1443 415 1552 450 nequit;
1567 415 1614 444 sed
1630 421 1659 443 ut
1673 417 1748 445 navis
1770 418 1889 446 tabulata

1093 465 1152 496 apta
1168 462 1222 489 sint
1234 460 1267 489 ad
1282 461 1382 489 omnia.
1396 461 1500 490 Rursus
1515 462 1559 497 qui
1571 468 1662 489 curam
1674 463 1743 498 gerit
1755 466 1888 499 corporis.

1094 514 1146 534 non
1160 515 1193 535 eo
1206 508 1309 542 spectat
1322 511 1350 534 ut
1363 514 1416 534 non
1431 508 1466 534 sit
1478 508 1548 535 aeris
1568 508 1734 543 inmqnalilas
1747 515 1775 537 et
1790 511 1887 539 intem-

1094 553 1191 588 peries,
1200 552 1248 580 sed
1259 557 1288 580 ut
1297 560 1394 588 corpus
1405 552 1494 580 omnia
1505 552 1564 581 lure
1574 553 1651 581 facile
1663 553 1740 582 ferat.
1752 555 1796 583 Sic
1806 557 1888 584 etiam

1093 600 1221 628 faciamus
1235 601 1261 628 in
1276 602 1414 634 anima,et
1427 601 1545 629 studium
1561 609 1702 636 ponamus,
1715 611 1768 631 non
1783 610 1811 632 ut
1824 612 1890 639 pau-

1092 651 1223 682 pertatem
1245 645 1384 682 fugiamus,
1401 655 1487 683 neque
1506 653 1534 675 ut
1554 648 1638 676 simus
1659 648 1767 685 divites,
1791 651 1839 678 sed
1859 656 1890 679 ut

1092 693 1302 729 unumquodque
1316 701 1349 721 ex
1366 694 1397 721 iis
1411 694 1446 721 ita
1459 696 1606 722 tractemus
1617 715 1626 728 ,
1643 700 1672 722 ut
1686 695 1712 722 in
1727 700 1785 723 tuto
1801 697 1890 725 collo-

1092 746 1195 766 cemur.
1217 739 1360 774 Propterea
1374 739 1415 767 his
1429 739 1558 773 dimissis,
1572 745 1599 768 et
1612 740 1714 768 divitiis
1728 746 1756 769 et
1771 748 1888 777 pauper-

1093 785 1138 812 tati
1163 787 1251 820 aptam
1277 785 1426 813 efliciamus
1451 785 1578 813 animam.
1605 785 1671 813 Nam
1694 787 1798 815 etiamsi
1821 788 1888 816 nihil

1092 832 1199 860 humani
1216 832 1336 865 accidat,
1353 832 1423 867 quod
1437 831 1544 867 quidem
1560 837 1589 860 ut
1605 832 1747 867 plurimunt
1762 833 1818 861 fleri
1835 842 1889 862 non

1092 883 1198 913 potest,
1217 878 1256 906 sic
1277 885 1382 913 quoque
1402 878 1453 905 erit
1474 877 1569 905 inelior
1583 878 1628 913 qui
1644 887 1698 906 non
1711 880 1805 913 quaerit
1818 871 1898 908 divi:

1093 925 1142 952 tias
1151 945 1159 958 ,
1170 924 1218 952 sed
1233 924 1321 951 omnia
1337 923 1414 951 facile
1428 925 1516 958 potest
1528 923 1598 952 ferre
1608 944 1616 957 ,
1630 931 1709 959 quam
1726 925 1749 952 is
1762 925 1806 960 qui
1817 933 1891 953 scm-

1092 977 1140 1005 per
1154 975 1195 997 est
1209 969 1294 997 dives.
1317 969 1427 1003 Quare?
1452 969 1570 997 Primum
1585 970 1704 1005 quidem,
1720 972 1765 1006 qui
1780 977 1822 999 est
1836 972 1890 1000 liu—

1089 1016 1205 1051 jusmodi
1217 1038 1223 1048 ,
1235 1024 1266 1044 ex
1283 1023 1312 1044 se
1324 1019 1352 1043 et
1365 1016 1434 1051 apud
1449 1023 1478 1043 se
1492 1016 1572 1044 habet
1584 1017 1654 1051 quod
1669 1018 1704 1045 sit
1719 1018 1744 1045 in
1761 1022 1828 1052 tuto,
1843 1020 1890 1048 ille

1091 1067 1179 1090 autem
1199 1062 1378 1089 extrinsecus.
1400 1062 1434 1089 Et
1452 1062 1522 1089 sicut
1534 1062 1613 1090 miles
1626 1063 1671 1091 ille
1684 1065 1779 1092 melior
1791 1067 1890 1101 estqui

1091 1108 1202 1136 conlidit
1217 1108 1324 1143 corpori
1337 1112 1365 1135 ‘et
1380 1107 1430 1135 arti
1445 1107 1556 1141 bellicae,
1568 1113 1648 1144 quam
1661 1113 1706 1144 qui
1719 1110 1806 1138 solum
1817 1111 1890 1140 vim

1092 1154 1170 1181 habet
1185 1155 1210 1181 in
1223 1154 1324 1181 armis:
1339 1154 1375 1180 ita
1387 1154 1433 1189 qui
1455 1161 1470 1181 a
1490 1154 1588 1182 virtute
1609 1159 1700 1190 septns
1723 1160 1765 1183 est
1785 1161 1811 1184 et
1830 1164 1890 1184 mu-

1092 1201 1172 1233 nitus,
1190 1199 1285 1227 melior
1298 1204 1341 1227 est
1355 1203 1387 1226 e‘o
1407 1200 1451 1234 qui
1471 1200 1584 1228 conlidit
1596 1201 1725 1236 pecuniis.
1741 1201 1867 1230 Secundo
1879 1224 1888 1237 ,

1091 1246 1161 1282 quod
1181 1246 1286 1274 etiamsi
1306 1246 1332 1273 in
1354 1249 1540 1281 paupertatem
1553 1253 1604 1274 non
1620 1246 1751 1278 inciderit.
1765 1247 1821 1275 ﬁeri
1834 1256 1888 1276 non

1091 1296 1179 1327 potest
1193 1297 1222 1319 ut
1235 1292 1293 1327 ipse
1306 1299 1358 1318 non
1372 1292 1407 1318 sit
1418 1292 1550 1320 obnoxius
1562 1293 1754 1327 perturbationi
1769 1303 1775 1321 :
1789 1295 1889 1322 multos

1091 1339 1161 1366 enim
1185 1338 1282 1365 ﬂuctus
1302 1342 1329 1365 et
1349 1337 1564 1373 perturbationes
1588 1337 1686 1366 habent
1707 1339 1816 1366 divitiae.
1833 1340 1888 1367 Sed

1092 1391 1144 1411 non
1157 1385 1243 1411 virtus
1258 1393 1264 1411 :
1280 1383 1337 1411 haec
1351 1383 1514 1419 voluptatein
1530 1383 1610 1411 modo
1625 1383 1706 1412 habet
1717 1390 1744 1412 et
1757 1386 1888 1414 securita-

1091 1433 1145 1457 tem
1160 1438 1166 1456 :
1183 1429 1414 1464 inexpugnabilem
1425 1429 1496 1457 enim
1509 1429 1597 1457 reddit
1608 1429 1810 1458 insidiantibus:
1821 1439 1887 1459 con-

1091 1480 1131 1502 tra
1143 1479 1231 1502 autem
1243 1474 1352 1506 divitiae.
1366 1480 1392 1502 et
1405 1474 1578 1502 facileinvadi
1589 1480 1699 1510 possunt
1708 1475 1838 1511 etabripi.
1854 1477 1888 1505 Et

1090 1521 1159 1551 sicut
1171 1522 1241 1548 inter
1254 1521 1378 1548 animalia
1392 1521 1464 1548 cervi
1476 1525 1503 1548 et
1517 1521 1622 1556 lepores
1637 1521 1752 1550 maxime
1765 1518 1886 1551 omnium

1092 1567 1169 1594 facile
1183 1567 1241 1602 capi
1258 1571 1374 1601 possunt
1384 1572 1493 1602 propter
1504 1567 1673 1595 timiditatem
1686 1575 1700 1594 a
1715 1574 1806 1596 natura
1822 1569 1888 1598 insi-

1092 1617 1144 1639 tam
1157 1621 1165 1646 ;
1188 1619 1253 1647 aper
1267 1617 1356 1639 autem
1370 1616 1398 1639 et
1414 1617 1505 1640 taurus
1518 1617 1546 1640 et
1560 1613 1603 1640 leo
1618 1621 1670 1641 non
1685 1613 1762 1642 facile
1787 1615 1888 1643 incide-

1090 1659 1143 1686 rint
1158 1659 1184 1685 in
1199 1658 1371 1686 insidiatores
1383 1667 1390 1685 :
1403 1659 1437 1685 ita
1451 1659 1533 1686 etiam
1547 1659 1639 1687 videre
1653 1665 1695 1687 est
1709 1661 1734 1687 in
1747 1661 1886 1694 divitibus,

1091 1709 1118 1731 ct
1129 1704 1154 1730 in
1168 1704 1199 1730 iis
1212 1704 1255 1738 qui
1267 1711 1314 1730 sua
1325 1707 1421 1739 sponte
1431 1703 1531 1739 degunt
1544 1704 1570 1731 in
1583 1710 1749 1740 paupertate.
1762 1705 1829 1733 Nam
1842 1706 1887 1735 hic

1091 1748 1197 1784 quidem
1212 1749 1308 1776 similis
1321 1754 1362 1776 est
1377 1749 1448 1776 leoni
1463 1754 1491 1777 et
1504 1753 1591 1784 tauro,
1605 1750 1650 1778 ille
1663 1755 1751 1778 autem
1765 1759 1846 1779 cervo
1858 1758 1887 1780 et

1091 1795 1185 1830 lepori.
1201 1795 1285 1828 Quem
1299 1795 1370 1822 enim
1385 1803 1438 1822 non
1453 1796 1529 1823 timet
1543 1795 1638 1824 dives?
1652 1804 1740 1825 annon
1755 1798 1886 1833 latrones,

1090 1849 1178 1868 annon
1198 1841 1331 1876 principes
1343 1861 1351 1874 ,
1373 1848 1464 1868 annon
1478 1841 1601 1875 invidos,
1627 1850 1716 1871 annon
1739 1844 1887 1872 calumnia-

1091 1886 1182 1914 tores?
1211 1886 1244 1914 Et
1277 1886 1340 1921 quid
1368 1886 1429 1914 dico
1455 1887 1574 1915 latrones
1601 1892 1629 1916 et
1660 1884 1897 1924 calumniatores,‘

1090 1939 1150 1959 cum
1184 1932 1256 1966 ipsos
1284 1932 1364 1959 etiam
1393 1933 1505 1960 famulos
1531 1933 1628 1961 habeat
1657 1937 1819 1969 suspectos?
1851 1936 1887 1964 Et

1090 1978 1152 2013 quid
1165 1978 1226 2005 dico
1240 1978 1335 2005 vivus?
1349 1985 1382 2006 ne
1394 1984 1516 2006 mortuus
1535 1979 1642 2014 quidem
1665 1980 1734 2008 liber
1746 1985 1787 2008 est
1799 1989 1814 2008 a
1828 1989 1886 2010 ma-

1090 2024 1177 2052 leﬁcio
1191 2024 1333 2056 latronum,
1348 2032 1433 2059 neque
1448 2032 1522 2052 mors
1535 2032 1595 2052 eum
1609 2030 1698 2060 potest
1712 2026 1740 2053 in
1753 2030 1810 2054 tuto
1823 2027 1883 2054 col-

1091 2069 1198 2102 locare;
1215 2069 1262 2096 sed
1277 2074 1304 2096 et
1319 2075 1454 2097 mortuum
1465 2070 1653 2105 depraedantur
1669 2072 1785 2099 malefici
1797 2081 1804 2099 :
1816 2072 1885 2100 adeo

1090 2114 1222 2142 instabilis
1232 2119 1259 2142 et
1270 2114 1370 2142 lubrica
1387 2123 1430 2142 res
1445 2120 1507 2143 sunt
1519 2115 1628 2143 divitiae.
1637 2116 1696 2144 Non
1709 2117 1797 2145 solum
1810 2118 1883 2146 enim

1091 2161 1275 2196 perfodiuntur
1289 2161 1394 2194 domus,
1405 2161 1452 2189 sed
1467 2162 1547 2190 etiam
1561 2163 1684 2197 sepulcra
1701 2171 1884 2199 perrumpun-

1091 2210 1134 2234 tur
1154 2211 1182 2234 et
1203 2206 1292 2234 loculi.
1308 2206 1377 2240 Quid
1392 2215 1457 2242 ergo
1472 2207 1512 2235 his
1526 2207 1584 2235 fieri
1601 2209 1717 2243 potuerit
1739 2210 1882 2243 miserius.

1089 2260 1150 2280 cum
1164 2259 1198 2279 ne
1213 2259 1286 2280 mors
1298 2252 1405 2287 quidem
1426 2253 1451 2280 ei
1473 2253 1544 2280 lianc
1556 2254 1674 2288 prebeat
1689 2255 1882 2289 securitatem;

1091 2299 1138 2327 sed
1157 2298 1249 2326 infelix
1274 2299 1339 2326 illud
1353 2306 1471 2334 corpus,
1489 2307 1523 2327 ne
1538 2300 1591 2327 vita
1604 2300 1712 2335 quidem
1734 2302 1883 2336 privatum,

1090 2353 1106 2372 ι
1128 2344 1204 2372 malis
1217 2352 1277 2379 qua:
1298 2349 1361 2372 sunt
1380 2345 1406 2371 in
1421 2344 1472 2371 vita
1495 2345 1530 2373 sit
1548 2345 1710 2379 liberatum;
1729 2354 1790 2374 cum
1804 2347 1823 2374 ii
1838 2349 1885 2383 qui

1091 2399 1123 2419 ea
1143 2390 1288 2419 admittunt
1311 2391 1457 2424 maleficia,
1479 2393 1560 2420 etiam
1587 2400 1648 2420 cum
1670 2393 1780 2427 pulvere
1800 2399 1829 2422 et
1847 2395 1886 2421 ci-

1091 2445 1156 2465 nere
1178 2437 1343 2466 contendant
1367 2438 1467 2466 bcllum
1490 2446 1600 2473 gerere,
1617 2444 1645 2467 et
1667 2440 1752 2468 multo
1774 2441 1886 2475 gravius

1091 2491 1170 2518 quam
1182 2491 1242 2511 cum
1255 2484 1376 2511 viveret?
1389 2483 1455 2511 Nam
1470 2489 1532 2512 tunc
1544 2484 1651 2519 quidem
1671 2486 1828 2520 penuariuin
1840 2487 1884 2514 iu-

1091 2530 1252 2565 gredicntes,
1267 2531 1371 2558 arculas
1386 2531 1492 2565 quidem
1507 2532 1662 2565 movebant,
1679 2540 1693 2559 a
1709 2540 1823 2568 corpore
1836 2541 1886 2561 au-

1092 2581 1144 2603 tem
1171 2576 1359 2608 abstinebant,
1375 2583 1461 2611 neque
1484 2580 1537 2604 tam
1561 2577 1644 2604 multa
1667 2578 1834 2613 accipiebant
1855 2584 1884 2606 ιιι

1090 2621 1179 2655 ipsum
1194 2622 1273 2649 etiam
1287 2630 1385 2656 corpus
1399 2623 1531 2650 nudarent
1548 2632 1554 2650 :
1571 2631 1643 2652 nunc
1656 2629 1744 2652 autem
1758 2632 1790 2652 ne
1805 2626 1839 2652 ah
1853 2625 1885 2653 iis

1091 2666 1199 2701 quidem
1222 2668 1358 2695 abstinent
1381 2669 1552 2696 exsecranda:
1566 2677 1661 2697 manus
1674 2678 1767 2698 eorum
1783 2671 1830 2705 qui
1841 2678 1886 2699 se

1092 2713 1181 2747 pulcra
1206 2713 1335 2741 effodiunt
1347 2734 1355 2746 ,
1371 2714 1418 2741 sed
1435 2715 1521 2749 ipsum
1545 2720 1654 2743 movent
1668 2721 1695 2743 et
1716 2721 1842 2748 versant,
1859 2722 1886 2744 et

1092 2768 1152 2788 cum
1166 2768 1268 2788 summa
1284 2761 1442 2789 crudelitate
1465 2762 1550 2796 ipsum
1572 2763 1732 2790 contumelia
1746 2768 1772 2790 ct
1786 2763 1885 2799 probro

1092 2806 1221 2833 afficiunt.
1236 2805 1300 2834 Nam
1318 2813 1457 2842 postquam
1475 2812 1553 2837 teme
1565 2808 1718 2836 mandatum
1733 2808 1803 2843 fuit,
1820 2809 1885 2837 illud

1095 2853 1173 2880 etiam
1188 2852 1300 2881 vestium
1319 2853 1418 2881 aniictu
1436 2854 1562 2883 nudatum
1576 2855 1614 2883 sic
1629 2855 1717 2884 sinunt
1733 2855 1882 2891 projectum
