2034 3109
113 151 164 180 305

111 209 212 243 jacere.
220 206 285 241 Quis
296 210 410 241 estergo
420 205 518 233 divitiis
526 203 612 239 major
619 204 711 236 hostis,
722 211 781 238 qua:
790 203 908 230 vivorum

113 254 221 288 quidem
231 253 347 288 perdunt
355 251 480 283 animam,
491 254 654 277 mortuorum
664 253 752 276 autem
762 249 839 275 etiam
853 256 910 274 cor-

115 307 164 334 pus
178 299 275 333 probro
284 302 312 325 et
323 296 483 325 contumelia
495 295 623 327 afﬁciunt,
636 299 705 321 etne
722 299 791 321 terra
803 294 909 329 quidem

116 346 166 381 legi
179 344 358 381 permittunt?
369 342 439 379 quod
453 342 559 377 quidem
571 346 611 368 est
628 349 770 368 commune
780 345 806 368 et
824 340 855 367 iis
866 340 909 374 qui

114 396 178 419 sunt.
194 391 376 421 condemnati,
396 394 421 417 et
439 397 528 416 rerum
556 389 766 423 turpissimarum
785 387 908 414 convicti.

114 438 181 465 Nam
189 446 250 465 cum
260 437 293 464 de
303 436 468 472 illisquidem
479 443 569 470 pmnas
576 435 669 469 rapitis
680 435 826 469 exegerint,
834 434 911 468 legis-

115 483 214 510 latorcs
226 483 291 510 nihil
307 482 419 510 ulterius
433 481 569 515 inquirunt
583 490 588 506 :
607 481 640 507 ab
655 481 694 507 his
708 485 795 506 autem
813 479 911 506 divitiae

117 535 176 565 post
189 534 302 557 mortem
315 535 408 563 poenas
416 527 587 562 gratissimas
598 526 716 560 exigunt,
728 525 812 552 nudos
831 533 911 559 expo-

117 581 209 603 nentes
221 580 248 603 et
262 575 419 609 insepultos,
434 573 612 608 spectaculum
621 580 700 607 grave
708 577 734 598 et
751 572 910 598 miserabile.

117 621 147 648 lli
158 621 228 648 enim
239 620 363 656 graviora
376 619 472 651 ferunt,
486 627 564 653 quant
577 619 604 648 ii,
617 619 659 653 qui
670 619 693 645 id
705 617 911 652 patiunturaju-

117 666 291 694 dieiscalculo
306 671 332 693 et
344 666 391 693 ira.
405 665 470 692 Nam
481 665 517 691 illi
532 664 637 698 quidem
651 672 710 690 cum
727 671 778 690 uno
792 668 817 690 et
828 664 912 690 altero

117 713 158 740 die
168 712 318 740 manserint
328 711 459 746 insepulti,
472 716 549 738 terra?
558 710 731 737 mandantur:
744 709 768 736 hi
781 717 842 736 vero
852 717 911 736 cum

118 765 195 787 terra:
217 759 336 786 mandati
354 759 462 790 fuerint,
486 764 547 784 tunc
563 758 705 789 nudantur,
720 757 870 791 probroque
886 761 912 783 et

116 805 278 833 contumelia
289 805 450 831 afﬁciuntur.
463 803 538 837 Quod
551 804 572 830 si
585 811 635 830 non
648 803 727 829 etiam
739 808 814 837 rapto
826 802 912 829 loculo

117 852 246 880 recedunt
259 852 376 878 latrones
386 872 392 883 ,
406 851 438 877 de
453 858 485 877 eo
499 857 551 876 non
566 849 682 880 divitiis,
698 848 743 875 sed
765 848 911 883 paupertati

117 904 180 926 sunt
195 898 327 926 babendm
341 898 433 933 gratia:
449 907 455 924 :
473 898 528 932 ipsa
555 897 625 923 enim
642 896 716 922 illum
741 895 829 929 eripit.
846 894 911 920 Nam

117 945 138 971 si
162 953 225 972 eum
252 944 480 971 commisissemus
500 943 608 974 divitiis,
637 946 663 968 et
690 949 741 967 non
766 949 797 967 ex
826 940 912 975 lapide

118 989 365 1017 ronstruxissemus
380 996 451 1021 eum,
466 987 513 1015 sed
525 995 556 1015 ex
570 994 645 1019 auro,
659 994 718 1013 eum
733 993 837 1020 quoque
853 993 913 1019 pcr-

118 1035 290 1062 didissemns.
317 1034 390 1061 Adeo
406 1034 487 1060 inlida
515 1040 557 1059 res
573 1036 634 1058 sunt
658 1032 768 1064 diviti-.r,
796 1036 911 1058 nectam

118 1086 178 1107 sunt
192 1088 287 1107 corum
301 1080 345 1114 qtti
368 1079 475 1111 habent,
488 1086 566 1114 quam
582 1086 673 1104 eorum
689 1078 732 1112 qui
757 1085 850 1111 rapere
864 1085 910 1110 ag-

119 1127 286 1162 grediuntur.
302 1126 482 1160 Quamobrem
493 1132 686 1159 supervacanea
703 1128 743 1150 est
759 1124 802 1149 illa
816 1123 911 1154 oratio,

119 1181 176 1208 qua:
190 1177 306 1200 conatur
320 1171 461 1199 ostendere
476 1171 582 1198 divitias
601 1178 660 1197 esse
680 1174 829 1203 expugnato
845 1169 915 1195 diffi-

119 1219 193 1251 ciles,
207 1226 268 1245 cum
293 1226 342 1245 nec
357 1218 382 1244 in
397 1217 439 1244 die
459 1217 564 1251 quidem
580 1215 672 1242 mortis
687 1215 733 1241 tuti
747 1215 799 1241 sint
811 1214 855 1248 qui
869 1221 913 1241 eas

119 1264 267 1300 possident.
283 1263 364 1298 Atqui
378 1263 438 1297 quis
452 1270 504 1289 non
518 1261 703 1288 reconciliatur
719 1268 778 1286 cmn
796 1264 911 1291 mortuo,

119 1309 223 1336 etiamsi
233 1309 267 1336 sit
278 1310 342 1342 fera,
353 1308 456 1335 etiamsi
466 1308 581 1339 dwmon,
591 1306 695 1333 etiarnsi
707 1305 816 1340 quilibet
827 1305 894 1331 alius
903 1305 913 1331 ‘3

119 1355 214 1383 sufﬁcit
231 1355 302 1382 cnim
321 1354 502 1389 spectaculum
517 1353 549 1379 ad
565 1352 723 1379 ﬂectendum
742 1351 782 1377 vel
798 1351 912 1378 ferreum

120 1401 160 1428 vel
182 1400 285 1427 doloris
309 1405 455 1434 expertem.
485 1399 627 1432 Propterea
654 1405 713 1423 eum
735 1397 794 1431 quis
819 1397 912 1423 viderit

120 1452 267 1478 mortuum,
281 1446 384 1474 etiamsi
400 1445 494 1472 viderit
507 1445 639 1472 inimicum
655 1448 680 1470 et
697 1444 810 1475 hostem,
828 1444 913 1478 laci-y-

120 1498 208 1521 matur
220 1500 281 1520 cum
295 1492 480 1519 amicissimis:
498 1496 524 1517 et
547 1491 583 1517 ira
599 1489 704 1524 quidem
734 1489 915 1523 exstinguitur

119 1546 178 1565 cum
192 1539 256 1570 vita,
274 1537 333 1572 ejus
346 1541 433 1563 autem
447 1537 533 1563 locum
550 1535 620 1562 subit
634 1534 826 1561 misericordia.
845 1535 876 1560 Et
888 1535 913 1560 in

120 1585 254 1620 exsequiis
269 1588 296 1611 et
310 1583 408 1610 funeris
422 1583 536 1609 elatione
548 1589 598 1608 non
610 1580 913 1608 discreverisinimicmn

121 1630 199 1657 abeo
213 1630 258 1664 qui
272 1629 422 1663 huiusmodi
440 1636 491 1654 non
509 1632 548 1654 est
561 1637 566 1653 :
581 1627 614 1653 ita
634 1634 727 1653 omnes
745 1634 913 1653 communem

121 1680 280 1703 reverentur
295 1679 426 1707 naturam,
438 1679 464 1701 et
479 1681 524 1700 eas
538 1681 597 1708 qme
608 1673 640 1699 de
649 1680 678 1699 ea
689 1673 748 1699 lata:
760 1678 820 1698 sunt
832 1672 912 1705 leges.

122 1721 222 1748 Divitia:
238 1725 327 1747 autem
352 1727 385 1747 ne
409 1720 460 1746 hoc
480 1719 587 1754 quidem
603 1724 763 1753 asscquutm,
780 1719 844 1744 iram
861 1719 912 1744 im-

122 1767 230 1793 mittunt.
255 1766 280 1792 in
305 1773 351 1793 eos
372 1766 416 1800 qui
445 1765 518 1799 ipsas
535 1765 686 1799 possident;
703 1764 749 1791 sed
765 1769 790 1790 et
810 1771 854 1790 eos
870 1764 913 1798 qui

121 1813 191 1839 nulla
205 1811 294 1839 affecti
308 1815 370 1838 sunt
386 1811 481 1844 injuria
500 1810 612 1837 reddunt
638 1810 758 1836 inimico;
784 1809 912 1841 defuncti,

119 1857 251 1892 siquidem
274 1861 408 1883 mortuum
425 1863 521 1890 corpus
537 1855 636 1881 nudare
650 1861 690 1881 est
710 1855 811 1881 acrium
827 1855 913 1881 inimi-

119 1910 210 1929 corum
222 1908 250 1929 et
264 1902 392 1928 hostium.
411 1901 443 1927 Et
459 1906 550 1927 natura
568 1901 674 1935 quidem
699 1901 777 1927 etiam
794 1901 914 1928 in'mieos

119 1950 143 1975 ei
170 1954 235 1975 tunc
258 1947 432 1979 reconciliat;
459 1947 558 1973 diritim
589 1952 676 1973 antem
704 1947 783 1973 etiam
815 1947 839 1972 in
868 1954 913 1973 eos

119 1995 219 2022 bellum
249 1999 354 2029 gerunt,
379 2001 445 2028 ques
460 2001 493 2020 ne
509 1998 620 2028 pussunt
644 1994 750 2027 quidem
768 1994 845 2020 ullius
859 1994 912 2020 cri—

119 2042 199 2068 minis
224 2047 371 2071 accusare,
399 2044 426 2066 et
447 2039 473 2066 in
499 2047 591 2073 magna
614 2039 756 2066 solitudine
770 2040 913 2066 crudeliter

118 2088 234 2114 smviunt
262 2087 287 2112 in
313 2092 421 2118 corpus.
460 2086 538 2119 Atqui
577 2085 658 2112 nmlta
685 2091 746 2111 sunt
776 2085 828 2112 illic
853 2094 912 2120 quae

119 2137 232 2167 possunt
263 2130 399 2158 attrahere
426 2131 458 2157 ad
494 2132 720 2163 misericordiam,
745 2131 795 2158 hoc
823 2132 909 2165 ipsum

628 146 662 174 lN
681 145 789 175 EPIST.
810 145 819 173 ἰ
853 146 898 174 AD
911 145 987 174 COlL
1011 148 1124 176 llOMlL.
1147 149 1268 177 XXXVI.

1699 155 1752 181 308

963 204 1032 237 quod
1056 205 1090 232 sit
1116 211 1270 238 mortuum,
1295 204 1366 240 quod
1394 205 1543 239 immobile,
1565 207 1634 242 quod
1651 208 1683 236 ad
1700 214 1754 236 ter-

962 256 1017 275 ram
1033 250 1123 277 tendat
1143 256 1168 277 et
1180 251 1390 285 corruptionem,
1406 252 1474 286 quod
1491 260 1570 279 nemo
1586 253 1655 280 adsit
1676 261 1755 288 opem

962 294 1070 322 laturus.
1097 296 1150 324 Sed
1163 296 1230 323 nihil
1244 296 1338 324 horum
1364 296 1461 332 frangit
1480 298 1540 325 illos
1558 299 1736 327 exsecrandos
1749 320 1758 333 ,

963 348 1073 377 propter
1089 343 1256 379 tyrannidem
1279 351 1337 378 quae
1360 352 1393 371 ex
1421 344 1542 379 improba
1567 345 1653 372 oritur
1673 347 1758 381 cupi-

962 386 1054 415 ditate.
1072 389 1155 416 Amor
1170 389 1241 416 enim
1255 388 1390 424 pecunire,
1408 394 1542 424 tamquam
1558 390 1682 418 immanis
1698 392 1757 425 qui-

962 435 1023 462 dam
1051 440 1198 471 tyrannus,
1224 441 1300 470 urget
1330 435 1472 462 inhumana
1499 436 1572 471 jussa
1603 437 1755 471 imperans.

963 489 1062 516 easque
1083 482 1110 508 in
1128 481 1197 509 feras
1217 487 1334 508 mutatos
1347 501 1354 514 ,
1371 481 1405 508 ita
1421 481 1494 509 ducit
1508 481 1541 509 ad
1562 482 1674 510 loculus.
1687 482 1755 509 Nam

964 531 1098 562 tamquam
1115 527 1178 555 ferre
1195 532 1313 554 mortuos
1335 527 1509 560 invadentes,
1536 535 1569 554 ne
1592 535 1607 554 a
1631 528 1755 556 carnibus

963 573 1069 608 quidem
1081 573 1267 606 abstinuerint,
1279 573 1302 601 si
1310 574 1429 600 membra
1442 573 1493 600 illis
1505 579 1593 600 essent
1604 574 1687 601 utilia.
1701 574 1756 601 llos

964 619 1064 646 fruetus
1080 619 1242 654 percipimus
1266 625 1300 646 ex
1317 619 1417 646 divitiis
1429 639 1436 651 ,
1451 619 1529 645 etiam
1559 624 1619 654 post
1641 625 1754 647 mortem

964 664 1062 699 probro
1073 664 1267 692 etcontumelia
1277 664 1363 691 aﬁ'erti
1376 670 1402 691 et
1412 664 1547 698 sepultura
1557 665 1663 699 privati,
1675 674 1754 699 quam

964 715 1141 744 assequuntur
1155 711 1234 737 etiam
1258 710 1303 745 qui
1323 710 1423 737 nefaria
1447 715 1643 745 perpetrarunt.
1668 711 1755 738 Easne

963 763 1037 790 ergo,
1050 756 1101 788 die,
1114 764 1189 791 rogo,
1202 756 1289 783 adlmc
1300 756 1447 783 amabimus
1457 764 1516 791 qua:
1528 756 1604 783 nobis
1617 761 1678 784 sunt
1689 757 1756 784 adeo

965 801 1067 829 infesta:
1091 807 1117 829 et
1142 803 1276 830 inimicae?
1290 802 1480 836 Nequaquam,
1496 810 1572 837 rogo,
1590 810 1754 838 nequaquam

964 848 1069 880 fratres,
1086 848 1132 876 sed
1149 849 1294 883 fugiamus,
1312 856 1361 876 nec
1376 848 1471 876 faciem
1486 848 1520 875 ad
1536 856 1566 875 ea
1581 854 1652 876 retro
1667 854 1756 877 verta-

965 902 1039 927 mus;
1053 900 1077 921 et
1094 895 1116 922 si
1133 895 1157 921 in
1174 902 1269 922 manus
1289 899 1393 922 nostras
1407 895 1540 927 venerint,
1556 903 1589 922 ne
1606 896 1677 922 intus
1691 896 1756 923 reti-

965 948 1092 972 neamus,
1107 941 1154 968 sed
1169 948 1215 969 eas
1228 948 1373 976 pauperum
1389 941 1514 968 manibus
1528 942 1677 977 alligemus.
1694 942 1756 969 litec

964 986 1035 1014 enim
1046 986 1151 1013 vincula
1163 994 1210 1013 eos
1220 987 1304 1021 magis
1315 992 1426 1021 possunt
1437 987 1564 1020 retinere,
1577 992 1602 1014 et
1612 995 1755 1022 numquam

964 1031 1090 1066 effugient
1104 1039 1136 1059 ex
1152 1032 1205 1058 illis
1218 1032 1368 1066 penuariis;
1385 1032 1494 1066 ist:rque
1511 1032 1598 1059 infida:
1611 1023 1644 1059 de
1658 1039 1757 1060 cmtero

965 1083 1073 1104 manent
1097 1077 1209 1110 ﬁdeles,
1236 1078 1365 1112 placidm,
1391 1082 1554 1110 mansuetas,
1579 1078 1757 1113 eleemosyna:

965 1123 1074 1150 dextera
1089 1124 1127 1150 sic
1142 1128 1323 1150 commutatae.
1339 1123 1365 1150 Si
1382 1123 1488 1158 quando
1502 1130 1566 1158 ergo
1583 1124 1645 1157 ipsa:
1660 1123 1693 1150 ad
1709 1131 1758 1150 nos

965 1169 1137 1202 accesserint,
1153 1169 1202 1204 ipsi
1214 1176 1259 1196 eas
1271 1168 1405 1196 tradamus
1418 1178 1424 1195 :
1440 1170 1480 1196 sin
1496 1174 1586 1196 autem
1599 1176 1651 1196 non
1666 1169 1759 1197 adfue-

965 1215 1030 1247 rint,
1046 1223 1079 1242 ne
1092 1222 1252 1249 qmeramus,
1269 1222 1318 1242 nec
1333 1222 1381 1242 nos
1396 1215 1467 1249 ipsos
1479 1214 1640 1242 suﬁ‘oeemns
1650 1235 1657 1246 ,
1672 1222 1758 1250 neque

965 1268 1012 1287 eos
1026 1260 1070 1296 qui
1092 1260 1190 1287 habent
1205 1261 1297 1288 beatos
1319 1261 1512 1288 existimemus.
1530 1260 1672 1293 Quomodo
1686 1261 1757 1289 enim

967 1306 1061 1333 beatus
1084 1305 1127 1333 hic
1149 1306 1363 1334 existimandus?
1385 1306 1434 1333 nisi
1455 1313 1503 1333 eos
1518 1307 1561 1341 qui
1584 1314 1645 1333 cum
1666 1307 1758 1334 bestiis

966 1354 1084 1386 pugnant
1103 1350 1195 1378 beatos
1210 1350 1311 1378 dixeris
1321 1371 1329 1384 ,
1350 1351 1421 1386 quod
1438 1350 1464 1377 in
1481 1352 1567 1385 pretio
1581 1351 1685 1378 habitas
1699 1351 1758 1378 illas

968 1397 1065 1423 bestias
1078 1395 1128 1423 sibi
1144 1396 1261 1423 inclusas
1274 1400 1382 1423 servent
1395 1396 1440 1431 qui
1456 1397 1516 1423 talia
1534 1401 1686 1431 proponunt
1699 1404 1758 1424 eer-

968 1442 1075 1474 lamina,
1091 1442 1138 1476 ipsi
1153 1448 1205 1468 non
1219 1441 1348 1469 audentes
1363 1441 1490 1469 accedere
1507 1449 1555 1469 nec.
1571 1448 1694 1476 tangere,
1710 1442 1758 1469 sed

967 1487 1038 1521 ipsas
1049 1486 1226 1513 formidantes
1240 1491 1267 1513 ct
1281 1486 1530 1513 contremiseentes.
1547 1487 1601 1514 Hoc
1617 1488 1701 1522 ipsum
1715 1495 1759 1515 ac-

966 1532 1031 1559 cidit
1041 1532 1122 1558 etiam
1133 1531 1269 1565 divitibus,
1286 1532 1331 1566 qui
1342 1536 1476 1566 tamquam
1490 1532 1634 1559 immanem
1647 1533 1758 1562 bestiam

966 1577 1072 1604 divitias
1089 1577 1255 1604 incluserunt
1271 1577 1297 1604 in
1311 1577 1463 1611 penuariis,
1482 1582 1509 1604 et
1528 1577 1562 1604 ab
1576 1578 1631 1612 ipsa
1649 1578 1760 1613 singulis

966 1624 1061 1651 diebus
1083 1624 1194 1650 vulnera
1219 1624 1352 1657 aecipiunt
1378 1623 1599 1657 innumerabilia,
1623 1624 1759 1651 contrario

967 1671 1045 1705 plane
1059 1669 1138 1696 modo
1159 1677 1238 1705 quam
1260 1669 1305 1696 ﬁat
1321 1669 1347 1696 in
1364 1669 1464 1696 bestiis.
1482 1669 1549 1696 Nam
1563 1670 1615 1697 illa:
1629 1670 1735 1705 quidem
1749 1691 1757 1704 ,

966 1715 1073 1749 quando
1095 1722 1141 1742 eas
1156 1715 1298 1747 eduxeris,
1322 1720 1384 1742 tunc
1407 1714 1516 1742 exitium
1540 1715 1653 1743 afferunt
1668 1716 1700 1743 iis
1714 1716 1757 1751 qui

967 1761 1019 1788 illis
1033 1765 1178 1788 occurrunt
1193 1769 1200 1788 :
1216 1761 1273 1787 ista:
1294 1766 1383 1788 autem
1406 1768 1466 1788 eum
1491 1761 1590 1788 fuerint
1609 1761 1718 1788 inclusa:
1732 1766 1760 1789 et

966 1811 1089 1840 servatas,
1106 1812 1169 1834 tunc
1182 1815 1228 1834 cos
1243 1807 1355 1842 perdunt
1371 1807 1415 1842 qui
1430 1808 1500 1842 ipsas
1515 1808 1653 1842 possident
1664 1813 1692 1835 et
1704 1816 1760 1835 ser-

967 1857 1038 1880 vant.
1053 1852 1105 1880 Sed
1126 1860 1175 1880 nos
1197 1853 1309 1880 bestiam
1324 1853 1392 1880 hanc
1413 1853 1556 1880 reddamus
1579 1859 1755 1882 mansuetam.

968 1900 1025 1927 Erit
1036 1904 1124 1926 autem
1139 1904 1277 1926 mansueta
1289 1920 1295 1932 ,
1312 1900 1334 1926 si
1350 1906 1410 1926 eam
1424 1907 1476 1926 non
1493 1899 1679 1927 incluserimus
1689 1922 1696 1932 ,
1711 1901 1761 1935 seti

968 1948 993 1973 in
1014 1946 1133 1973 onmium
1157 1946 1293 1980 egentium
1318 1953 1412 1972 manus
1437 1945 1638 1973 adduxerimus.
1667 1946 1712 1973 Sic
1733 1952 1760 1973 et

968 1993 1081 2020 maxima
1104 1992 1173 2019 bona
1187 1992 1250 2019 inde
1273 1991 1466 2026 percipiemus,
1482 1995 1509 2018 et
1525 1992 1550 2018 in
1566 1985 1619 2018 vita
1636 1992 1759 2026 prmsenti

968 2043 1024 2065 tuto
1038 2046 1069 2065 ac
1091 2045 1184 2065 secure
1205 2042 1232 2064 et
1246 2045 1306 2063 cum
1326 2036 1393 2064 bona
1409 2044 1457 2071 spe
1478 2037 1615 2069 viventes,
1632 2040 1660 2064 et
1675 2038 1701 2064 in
1716 2037 1759 2065 die

968 2085 1056 2112 l'uturo
1071 2088 1174 2112 stantes
1188 2091 1249 2111 cum
1264 2082 1359 2109 ﬁducia
1375 2090 1382 2109 :
1398 2090 1478 2117 quam
1492 2082 1571 2110 detur
1585 2083 1661 2111 nobis
1674 2084 1760 2111 omni-

967 2132 1016 2159 bus
1030 2131 1134 2165 assequi
1149 2130 1233 2165 gratia
1246 2135 1272 2157 et
1287 2129 1459 2164 benignitate,
1473 2133 1525 2156 etc.

1759 827 1767 840 ν

120 2195 1346 2207 ,_—__.______________.__——

772 2235 942 2266 HOMILIA
962 2235 1112 2266 XXXVI.

115 2311 180 2340 Cn.
199 2312 244 2339 Li.
262 2319 287 2337 ν.
304 2311 349 2338 20.
367 2311 489 2344 Fratres,
510 2311 587 2338 nolite
603 2310 674 2344 pueri
697 2310 760 2345 efﬁci
774 2309 911 2342 mentibus,

151 2358 197 2384 sed
217 2357 317 2384 malitia
334 2357 435 2392 parvuli
451 2361 541 2389 estote,
566 2357 690 2384 mentibus
705 2360 789 2383 autent
810 2357 913 2391 perfecti

150 2409 240 2431 εειοιε.

153 2450 180 2477 Ι.
198 2449 294 2477 Merito
310 2454 371 2485 post
388 2449 498 2477 multam
511 2448 743 2477 conﬁrmationem
758 2453 785 2476 et
800 2449 913 2476 demon-

116 2495 275 2522 strationem
290 2494 412 2522 oratione
426 2494 508 2522 utitur
520 2494 720 2522 vehementiore
734 2497 761 2521 et
776 2493 858 2520 multa
874 2494 915 2520 in-

115 2540 288 2574 crepatione,
315 2545 343 2567 ct
362 2540 484 2567 meminit
506 2539 621 2573 exempli
640 2539 767 2574 praesenti
788 2538 826 2565 rei
846 2546 912 2565 con-

114 2586 248 2620 gruentis.
263 2586 372 2613 Pueruli
387 2586 458 2613 enim
478 2585 511 2613 ad
534 2593 614 2620 parva
628 2584 734 2620 quidem
759 2584 841 2611 hianti
866 2591 913 2612 ore

115 2636 225 2666 stupent
246 2636 274 2659 et
290 2632 433 2664 mirantur,
447 2638 536 2659 rerum
552 2636 641 2658 autem
660 2630 737 2658 valde
756 2637 912 2665 magnarum

115 2685 168 2705 non
183 2682 259 2705 tanta
276 2682 403 2705 tenentur
423 2677 609 2705 admiratione.
631 2677 761 2711 Quoniam
784 2684 848 2712 ergo
869 2677 911 2704 isti

114 2732 223 2760 quoque
236 2725 389 2759 linguarum
401 2724 531 2751 habentes
544 2724 654 2755 donum,
670 2731 699 2751 se
713 2728 798 2751 totum
814 2723 913 2750 habere

114 2770 324 2801 existimabant,
347 2769 418 2804 quod
439 2769 549 2805 quidem
564 2774 622 2796 erat
635 2769 749 2796 aliorum
771 2769 911 2801 ultimum,

116 2820 259 2850 propterea
271 2814 362 2842 dicit:
378 2814 462 2842 Nolite
473 2815 544 2850 pueri
557 2815 637 2849 efﬁci;
652 2815 701 2841 hoc
716 2819 767 2846 est,
780 2821 833 2841 non
849 2814 912 2840 insi-

117 2862 230 2897 pienter,
249 2861 294 2888 ubi
309 2865 416 2897 oportet
428 2867 489 2888 esse
502 2860 652 2896 sapientes;
668 2860 713 2892 sed
728 2860 781 2887 illic
796 2859 870 2895 pueri
885 2864 911 2887 et

966 2309 1116 2344 simplices,
1134 2308 1177 2336 ubi
1199 2314 1240 2336 est
1256 2308 1384 2343 injustitia
1396 2329 1403 2342 ,
1420 2308 1465 2336 ubi
1489 2308 1575 2336 inanis
1593 2308 1677 2343 gloria
1690 2329 1697 2341 ,
1716 2308 1759 2336 ubi

967 2360 1065 2382 tumor.
1081 2354 1148 2382 Eum
1163 2355 1233 2382 enim
1246 2375 1253 2387 ,
1270 2355 1314 2389 qui
1330 2354 1394 2381 vitio
1415 2359 1456 2382 est
1481 2354 1584 2387 infans,
1599 2355 1679 2381 etiam
1694 2362 1759 2388 prn-

965 2401 1071 2429 dentem
1086 2409 1152 2428 esse'
1166 2405 1281 2435 oportet.
1296 2400 1371 2427 Sicut
1384 2399 1455 2428 enim
1472 2399 1612 2434 prudentia
1628 2407 1688 2426 cum
1708 2399 1758 2425 im-

965 2447 1098 2482 probitate
1111 2454 1277 2481 nequaquam
1289 2446 1368 2473 fuerit
1382 2445 1521 2481 prudentia
1534 2454 1541 2473 :
1560 2446 1594 2472 ita
1605 2445 1685 2473 etiam
1696 2446 1759 2472 Simo

965 2493 1069 2528 plicitas
1084 2500 1145 2520 cum
1161 2491 1276 2519 amentia
1297 2499 1349 2518 non
1366 2490 1444 2518 fuerit
1461 2491 1628 2526 simplicitas.
1652 2490 1717 2518 Nam
1734 2494 1761 2517 (ιι

966 2537 993 2565 in
1008 2538 1179 2572 simplicitate
1195 2536 1316 2572 fugienda
1332 2541 1372 2563 est
1386 2537 1502 2564 amentia
1513 2556 1521 2569 ,
1537 2540 1563 2563 et
1578 2536 1603 2563 in
1619 2537 1760 2571 prudentia

965 2583 1059 2610 vilium
1069 2587 1096 2610 et
1107 2583 1233 2618 nequitia.
1244 2581 1474 2615 Quemadmodum
1487 2582 1557 2609 enim
1569 2589 1656 2616 neque
1668 2589 1759 2608 amara

965 2635 1051 2662 neque
1066 2627 1152 2655 dulcia
1168 2627 1359 2655 medicamenta
1375 2631 1505 2662 prosunt,
1520 2627 1542 2654 si
1557 2627 1617 2654 talia
1632 2627 1685 2654 sint
1701 2627 1760 2661 plus

965 2680 1044 2707 quam
1060 2680 1107 2707 par
1120 2672 1173 2700 sit:
1191 2673 1225 2699 ita
1241 2680 1292 2699 nec
1312 2672 1470 2707 simplicitas
1485 2679 1534 2707 per
1557 2679 1605 2705 se,
1626 2679 1675 2700 nec
1695 2680 1757 2706 pru-

964 2720 1065 2748 dentia.
1081 2719 1261 2753 Quamobrem
1274 2718 1396 2747 Christus
1408 2723 1519 2754 utraque
1528 2718 1626 2754 jubens
1638 2723 1758 2745 content-

966 2773 1060 2801 perare
1079 2765 1184 2793 dicebat
1200 2775 1206 2792 :
1225 2765 1312 2792 Estote
1331 2766 1467 2800 prudentes
1490 2766 1554 2792 sicut
1574 2769 1699 2800 serpentes
1711 2785 1718 2796 ,
1734 2768 1757 2790 et

964 2811 1090 2847 simplices
1100 2811 1165 2838 sicut
1178 2811 1302 2838 columba:
1318 2810 1423 2846 (Matth.
1443 2811 1483 2838 l0.
1499 2811 1555 2845 l6).
1570 2809 1638 2843 Quid
1651 2815 1692 2835 est
1707 2817 1755 2835 an-

966 2863 1017 2886 tem
1032 2865 1090 2885 esse
1106 2857 1229 2893 parvulos
1251 2864 1296 2884 seu
1313 2856 1427 2884 infantes
1444 2856 1543 2883 malitia
1558 2863 1603 2882 seu
1619 2854 1703 2883 vitio?
1718 2851 1755 2879 Ne
