2034 3109
163 89 213 117 509

161 147 347 176 necessitatem
361 144 455 172 afferat
476 142 628 177 requirendi
649 142 706 174 ejus
730 141 772 175 qui
791 141 952 174 interprete-

161 200 213 222 tur.
227 193 294 220 Nam
306 191 432 227 quaniam
453 197 505 217 non
521 197 553 216 eo
568 185 738 222 spectabant,
756 186 802 213 sed
816 186 847 212 ad
861 190 953 212 osten-

160 242 287 269 tationem
300 239 446 275 gloriaeque
461 242 488 263 et
501 236 610 263 honoris
624 234 796 269 cupiditatem
814 232 887 259 nmlti
903 231 953 259 hoc

158 288 230 316 dono
253 285 406 315 utebantur.
426 284 460 311 ab
481 290 513 309 eo
536 281 650 308 maxime
670 279 793 308 abducit.
809 277 953 305 ostendens

158 342 204 362 eos
219 334 246 361 in
262 332 345 368 gloria
361 336 390 359 et
404 329 599 357 existimatione
621 334 745 361 magnum
760 325 886 351 damnum
906 331 952 350 ac-

117 395 121 415 ,
158 381 264 415 cipere,
290 383 319 405 ut
340 377 384 412 qui
408 377 432 402 iu
450 375 560 402 insaniae
584 371 764 407 suspicionem
778 371 896 397 veniant.
920 369 953 395 Et

158 427 208 453 hoc
231 430 274 452 est
297 424 429 454 maxime,
454 420 525 456 quod
547 419 654 446 assidue
678 418 816 445 adstruere
840 421 953 443 conatur

158 472 273 503 l‘aulus;
289 469 396 505 quando
410 468 465 494 vult
478 466 511 493 ab
526 466 613 500 aliqua
631 472 660 491 re
672 464 819 494 abducere,
836 461 952 489 ostendit

156 526 216 546 eum
232 516 331 545 11111110
346 516 377 542 115
393 514 457 549 ipsis
471 521 530 548 qua:
542 511 684 539 desiderat.
701 510 734 536 Et
749 514 775 536 tu
790 515 896 543 quoque
911 508 952 534 fac

157 563 280 591 similiter
294 571 300 589 :
315 562 337 589 si
353 569 367 588 a
383 561 518 595 voluptate
534 557 665 589 abducas,
682 555 794 583 ostende
814 562 870 581 rem
893 561 952 581 esse

156 609 299 640 acerbam;
315 608 338 635 si
352 606 386 634 ab
403 606 474 633 inani
489 604 574 640 gloria
596 601 734 630 abstrahas
745 622 752 634 ,
768 600 879 627 ostende
895 607 950 626 rem

155 663 215 683 esse
230 655 338 689 plenam
352 653 483 680 dedecore
499 656 525 678 et
540 650 658 677 infamia.
680 646 724 675 Sic
744 647 823 674 etiam
838 645 950 673 faciebat

155 701 264 728 Paulus.
280 700 380 727 Divites
395 698 466 726 enim
479 696 596 724 avellens
608 695 640 722 ab
653 702 743 721 amore
755 693 884 728 pecunia},
899 700 950 719 non

155 748 221 775 dixit
233 747 321 775 soluat
333 745 426 773 noxias
438 751 497 772 esse
511 743 627 774 divitias,
644 741 690 768 sed
704 741 784 768 etiam
801 740 911 774 injicere
925 739 950 766 in

156 793 318 821 tentationes
333 801 340 818 :
357 798 419 818 nam
431 791 478 821 ait,
497 789 545 822 Qui
560 788 645 814 volunt
659 787 747 813 divites
760 794 822 818 esse,
838 786 951 811 incidunt

155 841 181 867 in
196 839 358 867 tentationem
376 838 414 873 (l.
432 837 498 864 Tim.
514 836 540 863 ὁ.
558 835 596 870 9).
620 834 686 867 Quia
708 833 779 861 enim
795 832 951 859 videbantur

155 887 271 914 liberare
284 894 298 912 a
322 883 527 914 tentatiouibus,
543 882 582 909 eis
598 881 689 908 tribuit
708 879 870 906 contrarium
894 878 950 911 ejus

155 932 225 967 quod
239 930 429 959 existimabant
443 929 551 956 divites.
565 927 617 954 Alii
639 931 757 953 externa:
776 932 884 959 operam
902 923 949 950 da-

155 979 218 1006 bant
233 977 389 1012 sapientire,
415 980 548 1010 tamquam
566 973 614 1000 hac
632 973 734 999 ratione
754 972 849 1005 dogma
870 970 950 997 stabi-

155 1025 272 1053 lientcs:
296 1022 413 1051 ostendit
436 1029 494 1049 eam
517 1028 568 1047 non
594 1019 679 1046 solum
703 1018 775 1045 cruci
799 1024 851 1043 non
871 1024 948 1051 opetn

155 1070 241 1101 ferre,
258 1069 306 1096 sed
322 1069 402 1096 etiam
419 1075 477 1095 eam
493 1065 641 1094 exinanire.
656 1063 793 1098 Urgebant
806 1068 832 1089 ut
844 1058 948 1097 judiea~

154 1121 247 1143 rentur
260 1115 330 1150 apud
351 1114 434 1147 alios,
449 1113 632 1141 existimantes
649 1110 785 1145 indignum
803 1117 861 1136 esse
874 1109 947 1142 judi-

152 1163 206 1190 eari
221 1162 294 1197 apud
317 1169 398 1194 suos,
420 1168 451 1188 ac
474 1160 496 1187 si
518 1159 621 1186 externi
636 1162 727 1185 essent
748 1157 946 1191 sapientiores:

153 1208 269 1236 ostendit
284 1215 344 1235 esse
360 1213 436 1241 turpe
459 1206 523 1233 foris
540 1205 665 1240 judicari.
682 1203 853 1230 Accedebant
871 1202 903 1229 ad
917 1210 946 1228 ea

152 1263 211 1290 qme
224 1260 301 1283 erant
310 1255 388 1281 idolis
400 1253 543 1285 immolata,
558 1257 691 1286 tamquam
704 1249 846 1285 perfectam
859 1255 948 1276 osten-

154 1306 239 1329 tantes
253 1301 391 1328 scientiam
405 1309 412 1327 :
427 1299 544 1326 ostendit
556 1298 606 1325 11οο
617 1305 676 1325 esse
688 1296 850 1331 imperfectae
862 1295 947 1322 scicn-

154 1347 196 1374 1110
206 1368 214 1379 ,
231 1346 336 1373 nescire
349 1345 536 1373 administrare
552 1351 583 1370 ea
598 1351 657 1378 qua:
676 1346 737 1369 sunt
752 1342 945 1376 proximorum.

154 1393 190 1420 lla
204 1393 248 1420 hic
260 1400 377 1428 quoque,
393 1391 519 1426 quoniam
530 1391 679 1425 linguarum
694 1388 792 1415 donum
808 1391 947 1422 stupentes

152 1439 363 1470 admirabantur,
376 1438 487 1472 gloriam
501 1441 632 1467 amantes,
645 1434 763 1462 ostendit
777 1433 827 1460 hoc
840 1433 945 1467 quidem

152 1493 198 1513 eos
213 1485 330 1512 maxime
349 1484 482 1511 dedecore
497 1482 623 1513 afficere,
645 1489 697 1508 non
722 1480 807 1507 solum
832 1486 879 1505 eos
896 1478 947 1512 pri-

152 1539 217 1558 vans
231 1530 316 1565 gloria
329 1550 336 1561 ,
352 1529 399 1557 sed
416 1530 496 1556 etiam
519 1529 578 1555 illos
594 1528 619 1554 111
636 1526 745 1554 insania:
768 1525 945 1559 suspicionem

152 1576 309 1610 conjiciens.
328 1576 362 1602 At
382 1583 434 1601 non
456 1574 546 1601 statim
570 1575 620 1600 hoc
635 1573 717 1604 dixit;
739 1571 784 1598 sed
800 1579 859 1598 cttm
876 1571 947 1605 prius

154 1621 292 1648 innumera
306 1620 433 1652 dixisset,
449 1620 555 1654 quando
569 1618 656 1646 effecit
678 1623 706 1644 nt
721 1617 797 1644 facile
811 1618 946 1651 excipere-

153 1675 194 1696 tur
210 1673 341 1703 grataque
359 1672 432 1695 esset
447 1666 542 1697 oratio,
559 1671 621 1692 tunc
634 1664 769 1698 subjuugit
783 1663 809 1690 id
822 1663 893 1698 quod
907 1668 947 1690 est

152 1714 309 1742 admirabile
321 1718 348 1742 et
361 1717 459 1748 praeter
473 1713 636 1747 opinionem.
653 1710 699 1737 Est
714 1714 802 1736 autem
819 1709 875 1735 hrec
892 1716 948 1735 111οο

151 1761 244 1788 dilatio
260 1761 309 1794 ipsi
325 1759 471 1787 familiaris.
490 1759 556 1785 Eum
571 1758 641 1785 enim
656 1757 701 1791 qui
722 1756 825 1783 ﬁrmam
839 1761 947 1782 sentcn-

153 1807 214 1833 tiam
238 1811 281 1833 est
296 1806 477 1833 labefacturns
494 1809 521 1831 et
540 1804 566 1830 in
588 1803 752 1830 contrarium
768 1809 947 1828 conversurus

152 1853 266 1880 firmiter
290 1852 477 1887 stabiliterque
505 1853 663 1885 conceptam
691 1849 862 1883 opinionem,
895 1855 946 1874 non

150 1903 256 1933 oportet
271 1899 361 1925 statim
375 1898 465 1924 dicere
478 1897 641 1923 contrarium
659 1904 665 1921 :
680 1899 752 1921 esset
763 1894 834 1921 enim
850 1893 948 1920 ridicu-

152 1944 193 1971 lus
203 1944 275 1979 apud
288 1951 345 1976 eos,
367 1951 435 1978 quos
448 1947 550 1970 contrax
559 1942 581 1968 ia
596 1940 791 1976 praeoccupavit
804 1938 945 1966 sententia.

151 1991 216 2018 Nam
231 1991 304 2026 quod
317 1994 359 2017 est
371 1990 450 2017 valde
463 1989 619 2017 admirabile
632 1993 658 2016 et
672 1992 769 2022 prmtcr
781 1987 945 2021 opinionem,

152 2045 204 2063 non
219 2037 299 2064 facile
312 2037 415 2063 admitti
429 2035 527 2071 poterit
542 2036 575 2062 ab
590 2035 678 2065 initio;
695 2033 741 2060 sed
754 2037 870 2067 oportet.
887 2040 946 2059 cum

153 2091 200 2117 per
215 2084 266 2110 alia
289 2084 362 2118 prius
376 2087 448 2110 recte
464 2082 605 2109 suffoderis
620 2086 646 2108 et
660 2080 800 2115 irrepscris
810 2101 816 2113 ,
831 2080 869 2106 sic
883 2087 947 2106 con-

151 2134 257 2157 vertere
272 2130 298 2156 in
313 2130 486 2156 contrarium.

187 2177 215 2203 5.
231 2175 277 2203 Sic
291 2166 440 2202 certe-fecit
456 2174 536 2201 etiam
556 2174 692 2200 disserens
710 2173 743 2199 de
764 2172 946 2198 matrimonio.

152 2221 218 2248 Nam
233 2221 361 2256 quoniam
378 2221 453 2247 multi
469 2220 587 2247 animum
601 2219 762 2246 adhibebant
778 2218 948 2245 matrimonio

153 2273 289 2303 tamquam
309 2267 349 2294 rei
383 2267 407 2293 in
422 2275 472 2301 qua
491 2271 563 2293 esset
579 2266 655 2300 quies
675 2269 701 2292 et
723 2265 870 2295 recreatio;
893 2265 948 2298 ipse

152 2319 242 2341 autem
254 2313 361 2341 volebat
374 2313 527 2344 ostendere,
544 2319 597 2339 non
613 2312 688 2346 jungi
705 2311 874 2338 matrimonio
889 2319 948 2338 esse

152 2360 271 2394 quietem
286 2366 318 2386 ac
340 2359 546 2391 recreationem,
568 2358 590 2385 si
609 2358 697 2384 statim
713 2357 819 2391 quidem
836 2358 886 2383 hoc
907 2357 947 2383 di-

153 2406 248 2438 xisset,
263 2413 317 2433 non
342 2405 449 2433 fecisset
461 2409 491 2432 ut
511 2405 561 2431 hoc
576 2409 628 2431 tam
652 2404 730 2431 facile
743 2404 928 2431 admitteretur
942 2415 947 2431 :

153 2459 224 2480 nunc
235 2456 326 2479 autem
340 2459 400 2479 eum
413 2455 474 2486 post
487 2451 569 2478 multa
579 2451 629 2477 hoc
640 2450 784 2484 posuisset,
799 2454 949 2484 opportune

155 2498 296 2531 inducens,
314 2497 391 2525 facile
408 2497 534 2532 perculsit
553 2496 699 2523 auditores.
721 2495 776 2522 lloc
790 2496 869 2523 etiam
888 2495 949 2522 fecit

155 2546 180 2572 in
195 2544 358 2580 virginitate.
372 2543 439 2571 Nam
455 2551 515 2570 cum
527 2547 605 2570 antea
620 2543 702 2569 multa
717 2542 839 2575 dixisset,
854 2546 880 2569 et
892 2550 951 2568 rur-

155 2599 200 2619 sus
213 2597 318 2627 postea,
332 2597 395 2619 tunc
406 2591 472 2618 dicit
487 2600 494 2618 :
513 2590 589 2617 Vobis
601 2599 677 2622 parco
692 2595 746 2621 :et,
767 2589 829 2616 Volo
842 2597 883 2616 vos
898 2597 951 2615 esse

156 2639 208 2666 sine
223 2638 397 2665 sollicitudine
412 2638 449 2673 (l.
470 2637 529 2664 Cor.
546 2638 571 2663 7.
588 2637 633 2664 28.
651 2636 708 2670 52).
727 2636 782 2663 1100
796 2636 858 2663 facit
870 2636 949 2663 etiam

156 2692 181 2711 tn
197 2685 305 2719 linguis,
327 2683 474 2711 ostendens
494 2691 541 2710 eas
556 2691 608 2710 non
632 2683 717 2710 solum
733 2683 838 2717 privare
854 2683 948 2717 gloria,

156 2730 202 2758 sed
215 2739 263 2758 eos
276 2730 371 2763 etiam,
385 2730 430 2764 qui
445 2729 496 2756 hoc
509 2729 607 2756 donum
623 2729 731 2761 habent,
748 2730 845 2763 probro
858 2736 889 2756 ac
905 2729 950 2755 de-

157 2776 252 2804 decore
265 2776 375 2804 afﬁcere
394 2776 463 2809 apud
478 2775 608 2802 infideles.
626 2775 766 2808 Prophetia
781 2779 867 2802 autem
884 2782 950 2801 con-

156 2825 194 2848 tra
209 2822 310 2857 probro
325 2829 358 2848 ac
372 2821 503 2848 dedecore
522 2825 599 2847 vacat
616 2821 685 2855 apud
710 2820 838 2854 infideles,
854 2826 879 2847 et
895 2830 948 2848 ina-

331 2872 466 2900 PATROL.
490 2872 546 2901 Gn.
575 2872 648 2901 l..\'l.

658 83 689 111 IN
710 82 817 110 EPIST.
840 82 849 109 l
880 81 927 109 AD
946 81 1023 109 (1011.
1048 81 1162 109 HOMiL.
1184 83 1304 110 XXXVI.

1751 81 1803 109 510

1008 139 1201 180 ximamhahet
1213 141 1325 176 gloriam
1339 147 1366 170 et
1378 143 1528 170 utilitatem.
1541 142 1607 170 Nam
1622 145 1648 171 in
1662 146 1802 181 prophetia

1008 192 1086 212 nemo
1099 184 1169 213 dicet
1184 193 1231 214 eos
1246 185 1373 221 insanire,
1395 196 1445 216 nec
1466 189 1588 217 irridebit
1608 197 1654 217 eos
1674 191 1719 225 qui
1738 196 1801 226 pro-

1008 229 1127 265 phelant,
1142 228 1188 260 sed
1201 237 1293 260 contra
1309 240 1356 261 eos
1376 234 1494 269 stupebit
1511 239 1539 262 et
1551 234 1736 263 admir‘abitur.
1754 237 1802 263 Ar-

1006 283 1117 313 guuntur
1131 279 1203 307 euim
1223 289 1254 307 ac
1273 282 1456 308 convincuntur
1478 282 1509 309 ab
1528 283 1664 314 omnibus;
1682 282 1734 311 hoc
1748 289 1800 316 est,

1006 331 1037 351 ea
1061 332 1120 360 qum
1148 323 1227 354 habet
1252 326 1279 354 in
1300 328 1382 355 corde
1405 320 1431 355 in
1455 328 1570 356 medium
1594 329 1762 357 adducuntur
1774 336 1802 358 et

1006 364 1183 399 ostenduntur
1196 373 1333 401 omnibus.
1344 374 1403 401 Non
1417 381 1479 402 sunt
1493 379 1581 403 autem
1597 376 1681 412 paria,
1699 376 1802 411 ingres-

1005 425 1064 444 sum
1079 417 1229 453 quempiam
1243 419 1345 453 videre,
1359 420 1433 448 illum
1447 418 1553 456 quidem
1569 422 1675 450 Persice
1687 422 1801 458 loquen-

1007 467 1070 505 tem,
1088 464 1158 492 lutne
1170 469 1258 493 autem
1270 461 1389 501 Syriace;
1400 472 1426 494 et
1438 468 1587 503 ingressum
1599 468 1692 496 audire
1700 474 1800 497 arcana

1005 509 1063 545 ejus
1078 511 1185 542 mentis,
1201 511 1259 539 sive
1273 516 1377 539 tentans
1387 514 1413 540 et
1426 510 1495 540 malo
1508 515 1607 546 animo,
1624 514 1680 542 sive
1694 515 1800 543 sincere

1004 559 1031 582 et
1044 555 1114 583 bono
1124 557 1213 584 anitno
1225 558 1260 585 sit
1273 558 1407 593 ingressus
1421 567 1428 591 ;
1444 559 1471 586 et
1483 559 1553 594 quod
1572 552 1624 587 hoc
1644 560 1751 595 quidem
1765 561 1800 588 ab

1005 602 1050 629 illo
1064 603 1166 638 gestum
1182 605 1227 637 sit,
1244 604 1278 632 de
1302 598 1347 632 illo
1367 609 1457 633 autent
1481 606 1516 633 sit
1530 607 1708 634 consultatum
1722 616 1729 635 :
1749 608 1799 635 hoc

1004 649 1074 676 enim
1090 654 1130 677 est
1143 650 1189 677 illo
1202 651 1287 678 multo
1299 651 1444 679 terribilius
1457 656 1484 680 et
1499 653 1599 680 utilius.
1617 648 1760 688 Propterea
1773 654 1799 681 in

1005 695 1101 730 fingitis
1116 696 1224 731 quidem
1248 697 1313 724 dicit
1329 705 1375 725 vos
1389 698 1522 725 insanire:
1535 698 1582 726 sed
1595 699 1645 726 hoc
1658 707 1690 726 ex
1705 708 1735 728 sc
1747 708 1798 726 non

1004 741 1078 773 dicit,
1094 749 1184 769 verum
1197 751 1228 770 ex
1245 737 1349 770 illorum
1361 744 1462 778 judicio
1476 753 1483 771 :
1499 738 1592 772 Dicens
1602 746 1684 779 enim,
1700 747 1797 782 inquit,

1003 788 1071 823 quod
1084 789 1210 816 insanitis.
1234 783 1282 817 llic
1299 795 1388 818 autem
1404 792 1487 818 utitur
1499 795 1527 819 et
1542 799 1632 819 rerum
1654 792 1796 823 sententia.

1003 839 1030 862 et
1044 842 1137 862 eorum
1157 837 1202 870 qui
1214 836 1350 870 juvanlur.
1366 830 1527 864 Convinritu'r
1551 837 1636 869 enim,
1658 838 1754 873 inquit,
1767 840 1799 866 ab

1003 881 1129 914 omnibus,
1145 876 1303 916 diiudicatur
1317 883 1348 909 ab
1362 876 1477 910 omnibus
1492 892 1501 910 :
1516 889 1538 911 et
1554 885 1590 911 sic
1604 885 1703 911 occulta
1715 885 1799 912 cordia

1001 928 1057 961 ejus
1071 928 1205 963 manifesta
1217 929 1292 962 ﬁunt,
1306 935 1329 956 et
1340 930 1375 956 ita
1384 930 1475 956 radens
1488 930 1531 956 ille
1542 930 1566 956 in
1581 931 1671 966 faciem
1681 931 1798 958 adorabit

1002 971 1095 1005 Deum,
1111 975 1278 1007 pronuntians
1293 976 1360 1009 quod
1375 984 1429 1002 vero
1441 968 1512 1003 Deus
1526 976 1552 1003 in
1566 977 1634 1003 vobis
1647 977 1689 1004 sit.
1706 976 1798 1005 Vidett‘

1001 1019 1073 1053 quod
1089 1018 1140 1047 hoc
1155 1020 1261 1054 quidem
1279 1021 1314 1047 sit
1329 1021 1524 1048 indubitatum?
1538 1022 1603 1049 Nam
1617 1023 1670 1050 illic
1687 1024 1796 1058 quidem

1001 1066 1035 1093 de
1047 1073 1080 1094 eo
1094 1066 1165 1101 quod
1186 1066 1216 1093 fit
1229 1067 1384 1102 ambigitur,
1406 1073 1433 1095 et
1448 1069 1579 1103 quispiam
1599 1077 1631 1096 cx
1647 1069 1798 1098 infidelibus

1002 1111 1028 1139 id
1043 1112 1215 1147 adscripserit
1235 1114 1345 1141 insania:
1359 1123 1365 1140 :
1380 1114 1425 1142 hic
1439 1120 1529 1142 autem
1545 1115 1612 1142 nihil
1635 1116 1686 1143 erit
1705 1116 1798 1151 hujus-

1000 1157 1085 1191 modi,
1097 1157 1145 1185 sed
1158 1163 1185 1185 ct
1204 1158 1380 1186 admirabitur
1394 1165 1420 1187 et
1434 1159 1567 1193 adorabit,
1584 1160 1662 1188 factis
1683 1161 1796 1196 primum

999 1202 1142 1236 confitens,
1154 1203 1252 1231 deinde
1264 1205 1343 1231 etiam
1355 1205 1454 1233 verbis.
1464 1206 1509 1233 Sic
1521 1206 1601 1233 etiam
1620 1206 1798 1235 Nabuchodo—

1000 1257 1082 1277 nosor
1095 1250 1177 1278 Deum
1191 1251 1313 1278 adoravit
1324 1251 1416 1279 dicens
1429 1262 1436 1279 :
1456 1252 1488 1279 In
1502 1253 1604 1280 veritate
1626 1252 1694 1280 Deus
1715 1259 1794 1281 vester

999 1296 1054 1331 ipse
1068 1300 1103 1323 est
1115 1295 1184 1323 Deus
1198 1297 1312 1324 revelant
1328 1299 1458 1333 mysteria,
1470 1299 1590 1333 quoniam
1606 1299 1711 1334 potuisti
1726 1308 1795 1327 reve—

1000 1343 1054 1369 lare
1068 1342 1214 1377 mysterium
1228 1343 1297 1371 istud
1307 1343 1388 1380 (Dan.
1403 1345 1430 1371 ‘2.
1452 1345 1508 1380 47).
1524 1345 1647 1373 Vidistin‘
1661 1346 1713 1373 vim
1732 1354 1796 1381 pro-

1001 1388 1108 1423 phetiae,
1125 1389 1259 1423 quomodo
1283 1389 1399 1418 ferocem
1423 1390 1498 1418 illum
1520 1392 1662 1419 mutaverit
1676 1398 1703 1419 et
1720 1394 1794 1420 insti-

1001 1435 1082 1463 tuerit
1091 1439 1117 1462 et
1127 1436 1160 1463 ad
1174 1436 1253 1464 fidem
1267 1436 1479 1465 deduxerit?26.-
1490 1437 1558 1471 Quid
1568 1439 1774 1474 ergoestJratres
1784 1440 1798 1466 Ρ

1000 1481 1065 1508 Cum
1078 1483 1225 1514 convenitis,
1250 1484 1421 1519 unusquisque
1442 1489 1551 1511 vestrum
1571 1485 1697 1519 psalmum
1712 1487 1794 1517 hnbel,

1000 1527 1142 1554 doctrinam
1156 1528 1240 1561 habet,
1265 1529 1380 1564 linguam
1404 1529 1487 1561 habet,
1513 1530 1689 1557 reuelationem
1711 1531 1794 1562 habet,

1000 1574 1232 1609 interpretationem
1247 1575 1320 1602 habet
1340 1584 1348 1602 :
1366 1577 1451 1602 omnia
1468 1576 1502 1603 ad
1513 1577 1707 1611 wdi/icationem
1720 1578 1794 1611 ﬁunt.

1002 1620 1123 1647 Vidistiu‘
1150 1621 1347 1649 Christianismi
1373 1621 1578 1649 fundamentum
1604 1626 1631 1649 et
1654 1623 1797 1656 regulam?

999 1665 1074 1694 Sicut
1084 1666 1156 1694 enim
1170 1672 1211 1694 est
1222 1667 1334 1695 artificis
1352 1667 1470 1695 officium
1487 1667 1630 1700 mdificarc,
1657 1668 1692 1695 ita
1713 1668 1795 1695 etiam

1000 1711 1145 1739 Christiani
1171 1713 1301 1747 proximis
1325 1721 1373 1748 per
1393 1714 1484 1741 omnia
1509 1713 1649 1748 prodesse.
1664 1714 1795 1747 Quoniam

1001 1763 1088 1786 autem
1105 1759 1131 1786 in
1145 1759 1245 1787 donum
1259 1759 1337 1787 valde
1350 1765 1390 1787 cst
1405 1761 1536 1791 invectus,
1549 1768 1583 1788 ne
1599 1760 1722 1788 videatur
1735 1768 1795 1788 esse

1000 1812 1247 1840 supervacaneum;
1262 1813 1356 1833 eorum
1377 1806 1448 1833 enim
1471 1806 1568 1833 fastum
1587 1806 1681 1833 volens
1705 1806 1796 1841 depri-

1001 1859 1088 1883 mere,
1110 1852 1161 1879 hoc
1173 1852 1258 1879 solum
1274 1852 1350 1879 fecit:
1363 1860 1457 1879 rursus
1468 1853 1553 1887 ipsum
1567 1860 1626 1879 cum
1639 1853 1698 1880 aliis
1711 1860 1796 1879 annu-

1001 1902 1095 1928 mcrat,
1112 1897 1222 1924 dicens:
1239 1896 1371 1924 Paulinum
1388 1898 1472 1930 habet,
1487 1898 1629 1924 doctrinam
1643 1898 1726 1931 habet,
1747 1898 1797 1925 litt-

1000 1951 1077 1978 guam
1095 1942 1177 1969 habet.
1194 1943 1300 1970 Etenim
1317 1944 1434 1979 psalmos
1448 1944 1512 1971 olim
1527 1943 1661 1971 faciebant
1680 1952 1713 1971 ex
1732 1944 1796 1970 cha-

1001 1989 1110 2016 rismate
1128 1997 1174 2016 seu
1188 1989 1269 2021 dono,
1285 1994 1312 2016 et
1333 1989 1466 2017 docebant
1486 1997 1520 2016 ex
1534 1989 1607 2016 dono
1621 1999 1627 2016 :
1642 1989 1689 2016 sed
1708 1994 1796 2016 tamen

1003 2035 1061 2062 11100
1074 2035 1174 2067 omnia,
1200 2035 1294 2069 inquit,
1323 2034 1356 2061 ad
1380 2042 1462 2062 unum
1478 2034 1629 2069 aspiciant.
1653 2042 1749 2070 nempe
1764 2035 1797 2061 ad

1002 2080 1118 2115 proximi
1131 2080 1326 2107 correctionem
1340 2089 1347 2106 :
1364 2080 1430 2107 nihil
1453 2080 1499 2107 fiat
1518 2084 1622 2108 temere
1636 2085 1663 2107 et
1679 2081 1797 2107 inconsi-

1002 2126 1104 2154 derate.
1119 2126 1147 2153 Si
1159 2126 1230 2154 enim
1244 2135 1298 2154 non
1311 2127 1417 2154 accedis
1431 2126 1540 2155 fratrem
1551 2127 1798 2160 mdifieaturus,cur

1001 2174 1124 2201 accedis?
1134 2173 1191 2201 Non
1207 2181 1300 2208 magna
1316 2181 1330 2200 a
1344 2182 1387 2201 me
1403 2173 1516 2201 habetur
1528 2174 1595 2201 ratio
1606 2174 1797 2202 chari'matum

1002 2219 1179 2247 differentiae:
1194 2227 1277 2247 unum
1294 2224 1337 2247 est
1358 2219 1424 2246 mihi
1447 2228 1530 2251 0111111,
1553 2224 1580 2247 et
1601 2228 1682 2247 unum
1705 2225 1747 2247 cst
1771 2221 1796 2247 in

1002 2266 1073 2301 quod
1087 2273 1176 2293 meum
1194 2273 1265 2301 pono
1277 2266 1405 2297 studium,
1422 2274 1519 2301 nempe
1535 2271 1563 2293 ut
1582 2267 1671 2294 omnia
1687 2267 1751 2294 ﬁant
1765 2267 1798 2294 ad

1002 2312 1217 2339 :edifieationem.
1235 2312 1271 2339 Ita
1291 2313 1372 2339 etiam
1389 2313 1434 2347 qui
1456 2321 1566 2347 parvum
1591 2312 1671 2340 habet
1685 2313 1797 2344 donum,

1003 2366 1065 2387 eum
1078 2359 1122 2394 qui
1138 2367 1262 2394 magnum
1283 2359 1363 2387 habet
1375 2360 1512 2395 superabit
1525 2367 1556 2386 ac
1576 2360 1797 2394 prtetervehetur,

1003 2407 1026 2434 si
1041 2406 1091 2434 hoc
1104 2406 1183 2433 adsit.
1199 2406 1344 2440 Propterea
1355 2406 1426 2433 enim
1441 2410 1503 2434 sunt
1514 2405 1595 2438 dona,
1613 2411 1639 2433 ut
1656 2407 1798 2441 unusquis-

1004 2460 1056 2487 que
1069 2451 1227 2480 tcdiﬁcetur.
1242 2451 1270 2479 Si
1285 2451 1336 2479 11οο
1351 2452 1422 2479 001111
1442 2459 1494 2478 1100
1518 2452 1615 2479 factum
1636 2451 1725 2485 fuerit,
1749 2454 1800 2479 erit

1003 2499 1102 2525 donum
1113 2499 1136 2525 ei
1146 2498 1189 2532 qui
1199 2498 1309 2533 accepit,
1319 2498 1352 2525 ad
1362 2498 1621 2525 condemnationem.
1634 2498 1701 2531 Quid
1713 2500 1797 2531 enim.

1004 2544 1047 2572 dic
1057 2544 1133 2577 mihi,
1151 2543 1259 2578 prodest
1274 2543 1456 2579 prophetare?
1471 2543 1534 2579 quid
1547 2551 1611 2571 vero
1622 2549 1743 2572 mortuos
1753 2552 1798 2572 ex~

1004 2590 1098 2623 citare,
1118 2598 1179 2618 etnn
1203 2591 1291 2618 nullus
1306 2590 1341 2618 sit
1355 2590 1400 2625 qui
1413 2590 1548 2618 lucretur?
1564 2590 1591 2618 Si
1606 2590 1649 2618 hic
1663 2596 1704 2619 est
1720 2599 1800 2626 porro

1005 2636 1136 2664 donorum
1151 2636 1221 2668 finis,
1238 2636 1302 2664 licet
1314 2640 1402 2664 autem
1415 2636 1495 2664 etiam
1511 2636 1564 2664 alio
1573 2637 1654 2663 modo
1669 2637 1718 2664 11οο
1731 2645 1797 2664 eou-

1006 2683 1085 2711 ficere
1097 2683 1197 2718 absque
1215 2682 1304 2715 donis,
1319 2690 1353 2710 ne
1367 2688 1476 2717 propter
1491 2683 1565 2717 signa
1580 2683 1702 2710 cll‘eraris
1717 2689 1745 2710 et
1757 2684 1799 2709 in~

1006 2730 1134 2763 solescas,
1155 2737 1242 2765 neque
1257 2735 1282 2758 te
1295 2729 1422 2757 miserum
1437 2737 1497 2757 esse
1518 2730 1667 2762 existimes,
1681 2729 1799 2764 110οι1515

1006 2776 1212 2804 charismatibus
1225 2776 1354 2811 privatus.
1370 2775 1414 2802 27.
1432 2776 1492 2803 Sive
1505 2776 1593 2810 lingua
1605 2776 1661 2810 quis
1679 2775 1798 2810 loquitur,

1009 2822 1145 2850 secundum
1161 2821 1225 2849 duos
1238 2841 1245 2854 ,
1265 2826 1309 2848 aut
1329 2826 1355 2849 ut
1371 2822 1477 2848 multum
1497 2826 1546 2848 trra
1565 2825 1589 2847 et
1608 2829 1654 2854 per
1668 2824 1763 2855 partes,
1777 2822 1799 2846 et

1586 2869 1625 2898 20
