2034 3109
257 111 303 140 511

255 176 321 196 unus
335 168 520 203 interpretetur.
543 166 588 194 98.
604 166 634 191 Si
645 169 728 191 autent
748 171 797 189 non
811 161 885 196 fuerit
903 161 1024 194 interpres
1037 179 1043 189 .

256 220 337 242 taceat
350 216 376 242 in
388 213 502 245 ecclesia,
516 213 562 240 sibi
574 217 656 238 autent
670 211 787 245 loquatur
797 214 819 235 ct
840 208 902 235 Deo.
924 207 991 240 Quid
1005 206 1046 232 di-

255 262 304 294 cis,
320 259 431 295 qureso?
445 266 505 286 cum
519 257 552 285 de
571 255 667 291 linguis
682 261 734 282 tam
757 255 838 282 multa
854 253 965 285 dixeris,
977 251 1046 286 quod

255 305 281 333 id
295 306 329 333 sit
342 305 444 337 inutile,
456 302 526 338 quod
537 309 774 338 supervacaneum,
786 300 838 327 nisi
850 299 946 326 habeat
962 298 1046 325 inter-

253 356 369 386 pretem,
385 357 476 377 rursus
496 348 574 383 iubes
594 348 666 383 loqui
684 347 801 382 linguis?
817 345 874 373 Non
893 344 985 379 jubeo,
1007 343 1048 370 iu—

256 397 321 432 quit,
339 395 385 423 sed
401 402 451 423 nec
470 393 600 429 prohibeo
615 402 622 425 ;
638 398 667 421 ut
683 392 790 428 quando
803 391 877 424 dicit,
896 390 925 418 Si
937 390 993 425 quis
1005 397 1047 416 vos

255 447 324 468 l‘octll
335 441 489 475 infidelium,
503 444 525 467 et
539 440 614 468 vultis
625 440 662 466 ire
672 439 710 474 (l.
722 437 781 467 Cor.
796 437 839 466 10.
853 436 911 471 27),
929 443 981 463 non
997 434 1048 462 hoc

254 487 318 514 dicit
334 487 419 525 legem
435 486 524 513 ferens
534 489 564 513 ut
577 493 634 518 eas,
651 484 696 512 sed
711 492 797 519 neque
808 482 940 513 retinens;
958 481 992 508 ita
1004 480 1048 507 hic

254 533 347 566 etiam,
363 531 419 560 Sibi
432 537 515 559 autem
530 532 649 566 loquatur
663 535 686 558 et
701 529 767 557 Deo.
784 529 812 557 Si
827 536 879 557 non
895 531 991 563 potest,
1006 527 1047 554 in-

254 578 320 612 quit,
338 582 436 610 tacere,
449 576 496 604 sed
510 581 550 604 est
560 576 626 603 adeo
638 576 747 603 honoris
760 580 787 602 et
798 574 885 602 inanis
900 573 990 609 gloriae
1001 579 1047 599 cu-

251 624 342 658 pidus,
361 623 431 658 apud
456 631 485 650 se
504 623 637 658 loquatur.
656 622 744 654 Quare
763 621 814 648 hoc
837 621 895 655 ipso
915 619 986 654 quod
1008 618 1047 646 sic

255 670 384 705 permisit,
402 669 545 704 prohibuit,
563 674 592 696 ut
604 669 648 703 qui
660 668 760 703 pudore
774 666 904 695 alieeerit.

289 716 316 743 4.
331 715 407 749 Quod
415 716 496 743 etiam
512 714 576 742 facit
587 715 648 742 alibi
661 714 797 742 disserens
810 713 843 741 de
853 712 1047 741 consuetudine

254 769 314 789 cum
330 767 423 795 uxore,
440 766 466 788 et
480 760 572 788 dicens
587 770 593 787 ε
611 760 667 787 Hoc
680 764 762 787 autem
777 760 833 786 dico
844 763 945 795 propter
958 759 1046 786 incon-

255 807 385 834 tinentiam
396 811 502 834 vestram
515 805 552 842 (l.
568 806 626 833 Cor.
642 805 679 841 7).
695 805 746 833 Sed
762 805 869 839 quando
881 804 915 832 de
926 805 1045 840 prophe-

255 855 289 881 tia
311 853 479 887 loquebatur,
495 859 547 879 non
563 852 602 879 sic
617 850 703 884 dixit;
726 850 772 878 sed
788 849 944 885 quomodo?
957 849 1045 885 Impe-

252 899 337 926 rando
352 902 378 925 et
391 898 475 932 legem
490 896 600 924 ferendo
615 905 622 923 :
636 895 771 930 Prop/cette
784 900 868 923 autent
881 896 930 923 duo
944 901 987 922 aut
996 900 1044 923 tres

254 945 399 978 loquantur.
415 943 449 970 Et
461 949 591 976 nusquam
605 942 648 969 hic
656 942 749 976 quzcrit
763 942 945 976 interpretem,
958 949 1044 976 neque

253 997 283 1016 os
296 989 411 1016 obstruit
426 988 605 1023 prophetanti,
619 988 689 1016 sicut
699 987 763 1021 illic,
778 987 870 1015 dicens
883 997 889 1015 :
905 987 935 1015 Si
949 996 1000 1015 non
1012 989 1044 1015 sit

252 1035 386 1069 interpres,
405 1038 495 1061 taceat.
521 1033 611 1069 Neque
632 1033 703 1061 enim
723 1033 820 1061 sufficit
843 1033 866 1061 is
887 1033 932 1068 qui
954 1032 1043 1068 lingua

253 1081 378 1115 loquitur.
396 1080 575 1114 Quamobrem
600 1080 622 1107 si
644 1079 704 1115 quis
719 1079 814 1107 habeat
836 1083 978 1114 utrumque
994 1079 1044 1107 do-

250 1133 330 1159 num,
345 1126 486 1160 loquatur;
500 1126 522 1153 si
537 1129 625 1152 autem
640 1133 691 1152 non
703 1125 816 1158 habent,
831 1125 887 1152 vult
901 1129 990 1152 autem
1003 1124 1042 1152 lo-

251 1172 306 1207 qui,
321 1179 380 1199 cum
404 1172 552 1207 interprete
572 1170 623 1198 hoc
645 1171 732 1197 faciat.
757 1170 891 1205 Propheta
912 1170 985 1197 enim
1003 1174 1043 1197 est

251 1218 394 1252 interpres,
411 1216 457 1244 sed
476 1216 534 1250 Dei,
551 1221 578 1243 tu
593 1220 682 1242 autem
702 1215 827 1243 hominis.
852 1215 883 1243 Si
895 1221 978 1242 autem
993 1219 1042 1243 no‘n

250 1263 281 1290 sit
303 1262 437 1296 interpres,
462 1265 553 1289 taceat.
577 1259 646 1288 Nihil
668 1260 739 1287 enim
762 1267 961 1294 supervacaneo
984 1260 1042 1288 ﬂeri

250 1311 366 1342 oportet,
389 1306 455 1334 nihil
478 1306 512 1333 ad
530 1306 703 1334 ambitionem
728 1310 756 1333 et
780 1305 890 1334 honoris
914 1306 1041 1334 studium.

249 1354 304 1381 Sibi
315 1358 398 1380 autem
412 1353 529 1388 loquatur
544 1357 567 1380 et
579 1351 649 1385 Deo;
663 1352 713 1380 hoc
727 1356 779 1385 est,
791 1352 816 1380 in
828 1357 928 1385 mente,
941 1357 968 1380 et
981 1359 1043 1380 sen-

249 1399 298 1426 sim
312 1403 339 1426 et
349 1399 450 1433 absque
461 1398 585 1434 strepitu,
600 1398 621 1425 si
636 1398 711 1425 velit.
731 1397 788 1425 Non
801 1402 842 1425 est
856 1398 927 1425 enim
941 1397 991 1426 hoc
1001 1398 1041 1425 le-

247 1453 307 1480 gem
328 1445 449 1477 ferentis,
473 1444 520 1472 sed
545 1444 613 1472 forte
632 1444 721 1479 potius
739 1443 869 1479 pudorem
888 1444 1042 1472 incutientis

248 1499 297 1527 per
309 1491 521 1524 concessionem,
536 1491 606 1517 sicut
626 1489 732 1525 quando
747 1490 821 1524 dicit,
845 1490 876 1518 Si
889 1491 945 1523 quis
959 1496 1042 1518 autem

248 1538 335 1570 esurit,
352 1536 587 1572 domicomedatﬂ.
603 1535 662 1564 Cor.
677 1537 722 1564 ll.
737 1536 783 1572 δι)
794 1545 802 1570 ;
815 1540 910 1565 etcum
921 1537 1042 1565 videatur

248 1584 407 1617 concedere,
430 1590 463 1610 eo
484 1583 543 1618 ipso
564 1583 638 1610 illum
662 1583 746 1618 tangit
767 1583 865 1610 acrius.
890 1582 948 1610 Non
969 1583 1040 1611 enim

249 1631 319 1663 ideo,
341 1630 436 1665 inquit,
452 1629 612 1662 convenitis,
633 1633 662 1657 ut
681 1636 728 1656 ros
744 1629 814 1656 dona
836 1628 936 1657 habere
950 1634 1041 1657 osten-

249 1676 328 1707 datis,
344 1675 391 1703 sed
407 1679 434 1702 ut
447 1682 494 1701 eos
513 1675 557 1710 qui
576 1673 687 1702 audiunt
703 1673 859 1702 tedillcetis:
875 1675 945 1710 quod
960 1676 1040 1702 etiam

247 1722 316 1749 dixit
328 1721 416 1753 initio,
441 1719 533 1748 Omnia
546 1721 581 1747 ad
595 1720 790 1755 aediﬁcationem
813 1721 887 1755 ﬁant.
911 1721 956 1747 29.
976 1721 1042 1748 Pro-

250 1767 332 1801 pheta!
344 1771 427 1793 autent
442 1767 493 1793 duo
514 1771 559 1793 aut
577 1770 626 1793 tres
645 1766 740 1800 dicant,
760 1771 782 1794 et
794 1767 878 1794 ueteri
891 1767 1039 1803 dijudicent.

249 1813 384 1847 Nusquam
407 1811 549 1847 plurimum
565 1811 653 1847 posuit
671 1812 739 1839 sicut
761 1813 787 1839 in
804 1812 909 1848 linguis.
928 1813 961 1841 Et
978 1814 1040 1849 quid

248 1859 309 1892 hoc,
327 1858 451 1893 inquies?
465 1865 551 1893 neque
573 1858 643 1885 enim
659 1857 836 1886 sufﬁcientem
852 1859 969 1887 ostendit
981 1867 1041 1888 esse

249 1905 428 1940 prophetiam,
444 1905 466 1932 si
480 1904 540 1932 aliis
554 1905 684 1939 permittit
695 1905 835 1940 judicium.
853 1905 908 1933 lmo
923 1914 990 1934 vero
1001 1911 1042 1934 est

249 1951 326 1977 valde
341 1949 496 1978 sufﬁciens:
514 1958 601 1985 neque
620 1946 695 1978 enim
720 1950 783 1977 huic
804 1951 872 1978 sicut
891 1951 929 1978 illi
947 1958 978 1979 os
992 1951 1041 1980 ob-

249 1997 355 2029 struxit,
369 2001 396 2024 et
407 1997 540 2024 silentium
556 1996 661 2029 indixit,
677 1997 698 2024 si
713 2004 765 2025 non
776 1998 810 2025 sit
823 1999 866 2033 qui
880 1999 1042 2034 interprete-

249 2048 308 2076 tur;
324 2050 410 2077 neque
422 2042 492 2070 sicut
504 2042 537 2070 de
553 2042 599 2069 illo
612 2042 690 2076 dixit,
706 2042 737 2070 Si
749 2051 798 2070 non
813 2044 844 2070 sit
855 2044 988 2080 interpres,
1000 2050 1041 2072 ta-

249 2092 302 2115 real
318 2095 326 2114 :
342 2090 376 2114 ita
391 2087 425 2114 de
438 2087 489 2114 hoc
501 2094 618 2122 quoque,
630 2086 659 2114 Si
673 2095 727 2114 non
741 2088 772 2115 sit
787 2088 832 2123 qui
848 2087 993 2123 discernat,
1009 2099 1042 2118 ne

249 2133 411 2169 prophetct;
432 2133 480 2161 sed
499 2133 586 2161 solum
607 2133 703 2161 muniit
723 2134 884 2162 auditorem.
902 2135 957 2164 Hoc
970 2137 1041 2164 enim

250 2181 317 2208 dixit
334 2180 367 2207 ad
381 2187 429 2207 eos
445 2179 594 2208 monendos
608 2184 638 2207 ut
656 2185 793 2214 caverent,
810 2189 844 2209 ne
861 2181 930 2210 inter
942 2190 988 2210 eos
1003 2183 1043 2210 in-

249 2230 373 2254 curreret
391 2229 467 2253 vates
485 2233 516 2253 ac
531 2225 674 2253 divinator.
691 2225 756 2254 Nam
772 2227 853 2255 etiam
868 2227 895 2255 in
911 2228 1043 2264 principio

251 2275 302 2302 hoc
313 2273 391 2308 jussit
406 2279 502 2300 cavere
513 2293 520 2305 ,
535 2272 642 2308 quando
664 2272 836 2302 divinationis
853 2279 882 2302 et
896 2275 1043 2309 prophetia:

251 2320 340 2348 attulit
354 2319 550 2352 differentiam;
566 2323 594 2347 et
605 2326 676 2346 nunc
691 2319 777 2355 ipsum
795 2319 870 2355 jubet
889 2319 1043 2348 discernere

251 2372 278 2395 et
293 2366 475 2398 considerare,
486 2373 520 2393 ne
532 2365 596 2400 quid
611 2366 711 2400 irrepat
722 2366 894 2394 diabolicum.
909 2365 1043 2400 50.13am!

250 2414 273 2440 si
286 2413 330 2440 alii
342 2413 477 2439 revelatum
498 2411 530 2438 sit
544 2411 648 2445 sedenti,
664 2413 734 2447 prior
753 2416 843 2439 taceat.
867 2412 912 2440 5i.
935 2411 1044 2440 Potestis

252 2459 319 2486 enim
334 2466 419 2484 anates
432 2465 477 2491 per
491 2457 604 2492 singulos
617 2458 778 2493 prophetare,
793 2462 822 2484 ut
840 2465 926 2486 opma
945 2458 1044 2486 discant

252 2509 275 2531 et
285 2502 551 2539 omnrs‘exhortentur.
567 2503 636 2536 Quid
648 2508 689 2531 est
699 2502 770 2538 quod
781 2503 880 2531 dictum
895 2509 936 2532 est
946 2505 958 2531 *ἲ
967 2504 994 2532 Si
1007 2509 1042 2539 te,

253 2550 349 2585 inquit,
362 2549 539 2584 prophetaute
553 2553 578 2578 et
591 2549 727 2585 loquente,
741 2550 850 2578 alterius
860 2551 969 2585 spiritus
982 2557 1043 2579 eum

252 2596 420 2628 excitaverit,
437 2600 495 2624 tace
508 2595 542 2624 de
556 2601 667 2625 caetero.
686 2596 762 2630 Quod
774 2597 846 2625 enim
861 2598 928 2625 dixit
944 2598 978 2626 de
990 2597 1043 2626 lin-

255 2643 324 2678 guis,
340 2642 392 2670 hoc
403 2642 445 2670 hic
458 2650 564 2678 quoque
576 2643 659 2678 exigit
671 2648 700 2670 ut
714 2643 759 2670 fiat
775 2643 921 2679 sigillatim,
939 2644 986 2671 sed
1001 2644 1044 2672 hic

254 2689 370 2716 divinius
385 2697 391 2715 :
405 2696 458 2716 non
483 2689 550 2716 dixit
567 2689 649 2722 enim,
665 2688 816 2723 Sigillatim,
830 2689 888 2723 sed,
910 2689 942 2718 Si
953 2690 998 2717 alii
1013 2691 1045 2718 sit

254 2734 400 2761 revelatum.
416 2734 485 2769 Quid
501 2734 571 2761 enim
586 2734 673 2761 adhuc
685 2741 753 2769 Opus
762 2739 844 2766 esset,
856 2741 917 2762 cum
931 2735 974 2763 hic
987 2743 1045 2763 mo-

254 2785 349 2808 veatur
371 2780 404 2807 ad
426 2780 607 2815 prophetiam,
629 2780 704 2807 illum
725 2780 834 2809 dicere?
855 2781 888 2808 At
907 2787 1046 2816 oporteret

257 2827 400 2862 utrosque?
413 2825 466 2854 Sed
479 2832 522 2853 res
536 2830 606 2854 esset
620 2827 732 2855 absurda
749 2831 773 2855 et
784 2827 904 2855 confusa.
922 2830 953 2856 At
969 2829 1026 2864 prio
1038 2844 1044 2850 -

605 105 632 132 S.
655 102 792 132 JOANNIS
811 98 1048 129 CllllYSOSTOMl
1068 96 1224 125 AllClllEP.
1245 95 1513 124 CONSTANTINOP.

1841 92 1889 119 3i“!

1103 157 1177 183 rem?
1191 157 1219 183 Et
1237 156 1288 183 hoc
1302 163 1407 191 quoque
1422 154 1578 182 absurdum.
1591 153 1734 188 Propterea
1749 151 1832 184 enim,
1846 151 1890 179 illo

1099 204 1214 237 dicente,
1229 205 1300 232 hunc
1320 205 1445 232 movebat
1461 203 1587 238 Spiritus,
1602 208 1631 229 ut
1643 201 1686 228 hic
1700 206 1805 235 quoque
1815 199 1889 226 diee-

1099 257 1141 280 ret
1153 251 1261 286 aliquid.
1279 252 1378 279 Deinde
1391 250 1533 278 consolans
1543 256 1615 278 eum,
1626 248 1669 275 cui
1680 255 1711 275 os
1721 246 1770 274 fuit
1783 246 1889 273 obstru-

1099 301 1182 330 ctum,
1195 297 1260 324 dicit
1275 305 1281 323 :
1296 296 1406 324 Potestis
1417 296 1481 323 enim
1493 302 1578 322 omnes
1587 293 1718 330 sigillatim
1729 291 1886 328 prophetare,

1099 348 1126 370 ut
1138 351 1223 370 omnes
1236 343 1332 370 discant
1347 347 1370 369 et
1383 349 1468 370 omnes
1478 341 1647 368 consolentur.
1661 339 1742 367 Vides
1756 338 1889 374 quomodo

1099 396 1191 417 rursus
1203 389 1280 416 all‘ert
1299 396 1417 420 causam,
1440 392 1550 423 propter
1564 394 1643 422 quam
1660 385 1723 413 facit
1737 384 1846 412 omnia?
1859 384 1887 411 Si

1099 436 1169 462 enim
1183 443 1255 469 eum,
1270 435 1314 470 qui
1331 435 1428 470 linguis
1446 435 1573 470 loquitur,
1590 433 1701 461 omnino
1714 432 1836 467 prohibet
1847 431 1887 458 di-

1098 489 1171 515 cere,
1185 482 1291 517 quando
1313 490 1366 509 non
1383 481 1464 509 habet
1484 482 1666 516 interpretem,
1685 483 1793 514 propter
1808 478 1888 506 inliti-

1099 528 1200 556 litatem
1216 539 1222 556 :
1237 529 1333 556 merito
1347 529 1427 557 etiam
1447 528 1627 564 prophetiam,
1651 528 1673 555 si
1696 527 1747 554 hoc
1768 533 1822 553 non
1842 525 1888 552 ha-

1098 573 1169 606 beat,
1184 574 1232 602 scd
1256 574 1439 602 confusionem
1465 574 1542 601 faciat
1562 578 1589 601 et
1612 572 1840 601 conturbationem
1862 575 1888 597 et

1099 620 1238 648 tumultum
1252 620 1443 655 importunum,
1455 619 1532 655 jubet
1539 619 1673 646 cohibere.
1684 617 1727 645 52.
1741 617 1775 644 Et
1785 616 1888 652 spiritus

1098 666 1278 701 prop/telarum
1302 666 1430 702 prop/retis
1448 666 1553 701 subjecti
1574 669 1643 692 sunt.
1668 663 1790 691 Vidistiu'
1809 668 1887 697 quam

1097 712 1269 740 vehementer
1281 717 1308 740 et
1323 711 1478 740 terribiliter
1488 719 1548 739 eum
1560 711 1663 746 pudore
1673 708 1812 737 olfecerit?
1823 708 1886 735 Nam

1098 765 1131 786 ne
1144 757 1288 785 contendat
1301 756 1381 784 homo
1395 761 1423 785 et
1442 757 1600 784 seditionem
1615 756 1706 791 agitet,
1731 755 1816 789 ipsum
1838 754 1886 781 do-

1097 811 1159 831 num
1173 803 1290 831 ostendit
1305 802 1399 839 subjici
1416 812 1422 830 :
1435 803 1557 837 spiritum
1568 803 1639 830 enim
1653 801 1696 829 hic
1710 806 1786 828 vocat
1795 808 1888 835 opera-

1097 851 1206 878 tionem.
1219 850 1246 878 Si
1261 855 1349 878 autem
1363 850 1472 885 spiritus
1484 850 1631 884 subjicitur,
1644 849 1728 876 multo
1740 849 1823 882 magis
1835 855 1886 874 non

1097 905 1200 933 mquum
1216 901 1258 925 est
1272 902 1300 924 ut
1322 903 1359 930 tu,
1382 897 1426 932 qui
1451 896 1583 931 possides,
1606 895 1764 923 contendas.
1787 893 1887 921 Deinde

1096 942 1212 970 ostendit
1227 942 1298 977 quod
1313 941 1364 969 hoc
1377 949 1482 977 quoque
1495 941 1527 969 sit
1542 941 1596 968 Deo
1611 945 1760 975 acceptum,
1776 938 1887 974 subjun-

1096 996 1161 1024 gcns
1173 993 1200 1017 et
1216 989 1309 1017 dicens
1331 999 1337 1016 :
1352 987 1396 1016 '53.
1419 985 1479 1015 Non
1499 988 1565 1015 enim
1579 987 1742 1014 dissensionis
1754 990 1790 1013 est
1810 985 1886 1014 Deus.

1095 1035 1140 1062 sed
1152 1035 1230 1070 pacis,
1248 1036 1311 1062 sicut
1321 1039 1345 1062 et
1357 1035 1382 1062 in
1397 1033 1512 1062 omnibus
1522 1033 1632 1060 ecclesiis
1643 1037 1786 1060 sanctorum
1799 1032 1888 1058 doceo.

1096 1080 1220 1108 Vidistin”
1234 1085 1300 1115 quot
1323 1080 1410 1107 modis
1430 1087 1490 1107 eum
1517 1079 1544 1106 iu
1569 1078 1705 1106 silentium
1724 1076 1846 1108 deduxit,
1861 1080 1889 1104 et

1095 1134 1154 1154 curn
1170 1126 1215 1161 qui
1226 1126 1300 1153 alteri
1315 1125 1385 1153 cedit
1395 1125 1549 1152 consolatus
1562 1124 1621 1152 est?
1632 1131 1679 1159 per
1689 1131 1770 1150 unum
1780 1122 1888 1158 quidem

1096 1173 1175 1208 idque
1191 1173 1364 1208 prmcipuum,
1379 1180 1413 1200 ne
1426 1172 1552 1200 videlicet
1564 1170 1598 1200 ab
1613 1172 1663 1198 hoc
1674 1171 1743 1198 laeto
1756 1169 1887 1197 dissolva-

1096 1223 1138 1246 tur
1153 1228 1159 1246 :
1173 1217 1283 1246 Potestis
1294 1218 1371 1252 enim,
1386 1218 1482 1253 inquit,
1496 1225 1540 1253 per
1552 1217 1663 1253 singulos
1678 1224 1763 1244 omnes
1776 1214 1887 1250 prophe-

1095 1269 1148 1291 tare
1160 1273 1169 1296 ;
1184 1271 1231 1299 per
1243 1264 1356 1291 alterum
1369 1271 1444 1297 vero,
1467 1271 1500 1291 ex
1514 1270 1546 1290 eo
1559 1262 1631 1298 quod
1645 1261 1710 1289 illud
1724 1260 1828 1296 spiritui
1846 1260 1888 1286 vi-

1094 1309 1189 1336 deatur
1211 1318 1217 1336 :
1240 1309 1354 1343 Spiritus
1376 1310 1442 1336 enim
1463 1309 1643 1345 prophetarum
1659 1307 1790 1343 prophetis
1806 1306 1889 1342 subji-

1094 1355 1196 1382 ciuntur
1210 1362 1219 1382 :
1234 1359 1361 1390 praeterea
1376 1363 1409 1383 ex
1432 1363 1464 1383 eo
1474 1376 1481 1389 ,
1497 1354 1568 1390 quod
1592 1355 1738 1382 secundum
1761 1353 1808 1381 Dei
1827 1361 1890 1381 seu-

1095 1401 1204 1428 tentiam
1220 1401 1274 1433 sit;
1292 1400 1352 1428 Non
1372 1401 1440 1428 enim
1456 1406 1493 1428 est
1506 1401 1679 1432 dissensionis,
1694 1400 1789 1435 inquit,
1807 1399 1886 1432 Deus,

1094 1446 1138 1472 sed
1153 1446 1221 1481 pacis
1234 1453 1244 1473 :
1257 1450 1351 1481 quarto
1365 1446 1491 1481 denique,
1505 1454 1539 1474 eo
1553 1446 1623 1481 quod
1636 1447 1679 1474 lex
1696 1446 1828 1481 ejusmodi
1841 1453 1887 1480 per

1093 1491 1186 1519 orbem
1204 1492 1356 1520 universum
1372 1492 1471 1528 ubique
1484 1492 1612 1525 obtineat,
1625 1499 1675 1520 nec
1686 1492 1802 1519 alienum
1814 1491 1887 1526 quid-

1094 1544 1173 1570 quam
1189 1544 1300 1572 usquam
1315 1538 1367 1565 illis
1382 1538 1528 1572 imperetur
1545 1546 1552 1564 :
1570 1537 1614 1565 Sic
1635 1538 1711 1570 enim,
1728 1537 1774 1569 ait,
1789 1538 1815 1563 in
1830 1544 1886 1563 ont-

1094 1583 1167 1610 nibus
1181 1583 1292 1610 ecclesiis
1307 1588 1451 1610 sanctorum
1471 1583 1557 1610 doceo.
1575 1583 1643 1617 Quid
1663 1590 1728 1618 ergo
1749 1583 1790 1609 his
1806 1582 1887 1609 rebus

1095 1628 1174 1657 fuerit
1187 1629 1272 1663 magis
1286 1628 1469 1656 horrendum?
1491 1629 1596 1656 Etenim
1618 1628 1738 1656 Ecclesia
1755 1633 1818 1655 tunc
1830 1632 1888 1655 erat

1094 1675 1200 1707 etclam,
1214 1674 1313 1709 Spiritu
1326 1679 1420 1702 sancto
1431 1675 1520 1702 omnia
1536 1679 1655 1710 regente,
1670 1679 1698 1702 et
1708 1681 1886 1708 unumquem-

1093 1728 1146 1755 que
1156 1727 1189 1747 ex
1202 1720 1234 1748 iis
1250 1721 1294 1755 qui
1310 1726 1442 1755 prmerant
1458 1725 1583 1748 movente
1603 1725 1630 1748 et
1653 1728 1669 1748 a
1693 1721 1748 1747 Deo
1768 1719 1886 1747 afﬂatum

1095 1764 1234 1793 reddente.
1256 1765 1309 1793 Sed
1331 1773 1403 1793 nunc
1426 1765 1532 1793 illorum
1556 1765 1688 1793 donorum
1710 1764 1833 1800 symbola
1855 1771 1886 1792 ac

1094 1811 1169 1846 signa
1189 1815 1291 1838 tantum
1316 1815 1448 1839 tenemus.
1469 1811 1534 1839 Nam
1554 1819 1625 1839 nunc
1640 1818 1746 1846 quoque
1766 1811 1821 1838 duo
1842 1816 1887 1838 aut

1094 1861 1149 1885 tres
1160 1857 1285 1890 dicimus,
1300 1862 1328 1885 et
1342 1857 1467 1890 vicissim,
1481 1863 1509 1885 et
1521 1858 1574 1885 alio
1588 1862 1693 1885 tacente
1703 1858 1771 1884 alius
1783 1857 1885 1892 incipit;

1094 1903 1141 1930 sed
1157 1902 1215 1931 haec
1236 1908 1298 1931 sunt
1322 1908 1425 1931 tantum
1449 1904 1554 1932 illorum
1573 1905 1647 1939 signa
1660 1909 1686 1931 et
1701 1910 1884 1931 monumenta.

1095 1949 1240 1985 Propterea
1260 1950 1366 1985 quando
1390 1950 1569 1985 inceperimus
1589 1951 1696 1983 dicere,
1719 1950 1832 1985 populus
1844 1957 1887 1977 re-

1094 1996 1219 2031 spondet,
1233 1996 1335 2031 Spiritu
1355 2001 1399 2024 tuo
1411 2005 1418 2024 :
1434 1997 1580 2025 Ostendens
1593 1997 1664 2032 quod
1678 1997 1743 2024 olim
1760 1997 1798 2024 sic
1812 1996 1886 2023 dice.

1095 2043 1169 2077 haut,
1184 2050 1237 2070 non
1258 2050 1304 2069 sua
1321 2043 1386 2070 moti
1402 2043 1543 2078 sapientia,
1565 2043 1612 2071 sed
1634 2043 1744 2078 Spiritu.
1760 2043 1813 2070 Sed
1834 2050 1886 2070 non

1094 2096 1165 2116 nunc
1175 2097 1182 2122 ;
1194 2088 1227 2116 de
1238 2095 1280 2116 me
1288 2088 1343 2123 jam
1354 2089 1458 2123 loquor.

1130 2135 1157 2162 5.
1168 2135 1220 2162 Sed
1234 2134 1353 2162 Ecclesia
1362 2142 1435 2163 nunc
1445 2140 1486 2162 est
1500 2135 1595 2162 similis
1608 2135 1723 2167 mulieri,
1738 2142 1797 2170 qua:
1813 2143 1828 2163 a
1843 2141 1889 2160 ve-

1096 2181 1145 2208 teri
1160 2181 1336 2216 prosperitate
1350 2181 1449 2208 excidit
1460 2201 1467 2213 ,
1482 2185 1510 2209 et
1521 2181 1613 2209 multis
1624 2182 1649 2208 in
1665 2182 1730 2209 locis
1744 2183 1801 2210 sola
1817 2187 1889 2211 tenet

1096 2227 1215 2263 symbola
1228 2227 1344 2262 antiqua:
1357 2228 1426 2255 illius
1440 2227 1583 2260 felicitatis,
1595 2231 1621 2255 et
1639 2229 1776 2255 monilium
1792 2237 1889 2257 aureo-

1096 2281 1155 2301 rum
1170 2273 1278 2308 quidem
1293 2273 1364 2301 solas
1376 2273 1493 2302 ostendit
1506 2273 1597 2301 thecas
1611 2278 1637 2301 et
1651 2274 1755 2301 arculas
1766 2295 1772 2307 ,
1789 2274 1890 2302 divitiis

1095 2324 1184 2347 autem
1200 2324 1241 2347 est
1257 2321 1358 2355 privata
1373 2329 1379 2347 :
1396 2321 1419 2348 ei
1436 2328 1506 2348 nunc
1526 2321 1645 2348 Ecclesia
1659 2326 1700 2348 est
1715 2321 1820 2349 similis.
1834 2322 1889 2350 Ne-

1096 2373 1149 2401 que
1170 2366 1220 2393 hoc
1241 2365 1328 2393 solum
1348 2365 1408 2393 dico
1428 2371 1538 2401 propter
1557 2367 1642 2399 dona;
1665 2374 1718 2394 non
1733 2368 1804 2394 enim
1819 2374 1892 2395 esset

1096 2418 1186 2447 grave,
1202 2411 1224 2439 si
1243 2411 1293 2439 hoc
1311 2411 1397 2438 solum
1415 2416 1501 2444 esset;
1522 2412 1569 2439 sed
1589 2411 1669 2439 etiam
1686 2417 1797 2447 propter
1810 2413 1890 2440 vitam

1097 2462 1124 2485 et
1137 2458 1273 2485 virtutem.
1296 2457 1362 2485 Nam
1381 2462 1409 2485 et
1430 2457 1570 2485 viduarum
1590 2464 1726 2489 numerus,
1744 2462 1772 2485 et
1792 2459 1892 2486 chorus

1096 2504 1228 2539 virginum
1252 2509 1314 2532 tunc
1336 2511 1460 2539 magnum
1477 2509 1664 2532 ornamentum
1680 2505 1819 2540 praebebat
1843 2505 1893 2532 Ec-

1097 2550 1206 2579 clesils:
1222 2558 1292 2578 nunc
1314 2555 1401 2578 autem
1422 2551 1455 2578 ab
1475 2550 1507 2578 iis
1532 2550 1652 2578 Ecclesia
1675 2551 1782 2578 deserta
1804 2556 1847 2578 est
1867 2556 1894 2578 et

1097 2597 1251 2628 exinanita,
1274 2600 1302 2624 et
1325 2597 1382 2624 sola
1405 2601 1515 2624 manent
1534 2597 1622 2632 signa.
1645 2596 1712 2624 Nam
1735 2602 1799 2624 sunt
1823 2605 1894 2625 nunc

1098 2650 1204 2678 quoque
1216 2642 1314 2676 vidum,
1334 2647 1397 2670 sunt
1417 2647 1444 2670 et
1462 2643 1594 2678 virgines;
1612 2643 1660 2670 sed
1675 2650 1713 2670 ca:
1727 2650 1781 2670 non
1795 2643 1894 2671 habent

1099 2690 1171 2717 illum
1185 2694 1320 2723 ornatum,
1331 2697 1409 2725 quem
1420 2689 1519 2717 habere
1534 2693 1671 2725 oporteret
1686 2697 1731 2717 eas
1745 2698 1805 2725 qua:
1818 2697 1848 2717 se
1861 2689 1893 2716 ad

1099 2736 1157 2764 hate
1171 2741 1298 2772 pararunt
1312 2737 1469 2764 certamina.
1487 2736 1621 2764 Exlmium
1638 2736 1711 2764 enim
1726 2736 1838 2771 virginis
1853 2739 1894 2762 est

1100 2782 1226 2810 indicium
1239 2803 1245 2816 ,
1260 2782 1330 2817 quod
1344 2782 1378 2810 de
1393 2782 1425 2810 iis
1441 2787 1544 2810 tantum
1557 2789 1616 2818 quae
1628 2787 1692 2810 sunt
1708 2782 1754 2810 Dei
1768 2782 1804 2810 sit
1816 2781 1891 2809 solli-

1101 2830 1163 2863 cita,
1182 2835 1208 2856 et
1227 2829 1259 2856 ad
1279 2830 1361 2857 Deum
1382 2828 1543 2865 precandum
1564 2829 1696 2857 indivulse
1714 2828 1831 2857 assideat
1847 2831 1892 2855 :et
