2034 3109
196 194 248 222 515

199 252 283 280 viduae
304 259 357 279 nott
384 256 436 278 tam
462 250 543 279 fuerit
562 249 686 278 indicium
709 248 779 283 quod
799 246 923 275 secundis
936 254 990 273 non

199 299 376 333 coniungatur
395 298 506 332 nuptiis,
521 305 599 332 quam
623 296 680 323 haec
701 296 762 328 alia,
778 302 874 329 nempe
893 293 991 321 caritas

196 345 222 371 in
239 351 381 378 pauperes,
400 343 581 378 hospitalitas,
603 342 630 369 in
653 342 776 377 precibus
797 340 949 371 assiduitas,
964 341 990 365 et

197 391 246 417 alia
256 390 359 423 omnia,
372 397 431 425 qua:
442 389 612 417 exactissime
623 388 705 423 exigit
719 387 815 415 Paulus
827 387 945 415 scribens
956 384 990 412 ad

197 435 367 464 Timotheum
383 436 420 469 (ἱ.
435 435 502 462 Tim.
518 435 556 471 5).

232 480 402 516 Eleemosyna
413 486 535 516 quantum
547 484 732 507 ornamentum.
745 495 778 498 —
790 479 895 506 Videris
909 478 988 505 etiam

196 533 252 559 eas,
268 534 330 561 qua:
343 531 405 554 sunt
416 525 516 561 juncue
532 525 712 557 matrimonio,
729 524 798 559 apud
813 531 862 550 nos
877 523 988 551 multam

195 571 340 599 ostendere
359 572 527 599 honestatem
542 580 549 599 :
565 570 612 598 sed
625 579 677 598 tton
692 575 733 598 est
748 571 799 597 hoc
813 570 899 597 solum
917 569 987 605 quod

194 617 325 652 quaeritur
336 639 343 651 ,
359 617 406 645 sed
421 617 534 652 diligens
542 625 605 645 cura
614 621 640 645 et
647 617 764 645 studiunt
773 625 927 652 egenorum,
941 625 988 651 per

194 662 265 697 quod
281 663 376 698 prisca:
389 663 515 690 mulieres
529 662 606 690 valde
618 662 839 698 resplendebant:
853 670 905 690 non
919 663 987 690 sicut

194 708 285 736 multa:
300 716 334 736 ex
347 709 379 736 iis
391 717 451 744 qua:
463 712 525 736 sunt
538 709 636 736 nostris
650 709 825 743 temporibus.
842 708 907 736 Nam
924 714 987 736 tunc

192 753 302 789 quidem
329 762 379 789 pro
404 762 471 782 auro
494 755 672 791 clcemosynze
700 755 877 782 induebantur
907 762 987 782 orna-

192 805 304 833 mento;
326 809 396 829 ttunc
415 806 505 829 autent
522 802 573 829 hoc
586 801 696 829 ditttisso
706 823 714 836 ,
730 802 837 830 fttnibus
849 803 937 830 aureis
952 811 986 830 ex

191 851 288 874 catena
311 852 483 882 peccatorum
506 849 638 876 contextis
660 848 831 876 amiciuntur.
859 848 985 876 Dicamne

192 891 275 918 etiam
299 892 378 919 aliam
399 892 505 921 thecam
527 898 685 922 ornamento
703 894 789 929 patrio
803 894 985 922 exinanitam?

190 936 392 965 Conveniebant
407 938 469 965 olnn
481 946 586 972 omnes,
600 944 626 966 ct
636 939 784 974 psallebant
796 940 982 968 communiter.

190 981 249 1008 Hoc
260 989 331 1009 nunc
340 990 447 1018 quoqtte
461 983 587 1016 facimus;
603 984 651 1012 sed
666 989 729 1012 tunc
740 984 845 1020 quidem
858 985 883 1012 itt
898 986 985 1012 omni-

189 1027 240 1054 bus
257 1035 311 1055 una
325 1033 382 1056 erat
397 1029 485 1056 anima
501 1033 528 1057 et
544 1037 592 1057 cor
605 1036 703 1062 unum;
719 1037 791 1058 nunc
804 1035 891 1058 autem
907 1039 940 1058 ne
955 1033 983 1058 in

188 1080 242 1101 una
260 1073 367 1108 quidem
380 1074 468 1102 anima
481 1075 553 1102 illam
567 1075 736 1103 concordiam
752 1076 850 1104 videris
869 1081 896 1104 et
915 1084 981 1103 con-

188 1127 310 1154 sensum,
322 1120 369 1148 sed
382 1120 480 1155 ubique
491 1128 615 1156 magnum
626 1125 668 1148 est
678 1121 788 1149 bellum.
802 1121 897 1149 Pacem
911 1130 983 1149 ttttne

186 1165 259 1201 quod
273 1171 398 1201 precatur
411 1168 535 1195 ontnibus
549 1168 571 1194 is
582 1168 626 1203 qui
639 1172 736 1204 protest
749 1168 883 1201 Ecclesiae,
897 1173 926 1196 ut
936 1169 980 1204 qtti

187 1211 215 1238 in
229 1210 340 1240 domum
361 1213 509 1248 ingreditur
521 1218 677 1248 paternam;
692 1214 738 1242 sed
752 1214 830 1249 hujus
846 1215 918 1249 pacis
933 1223 982 1242 no-

188 1264 250 1284 men
263 1257 371 1292 quidem
387 1262 428 1286 est
440 1258 574 1293 frequens,
591 1267 634 1287 res
648 1264 736 1287 autem
750 1267 892 1295 nusquam.
906 1260 981 1289 Tunc

187 1302 269 1330 etiam
289 1302 385 1331 domus
406 1309 483 1331 erant
503 1304 639 1338 ecclesiat;
654 1312 725 1332 nunc
738 1309 827 1333 autem
842 1305 922 1333 etiam
937 1313 982 1333 ec-

187 1348 269 1376 etesia
284 1353 326 1376 est
340 1349 447 1383 domus,
463 1350 504 1377 vel
527 1351 616 1385 potius
638 1351 732 1385 quavis
750 1351 830 1378 domo
851 1351 978 1379 deterior.

186 1394 253 1421 Nam
268 1394 295 1422 in
310 1394 391 1423 donto
405 1395 512 1431 quidem
527 1396 595 1424 bene
610 1397 782 1424 constitutum
793 1397 892 1425 videris
907 1397 980 1425 ordi-

186 1449 248 1468 nem
262 1440 389 1469 tdomina
400 1443 498 1478 quippe
509 1442 604 1471 donnts
617 1443 694 1471 sedet
708 1444 734 1470 in
749 1443 817 1471 solio
830 1451 890 1472 eum
905 1444 978 1472 omni

185 1486 336 1521 honestate,
353 1489 483 1516 modestia
499 1495 526 1517 et
540 1490 649 1525 decore,
661 1495 688 1518 et
700 1491 804 1519 ancillae
814 1495 908 1519 texunt
917 1499 977 1519 cum

184 1534 302 1568 silentio,
317 1540 344 1562 et
361 1536 458 1571 singuli
476 1545 509 1564 ex
525 1537 631 1565 famulis
644 1537 671 1565 in
697 1539 819 1566 ntattibus
834 1538 932 1566 habent
947 1538 973 1566 id

184 1580 255 1615 quod
269 1585 312 1608 est
323 1581 363 1608 eis
376 1582 540 1610 mandatum.
555 1583 604 1611 llic
617 1588 706 1611 autem
720 1584 818 1612 multus
828 1589 870 1612 est
882 1586 978 1613 tumul—

185 1629 228 1652 tus
237 1647 245 1659 ,
259 1634 355 1662 magna
369 1627 500 1662 confusio,
516 1633 542 1656 et
555 1637 569 1656 a
582 1636 701 1664 caupona
715 1629 780 1657 niltil
793 1635 884 1658 nostra
899 1631 977 1659 diﬂ‘e-

184 1675 269 1698 runt:
286 1676 376 1700 tantus
397 1678 438 1700 est
460 1675 541 1706 risus,
566 1679 638 1702 tattta
660 1676 834 1710 perturbatio,
858 1677 926 1704 sicut
949 1678 976 1705 in

183 1716 298 1750 balneis,
314 1718 384 1746 sicut
397 1719 422 1746 in
439 1719 497 1746 foro
511 1720 688 1749 clamantibus
698 1722 821 1749 omnibus
835 1726 862 1750 et
877 1723 975 1750 tumul-

183 1762 331 1790 tuantibus.
352 1763 387 1791 Et
401 1764 458 1791 hazc
473 1765 516 1792 hie
528 1765 614 1792 solum
629 1775 635 1793 :
648 1773 708 1794 nam
729 1766 791 1794 alibi
815 1775 849 1795 ne
869 1768 977 1802 propin-

184 1815 267 1842 quum
279 1808 387 1843 quidem
402 1809 464 1837 licet
476 1810 575 1845 alloqui
591 1811 617 1838 in
631 1812 743 1840 ecclesia
755 1833 763 1845 ,
778 1820 812 1840 ne
826 1813 849 1840 si
860 1814 975 1841 amicum

182 1853 290 1887 quidem
307 1854 385 1889 longo
401 1859 522 1890 tempore
540 1857 677 1885 absentem
691 1859 836 1893 exceperit,
851 1860 897 1886 sed
919 1860 976 1887 lucc

182 1898 248 1927 foris
256 1899 340 1933 ﬁunt;
355 1905 383 1928 et
392 1902 497 1929 merito.
510 1902 567 1929 Non
576 1903 647 1930 enim
658 1903 770 1932 ecclesia
781 1909 821 1932 est
833 1906 973 1940 tonstrina,

182 1952 271 1980 neque
286 1947 460 1981 unguentaria
474 1948 579 1976 officina
590 1969 597 1981 ,
615 1957 702 1984 neque
717 1950 769 1976 ulla
784 1949 835 1977 alia
849 1951 973 1986 opificum

181 1991 227 2025 qui
242 1991 344 2019 suntin
359 1993 416 2020 foro
427 1993 547 2025 taberna,
564 1995 610 2021 sed
626 1995 700 2022 locus
714 1996 882 2030 angelorum,
899 1997 974 2024 locus

180 2037 413 2072 arcltangelorum,
426 2047 537 2074 regnum
551 2040 606 2073 Dei,
620 2041 706 2075 ipsuttt
717 2041 822 2068 caelum.
834 2041 974 2075 Quomodo

180 2090 247 2118 ergo
270 2085 294 2111 si
319 2085 379 2120 quis
407 2091 433 2114 te
459 2087 485 2114 in
511 2087 605 2114 caelum
631 2088 842 2121 introduxisset,
868 2089 973 2117 etiamsi

181 2134 285 2164 patrem
299 2130 414 2164 videres,
429 2133 533 2160 etiamsi
548 2133 657 2161 fratrem
668 2154 676 2167 ,
691 2141 726 2162 ne
737 2134 851 2162 attderes
863 2135 972 2170 quidem

180 2176 255 2211 loqui
271 2185 277 2203 :
291 2176 327 2204 ita
342 2177 386 2205 hic
400 2186 452 2205 non
467 2179 538 2206 aliud
552 2179 624 2214 loqui
638 2183 773 2214 oporteret
785 2184 884 2215 praeter
894 2181 974 2215 spiri-

181 2222 280 2255 tualia;
304 2230 365 2250 nam
379 2223 422 2251 hic
433 2231 539 2259 quoque
551 2229 592 2252 est
605 2225 709 2252 caelum.
722 2225 798 2260 Quod
810 2225 832 2253 si
847 2233 899 2254 non
912 2233 974 2254 cre-

179 2268 233 2301 dis,
246 2269 338 2303 aspice
348 2270 381 2296 ad
393 2270 460 2297 hanc
472 2278 602 2304 mensam,
615 2271 757 2299 recordare
770 2276 877 2306 propter
892 2279 971 2307 quam

180 2321 288 2342 causam
303 2319 331 2342 et
350 2317 522 2351 quamobrem
538 2317 580 2345 hic
593 2322 661 2350 stet;
684 2318 769 2352 cogita
792 2318 852 2352 quis
871 2318 906 2345 sit
927 2318 971 2353 qui

182 2359 233 2388 huc
247 2362 385 2396 procedat,
395 2362 553 2397 obstupesce
567 2364 646 2391 etiatn
658 2368 721 2391 ante
735 2369 850 2399 tempus.
865 2364 971 2391 Etenim

181 2407 203 2433 si
227 2407 288 2442 quis
311 2408 396 2435 soluat
415 2409 510 2437 viderit
529 2410 599 2445 regis
621 2410 728 2443 solium,
749 2410 840 2437 animo
858 2410 974 2445 assurgit

181 2458 341 2489 exspectans
355 2455 424 2490 regis
436 2456 546 2483 exitum.
571 2457 602 2483 Et
618 2461 644 2483 tu
660 2464 724 2491 ergo
739 2456 819 2483 etiam
832 2460 894 2483 ante
909 2456 972 2483 illud

183 2502 288 2534 tempus
301 2500 462 2535 stupendum
477 2509 616 2535 venerare,
628 2506 655 2529 et
669 2501 830 2536 obstupesce
843 2506 870 2529 et
883 2509 973 2529 assur-

184 2552 226 2580 ge,
240 2550 385 2581 antequam
397 2547 487 2575 videas
502 2555 619 2582 expansa
634 2548 718 2575 aulaea
731 2569 738 2581 ,
760 2552 788 2575 et
809 2552 972 2582 praeeuntem

183 2591 294 2619 chorum
305 2592 471 2628 angelorum,
485 2593 510 2620 in
525 2593 610 2628 ipsum
623 2593 716 2621 caelum
729 2593 853 2620 ascende.
868 2593 903 2619 At
916 2592 973 2619 ltzec

183 2638 290 2673 ignorat
309 2639 355 2674 qui
379 2639 514 2675 mysteriis
528 2648 581 2667 tton
596 2644 636 2667 est
651 2639 770 2667 initiatus
785 2648 793 2667 :
810 2647 920 2667 necesse
932 2643 974 2667 est

184 2690 247 2718 ergo
259 2683 298 2711 illi
310 2685 390 2712 etiam
403 2685 454 2712 alia
466 2685 566 2713 dicere.
581 2685 672 2720 Neque
686 2685 758 2713 ettint
773 2685 850 2712 nobis
861 2685 974 2713 deerunt

184 2729 234 2756 alia
254 2737 315 2765 qua:
337 2730 411 2756 illum
435 2730 589 2763 doceamus,
608 2738 668 2765 qua:
690 2730 793 2765 possint
816 2730 923 2757 efficere
946 2733 974 2757 ut

184 2779 285 2810 surgat,
301 2779 328 2802 et
341 2775 502 2810 persuadere
518 2781 546 2803 Ill
558 2776 649 2803 volare
662 2780 783 2804 conetur.
798 2775 836 2802 Tu
851 2783 916 2810 ergo
927 2775 973 2810 qui

185 2819 242 2847 ltaac
264 2820 380 2856 ignoras,
395 2821 502 2856 quando
522 2821 637 2848 audieris
659 2822 814 2857 prophetam
830 2821 972 2854 dicentem,

185 2865 246 2894 Hzec
264 2867 329 2894 dicit
350 2867 488 2900 Dominus,
505 2868 608 2895 ilccede
623 2876 636 2895 a
651 2873 720 2895 terra
731 2889 738 2901 ,
756 2869 812 2902 ipse
827 2875 933 2903 quoque
947 2867 972 2894 itt

186 2913 276 2945 czelutn
292 2914 407 2942 ascende
424 2924 428 2929 '
446 2915 531 2949 cogita
544 2915 664 2950 quisnam
680 2915 711 2943 sit
726 2915 769 2951 qui
784 2923 831 2952 per
846 2915 918 2942 illum
935 2919 972 2942 tc-

694 192 726 219 IN
746 190 851 219 EPlST.
872 190 880 216 l
913 190 957 216 AD
977 189 1054 216 COR.
1077 190 1191 218 llOMlL.
1215 190 1334 218 XXXVI.

1785 194 1836 220 ΒΜ

1047 254 1107 273 cttm
1127 247 1253 282 loquitur.
1276 247 1351 275 Nunc
1371 251 1462 275 autem
1482 247 1618 275 histrionis
1631 248 1737 283 quidem
1754 250 1835 277 risum

1044 292 1191 324 moventis,
1210 298 1237 320 et
1258 294 1399 321 scortantis
1420 301 1452 321 ac
1472 294 1586 329 tttrpiler
1600 290 1704 329 agentis
1716 295 1834 322 mulieris

1044 342 1145 365 tantum
1160 338 1235 366 sedet
1248 340 1440 374 spectaculum,
1452 341 1484 368 iis
1496 349 1555 376 qua:
1570 341 1696 369 dicuntur
1708 349 1833 377 magnum

1043 384 1166 418 praebens
1181 385 1329 420 silentium,
1345 386 1424 421 idque
1439 395 1498 414 cttm
1516 388 1603 415 nullus
1613 387 1707 422 jubeat
1722 392 1811 415 tacere
1823 408 1833 419 ,

1041 434 1068 457 et
1077 437 1163 465 neque
1173 435 1214 458 est
1222 431 1361 464 tumultus,
1370 440 1455 467 neque
1466 433 1576 467 clantor,
1590 433 1714 461 neculltts
1724 434 1833 461 omnino

1041 476 1167 511 strepitus
1183 486 1189 504 :
1206 477 1261 504 Deo
1273 482 1362 505 autent
1377 486 1393 505 e
1405 479 1477 506 caelis
1490 479 1616 513 loquente
1625 479 1659 507 de
1673 479 1752 506 rebus
1765 480 1833 508 adeo

1041 522 1180 556 stupendis
1193 530 1223 549 ac
1237 523 1403 556 reverendis,
1420 524 1531 552 canibus
1544 532 1636 552 sumus
1653 526 1828 560 impudentio-

1040 574 1095 600 res,
1111 575 1145 594 ne
1158 567 1212 594 Deo
1227 568 1334 602 quidem
1349 573 1447 596 tantam
1462 569 1620 598 exhibentes
1633 571 1809 599 reverentiam
1822 591 1830 605 ,

1039 618 1165 647 quantam
1181 614 1376 642 meretricibus.

1075 661 1101 688 6.
1124 661 1204 688 llisne
1218 662 1315 690 auditis
1330 664 1525 691 exhorruistis?
1540 664 1620 692 Multo
1634 665 1718 700 magis
1728 664 1779 692 hoc
1794 664 1831 691 fa-

1038 706 1150 740 cientes,
1165 707 1280 735 ltorrete.
1297 708 1372 742 Quod
1387 709 1420 736 de
1433 709 1465 736 iis
1476 710 1520 745 qui
1537 717 1666 745 pauperes
1681 710 1831 745 despiciunt

1038 756 1064 778 et
1077 753 1126 779 soli
1143 753 1296 786 comedunt,
1314 754 1380 781 dixit
1395 754 1507 788 Paulus,
1525 755 1617 782 Annon
1632 755 1728 782 habetis
1742 755 1830 782 domos

1003 803 1009 809 ‘
1037 797 1071 823 ad
1085 798 1265 825 comedendum
1277 804 1300 826 et
1314 799 1472 826 bibendum?
1485 809 1517 827 an
1537 801 1668 828 ecclesiam
1682 800 1730 827 Dei
1745 805 1830 827 conte-

1037 843 1131 875 mnitis,
1145 848 1168 870 et
1187 853 1229 871 eo:
1250 846 1293 880 qui
1315 854 1365 872 non
1386 846 1475 873 habent
1492 847 1588 880 pudore
1600 847 1698 882 uﬂicitis
1713 847 1751 882 (Ι.
1769 846 1826 873 Cor.

1038 890 1080 917 tl.
1094 890 1162 926 22)?
1183 891 1247 918 mihi
1265 899 1371 927 quoque
1387 893 1525 920 concedite
1543 897 1572 920 ttt
1589 893 1676 920 dicam
1690 893 1724 921 de
1737 893 1769 919 iis
1784 893 1830 926 qtti

1037 935 1080 962 hic
1095 935 1167 963 cient
1182 937 1311 964 tumultus
1326 942 1351 964 ct
1367 937 1511 972 loquuntur
1525 946 1532 964 :
1548 938 1643 965 Annon
1659 938 1763 965 habetis
1777 937 1828 965 do-

1036 988 1093 1009 mos
1108 982 1141 1009 ad
1161 983 1332 1018 ttugandum?
1351 991 1384 1011 an
1407 984 1452 1011 Dei
1473 985 1613 1012 ecclesiam
1628 985 1779 1019 despicitis,
1800 990 1827 1012 ct

1035 1035 1081 1055 eos
1103 1029 1183 1055 etiatn
1203 1030 1375 1064 corrumpitis
1398 1031 1442 1065 qui
1465 1030 1556 1058 volunt
1579 1038 1639 1058 esse
1662 1031 1775 1058 modesti
1800 1036 1827 1058 ct

1034 1072 1134 1108 quieti?
1156 1074 1190 1101 At
1204 1073 1281 1102 vobis
1298 1080 1339 1102 est
1357 1082 1440 1103 suave
1460 1081 1486 1103 et
1504 1076 1650 1111 jucundum
1664 1077 1763 1112 alloqui
1779 1085 1827 1104 eos

1034 1119 1077 1154 qui
1090 1125 1150 1146 sunt
1161 1120 1236 1148 vobis
1248 1122 1319 1148 noti?
1333 1121 1390 1149 Non
1406 1122 1456 1150 ltoc
1472 1123 1609 1157 prohibeo,
1622 1123 1670 1151 sed
1682 1123 1765 1157 domi,
1777 1123 1825 1151 sed

1034 1164 1060 1191 in
1079 1164 1153 1197 foro,
1174 1166 1221 1193 sed
1239 1167 1265 1193 in
1282 1167 1384 1195 balneis
1397 1168 1442 1194 fiat
1457 1177 1463 1195 :
1479 1169 1593 1196 ecclesia
1616 1170 1686 1196 ettim
1710 1177 1764 1196 non
1785 1175 1827 1197 est

1033 1209 1157 1245 colloquii
1168 1210 1250 1244 locus,
1264 1211 1311 1239 sed
1324 1212 1463 1240 doctrinm.
1476 1213 1552 1240 Nunc
1563 1218 1651 1241 autem
1663 1214 1827 1242 niltildiﬂ’ert

1032 1262 1048 1283 a
1063 1255 1138 1289 foro;
1160 1261 1188 1284 et
1206 1257 1228 1284 si
1249 1265 1301 1285 non
1320 1258 1355 1285 sit
1376 1258 1448 1286 dictu
1470 1259 1608 1292 audacius,
1623 1259 1692 1287 forte
1709 1267 1795 1295 neque
1810 1268 1825 1287 a

1032 1308 1112 1329 scena
1129 1310 1135 1328 :
1152 1303 1218 1330 adeo
1232 1303 1274 1336 iis,
1285 1312 1343 1338 qua:
1358 1304 1412 1331 illic
1426 1309 1587 1337 scorlantur,
1600 1305 1722 1333 lascivius
1733 1310 1761 1333 et
1775 1306 1824 1333 int-7

1032 1347 1153 1383 pudicius
1173 1354 1302 1376 ornantur
1318 1358 1378 1385 quae
1393 1350 1437 1378 hic
1451 1352 1624 1379 conveniunt.
1646 1351 1708 1380 Ideo
1727 1352 1824 1380 multos

1031 1402 1136 1430 quoque
1159 1395 1307 1429 intpudicos
1335 1397 1378 1424 hic
1402 1398 1538 1425 attrahunt
1559 1407 1565 1424 :
1585 1402 1612 1425 et
1635 1399 1658 1426 si
1682 1399 1740 1433 quis
1766 1403 1825 1426 ten-

1032 1444 1079 1474 tet,
1095 1445 1141 1468 aut
1156 1442 1219 1468 velit
1231 1449 1404 1478 corrumpere
1417 1444 1568 1478 mulierem,
1584 1445 1682 1477 nullus,
1697 1450 1725 1472 ut
1740 1450 1803 1480 puto
1815 1465 1823 1477 .

1031 1487 1054 1514 ei
1070 1486 1174 1514 videtur
1194 1487 1269 1515 locus
1283 1489 1371 1523 aptior
1383 1489 1510 1523 ecclesia;
1531 1494 1558 1518 et
1582 1491 1604 1517 si
1628 1490 1691 1525 quid
1707 1491 1823 1518 vendere

1030 1537 1076 1560 aut
1093 1540 1184 1561 etnere
1204 1538 1345 1569 oporteat,
1364 1535 1477 1563 ecclesia
1496 1535 1601 1563 videtur
1621 1544 1681 1564 esse
1701 1536 1734 1563 ad
1758 1536 1821 1563 illttd

1030 1579 1197 1606 commodior
1207 1600 1214 1613 ,
1230 1587 1309 1615 quain
1323 1580 1422 1608 forum.
1438 1581 1485 1608 Hic
1497 1582 1568 1608 enim
1584 1582 1618 1609 de
1631 1582 1663 1609 iis
1676 1582 1751 1616 plura
1765 1583 1822 1609 col-

1030 1625 1119 1662 loquia
1130 1626 1244 1654 miscent
1253 1634 1332 1662 quam
1343 1627 1370 1654 in
1381 1627 1447 1662 ipsis
1458 1627 1583 1655 officinis.
1598 1627 1633 1655 Et
1642 1628 1664 1655 si
1679 1629 1723 1663 qui
1739 1628 1822 1656 velint

1029 1671 1190 1699 maledicere
1204 1677 1230 1699 et
1245 1672 1386 1700 maledicta
1401 1672 1505 1706 audire,
1523 1673 1574 1701 hoc
1587 1681 1693 1708 qucque
1708 1674 1750 1701 ltic
1762 1682 1821 1703 ma,-

1028 1717 1069 1752 gis
1085 1717 1186 1744 videbit
1205 1718 1377 1754 contingere,
1398 1726 1478 1754 quam
1492 1719 1518 1746 itt
1534 1719 1610 1746 foro:
1627 1724 1654 1746 et
1669 1719 1690 1746 si
1703 1719 1821 1748 volucris

1028 1771 1072 1792 res
1091 1764 1184 1791 audire
1203 1764 1312 1798 civiles,
1327 1769 1354 1792 et
1367 1773 1426 1800 qua:
1442 1765 1468 1792 in
1483 1765 1585 1792 mdibus
1600 1765 1666 1794 fiunt
1678 1770 1705 1792 et
1719 1773 1778 1799 qua:
1794 1766 1819 1792 itt

1027 1809 1133 1843 castris,
1154 1817 1187 1837 ne
1206 1817 1252 1837 cas
1273 1810 1307 1837 ad
1325 1810 1452 1845 judiciale
1473 1810 1570 1843 forum,
1585 1818 1671 1844 neque
1684 1811 1778 1842 sedeas
1794 1811 1819 1839 iu

1027 1855 1132 1883 ofticiua
1145 1855 1325 1888 medieorunt;
1346 1861 1408 1883 sunt
1422 1856 1493 1883 enim
1507 1856 1550 1892 qui
1565 1856 1690 1884 omnibus
1708 1863 1817 1883 accura-

1027 1901 1079 1928 tius
1094 1900 1137 1928 ltic
1150 1902 1238 1928 omnia
1255 1901 1311 1930 haec
1326 1902 1485 1928 annuntiant
1497 1910 1503 1929 :
1517 1905 1545 1929 et
1564 1900 1607 1928 ltic
1627 1901 1701 1927 locus
1714 1901 1819 1935 quidvis

1027 1947 1116 1982 potius
1131 1951 1183 1980 est,
1198 1955 1278 1982 quam
1293 1947 1417 1974 ecclesia.
1436 1947 1489 1974 Vos
1503 1947 1616 1974 fortasse
1630 1946 1706 1974 valde
1722 1946 1794 1981 tetigi
1811 1955 1818 1973 :

1026 2001 1080 2020 non
1102 2000 1152 2028 ego
1172 1993 1278 2028 quidem
1301 1993 1428 2020 arbitror.
1451 1992 1564 2025 Quando
1583 1992 1654 2020 ettitn
1676 1992 1700 2019 itt
1722 1992 1817 2024 iisdem

1025 2039 1215 2074 perscveratis,
1235 2038 1367 2066 undenam
1388 2039 1470 2067 sciam
1493 2038 1564 2074 quod
1583 2047 1642 2073 qua:
1663 2039 1734 2067 dicta
1757 2044 1821 2065 sunt

1026 2093 1074 2112 vos
1088 2084 1249 2120 tetigerunt?
1269 2084 1384 2112 Necesse
1398 2089 1440 2112 est
1457 2092 1522 2119 ergo
1539 2092 1632 2112 rursus
1648 2084 1742 2112 eadem
1759 2089 1818 2111 tan-

1024 2139 1098 2166 gere.
1125 2131 1249 2158 Ilatccine
1273 2135 1336 2158 sunt
1358 2131 1526 2158 tolerabilia?
1549 2131 1668 2158 hteccine
1689 2131 1818 2158 ferenda?

1026 2177 1151 2211 Quoddie
1164 2177 1339 2212 defatigamur
1351 2181 1379 2204 et
1393 2176 1581 2212 discerpitnur,
1596 2181 1625 2204 ut
1639 2176 1704 2204 ntil'e
1719 2176 1822 2211 aliquid

1025 2224 1113 2252 edocti
1123 2223 1265 2252 discedatis
1278 2232 1284 2250 :
1297 2231 1376 2250 nemo
1390 2227 1480 2251 autent
1493 2228 1609 2250 vestrum
1622 2222 1720 2257 aliquid
1734 2222 1818 2249 lucra-

1025 2274 1068 2297 tus
1082 2269 1193 2302 recedit,
1204 2269 1251 2296 sed
1267 2269 1361 2304 majori
1374 2269 1454 2296 etiam
1467 2269 1565 2296 damno
1574 2268 1694 2296 affectus.
1709 2268 1814 2296 Etenim

1025 2316 1051 2342 in
1068 2315 1196 2351 judicitttn
1219 2315 1376 2348 convenitis,
1393 2323 1454 2342 cum
1478 2315 1579 2350 peccati
1603 2314 1694 2349 utique
1716 2314 1816 2342 ttullant

1026 2362 1145 2389 habeatis
1160 2361 1338 2396 occasionem,
1355 2366 1382 2389 et
1397 2361 1521 2389 meliores
1535 2365 1561 2389 et
1574 2361 1692 2388 mitiores
1707 2361 1818 2396 expelli-

1025 2408 1058 2436 tis
1072 2415 1119 2436 eos
1130 2408 1225 2435 vestris
1238 2408 1314 2442 nugis
1328 2407 1445 2442 undique
1457 2407 1578 2434 molestia
1592 2407 1749 2439 adicientes.
1763 2406 1816 2434 Sed

1025 2455 1087 2490 quid
1106 2459 1148 2482 est
1166 2454 1236 2489 quod
1256 2453 1354 2481 dicitur
1366 2461 1380 2479 a
1395 2453 1504 2480 multis?
1527 2453 1584 2480 Non
1608 2452 1695 2484 audio,
1713 2452 1815 2486 inquit,

1025 2509 1084 2537 quae
1096 2501 1233 2536 leguntur,
1250 2508 1339 2535 neque
1353 2501 1410 2528 scio
1425 2508 1454 2528 ea
1466 2507 1526 2536 quae
1540 2500 1674 2528 dicuntur.
1689 2499 1755 2536 Quia
1773 2503 1816 2524 tu-

1026 2547 1165 2575 ntultuaris
1175 2567 1183 2580 ,
1201 2547 1291 2574 turbas
1306 2554 1398 2575 moves
1409 2567 1416 2578 ,
1433 2553 1520 2580 neque
1533 2545 1638 2573 accedis
1652 2553 1712 2572 cum
1726 2544 1815 2571 animo

1026 2600 1107 2620 sensu
1123 2592 1228 2627 pietatis
1244 2592 1365 2626 praedito,
1387 2591 1456 2627 Quid
1478 2591 1565 2619 dicis?
1586 2591 1673 2618 neseis
1693 2598 1816 2625 qutunatn

1026 2638 1084 2666 hate
1105 2639 1174 2666 dicta
1197 2638 1246 2665 sibi
1264 2637 1366 2665 velint?
1389 2639 1468 2673 Atqui
1490 2641 1600 2672 propter
1618 2636 1669 2663 hoc
1689 2635 1775 2670 ipsum
1790 2639 1816 2661 te

1026 2685 1166 2721 oportebat
1176 2684 1323 2712 attendere.
1338 2683 1365 2711 Si
1379 2689 1467 2712 autem
1482 2691 1516 2711 ne
1529 2683 1554 2710 id
1567 2682 1682 2718 quidcm,
1695 2681 1765 2716 quod
1775 2684 1816 2707 est

1027 2731 1181 2763 obscurum,
1205 2735 1278 2758 tuum
1300 2731 1398 2757 excitat
1422 2731 1559 2762 animum,
1581 2729 1664 2756 tttulto
1687 2727 1771 2761 magis
1793 2727 1816 2752 si

1027 2781 1117 2804 essent
1132 2777 1203 2803 clara
1218 2784 1249 2803 ac
1268 2776 1406 2804 tnattifcsta
1419 2797 1427 2809 ,
1449 2783 1480 2803 ea
1501 2779 1730 2810 prtctcrcurrcres.
1754 2771 1817 2798 Ideo

1028 2823 1098 2851 enim
1112 2831 1197 2857 neque
1210 2823 1298 2850 omnia
1312 2827 1374 2850 sunt
1386 2821 1511 2854 dilucida,
1526 2828 1559 2848 nc
1573 2821 1611 2847 sis
1625 2819 1713 2854 piger;
1728 2824 1816 2850 neque

1028 2869 1151 2902 obscura,
1173 2877 1206 2896 ne
1227 2869 1362 2903 desperes.
1386 2868 1419 2894 Et
1442 2867 1486 2894 ille
1509 2865 1613 2901 quidem
1635 2862 1773 2892 eunttchus
1787 2866 1814 2888 ct

1030 2915 1154 2942 barbarus
1169 2915 1233 2943 ttiltil
1250 2924 1280 2943 ex
1298 2915 1329 2942 iis
1343 2914 1425 2947 dixit,
1445 2913 1530 2941 sedet
1546 2916 1678 2939 tantorum
1696 2907 1814 2943 negotia
