2034 3109
220 138 272 166 515

221 205 279 225 rum
306 198 487 227 circumdatus
509 199 701 231 multitudine,
728 200 808 227 etiam
832 207 894 227 cum
928 201 954 227 in
976 201 1018 229 via

220 249 309 276 esset,
334 245 431 273 librum
459 245 574 272 habebat
602 245 629 272 in
654 246 776 273 manibus
797 250 825 273 ot
850 246 964 280 legebat,
990 251 1017 275 tu

220 295 320 324 autem,
341 299 402 319 cum
425 296 453 318 et
469 291 514 318 libi
536 291 571 318 sit
591 290 668 326 copia
695 290 846 322 doctorum,
869 296 895 318 et
920 292 1018 320 habeas

219 337 264 372 qui
290 337 336 364 tibi
359 337 457 372 legant,
478 336 542 365 mihi
564 336 751 364 excusationes
766 336 867 371 profers
887 343 913 365 et
927 337 1018 365 obtcnv

220 386 273 413 tus.
297 382 389 410 Nescis
408 389 439 409 ea
464 390 522 415 qua:
549 381 693 409 dicuntur?
718 381 770 409 Ora
787 389 852 417 ergo
868 387 896 409 ut
916 382 1014 413 discas.

220 428 277 454 lmo
299 435 363 455 vero
387 427 444 455 fieri
468 435 522 456 non
547 431 634 462 potest
649 431 676 454 ut
690 428 780 456 omnia
795 428 911 463 ignores.
935 428 1015 457 Multa

217 473 288 501 anim
305 477 367 500 sunt
381 481 412 500 ex
425 481 453 501 se
467 477 558 508 aperta
571 478 598 502 et
617 474 747 506 dilucida;
764 474 818 502 imo
833 482 897 502 vero
910 476 1015 504 etiamsi

216 519 306 550 omnia
339 519 494 555 ignorares,
517 520 557 547 sic
580 528 686 556 quoque
717 525 854 555 oporteret
886 525 912 549 te
938 522 1014 556 quie-

219 572 306 597 scere,
330 570 359 592 ut
377 573 429 592 non
449 566 569 600 expellas
590 574 638 594 eos
663 567 707 602 qui
726 567 866 595 attendunt
882 576 889 594 :
906 573 934 594 ut
953 575 1014 595 eum

215 610 271 638 Deo
284 616 423 646 acceptum
438 611 518 639 fuerit
533 616 606 639 tuum
621 612 756 641 silentium
777 618 804 641 et
824 613 910 648 pttdor
932 618 991 641 tuus
1003 635 1012 648 ,

193 657 273 692 .ipse
294 664 325 684 ea
346 664 404 692 quae
424 662 486 685 sttnt
501 657 615 685 obscura
639 658 733 686 reddat
754 659 879 687 dilucida.
905 660 940 687 At
959 667 1012 688 non

215 707 291 737 potes
307 703 405 730 silere?
421 703 466 732 Exi
479 711 554 739 ergo,
570 712 603 732 ne
616 704 676 731 aliis
689 712 796 740 qttoque
808 705 934 732 damnum
948 705 1013 733 alie-

214 756 269 775 ras.
293 748 398 776 Etenim
418 749 443 776 iu
459 749 574 778 ecclesia
594 757 675 778 unam
697 755 803 784 oportet
826 757 933 785 semper
952 757 1013 779 esse

214 802 318 828 vocem,
330 803 362 823 ac
375 796 396 824 si
412 804 492 828 unum
505 797 539 824 sit
552 804 659 832 corpus.
677 797 821 832 Propterea
835 802 861 824 et
877 797 921 832 qui
938 797 1010 833 legit,

214 842 287 870 solus
308 843 443 877 loquitur;
460 848 487 871 et
502 844 524 872 is
535 844 580 879 qui
594 844 777 879 episcopatum
792 844 905 876 obtinet,
921 848 1013 872 manet

214 889 320 916 silentio
333 889 448 922 sedens;
467 895 494 918 et
509 890 531 917 is
546 890 590 926 qui
603 890 702 926 psallit,
719 890 793 917 solus
813 890 920 925 psallit;
940 894 968 919 et
987 890 1012 917 si

213 941 307 963 omnes
322 936 511 971 respondendo
521 941 658 970 resonent,
671 945 721 964 vox
734 937 818 966 fertur
829 942 963 972 tamquam
977 945 1010 965 ex

213 988 268 1008 uno
282 989 344 1015 ore;
359 987 387 1010 et
401 984 445 1017 qui
458 982 489 1010 ad
503 983 629 1018 populum
643 982 724 1010 verba
740 982 812 1013 facit.
827 982 901 1010 solus
922 982 1011 1018 loqui-

213 1031 268 1057 tur.
283 1026 396 1060 Quando
409 1033 498 1055 autem
514 1028 591 1056 multi
604 1028 638 1056 de
652 1027 744 1056 multis
756 1033 783 1055 et
796 1027 911 1056 diversis
924 1027 1012 1055 disce-

212 1075 299 1107 ptant,
316 1080 363 1100 cur
379 1073 454 1100 vobis
469 1073 568 1101 frustra
583 1074 734 1101 molestiam
746 1073 941 1101 exhibeamus?
954 1073 1009 1100 Nisi

212 1118 284 1146 enim
297 1123 397 1146 temere
412 1126 461 1146 nos
473 1119 595 1147 molestia
608 1119 716 1147 afficere
731 1119 869 1154 putaretis,
885 1119 962 1146 nobis
976 1118 1011 1147 de

214 1163 296 1192 tantis
321 1164 400 1192 rebus
421 1165 602 1200 loquentibus,
618 1165 652 1193 de
673 1165 705 1193 iis
725 1172 785 1200 qua:
807 1164 872 1192 nihil
896 1163 1010 1192 attinent

213 1217 266 1240 non
292 1210 480 1245 loqueremini.
505 1211 651 1246 Propterea
664 1218 718 1239 non
734 1211 761 1239 in
773 1211 826 1238 vita
842 1210 928 1238 solum
939 1230 948 1244 ,
962 1210 1009 1239 sed

212 1260 239 1284 ct
253 1256 280 1283 in
294 1256 351 1290 ipsa
365 1264 454 1287 rerum
468 1257 666 1285 existimatione
682 1264 776 1292 magna
791 1261 832 1284 est
847 1256 985 1291 perversio
1000 1265 1006 1283 :

211 1301 245 1331 ad
259 1309 290 1329 ea
303 1302 402 1337 quippe
415 1310 474 1338 qua:
486 1307 548 1330 sunt
561 1303 696 1338 superﬂua
713 1302 821 1330 inhiatis
833 1323 841 1336 ,
855 1302 1009 1331 veritatem-

211 1356 264 1388 que
277 1348 451 1382 ditnittcnles,
468 1349 578 1377 umbras
591 1354 618 1377 et
631 1351 734 1377 somnia
751 1348 954 1385 perSequimini.

248 1395 398 1423 Diuitiarum
411 1396 519 1425 vanitas.
532 1398 670 1424 —-Aunon
682 1396 776 1424 umbra
792 1401 818 1424 et
831 1395 934 1423 somnia
946 1398 1009 1422 sunt

212 1441 301 1468 onmia
317 1442 469 1476 prmscntia,
487 1446 513 1470 et
529 1442 622 1470 umbra
633 1443 767 1470 deteriora
781 1442 792 1468 ?
806 1441 910 1470 Etenim
922 1440 1008 1475 prius-

213 1495 292 1524 quam
308 1493 474 1523 appareant,
493 1489 642 1521 recedunt;
659 1493 684 1516 et
703 1489 859 1525 priusquam
874 1487 983 1516 avolent
998 1507 1006 1520 ,

576 140 601 168 S.
623 139 762 168 JOANNIS
781 140 1019 170 CHRYSOSTOMI
1038 144 1196 175 ARCHIEP.
1216 148 1483 177 CONS'I‘ANTINOI‘.

1813 156 1867 184 5l6

1071 211 1194 239 magnam
1215 206 1344 236 exhibent
1365 209 1612 243 perturbationem,
1629 214 1657 237 et
1673 211 1802 248 majorem
1822 215 1864 241 illa

1071 250 1216 285 voluptate.
1232 251 1266 279 Et
1279 253 1302 280 si
1315 253 1358 282 hic
1373 254 1582 284 innumerabiles
1596 263 1721 293 acceptas
1741 258 1867 288 infoderit

1071 297 1213 330 pecunias,
1225 305 1286 325 cum
1300 306 1353 329 nox
1369 302 1544 335 praeterierit,
1560 302 1622 331 hinc
1636 304 1722 332 nudus
1735 306 1838 334 recedit
1855 316 1861 339 ς

1069 347 1096 370 et
1109 343 1216 372 merito.
1230 344 1296 373 Nam
1310 351 1337 374 et
1350 348 1393 384 qui
1410 348 1438 376 in
1452 350 1554 377 somnis
1569 356 1632 378 sunt
1644 351 1755 388 divites,
1772 362 1833 382 cum
1848 364 1866 384 e

1069 389 1150 416 cubili
1165 393 1342 425 surrexerint,
1356 394 1422 421 nihil
1435 394 1534 423 habent
1541 404 1575 424 ex
1586 397 1619 424 iis
1632 405 1691 434 qua:
1706 399 1866 429 videbantur

1069 434 1168 481 habere
1183 437 1348 466 dormientes
1363 449 1370 467 :
1386 440 1420 467 ita
1436 441 1518 470 etiam
1537 443 1610 471 avari
1627 449 1654 471 et
1667 445 1712 480 qui
1728 446 1805 481 plura
1817 447 1865 474 ha-

1068 479 1147 509 bendi
1170 482 1294 513 laborant
1315 485 1480 520 cupiditate;
1497 487 1551 516 imo
1575 497 1640 517 vero
1663 479 1776 519 noniita
1792 513 1798 524 .
1815 493 1863 521 sed

1069 526 1148 563 longe
1168 529 1254 564 pejus.
1272 530 1338 558 Nam
1359 532 1404 567 qui
1420 533 1446 560 in
1464 535 1567 562 somnis
1581 536 1691 571 quidem
1706 542 1748 566 est
1760 537 1839 567 dives
1854 560 1862 573 ,

1067 581 1155 610 neque
1170 575 1249 603 habet
1265 577 1393 611 pecunias
1405 586 1473 613 quas
1488 579 1516 608 in
1534 581 1637 610 visione
1650 590 1680 610 se
1694 584 1804 618 putabat
1817 584 1864 613 ha-

1067 619 1149 654 bere,
1160 629 1247 657 neque
1261 623 1315 651 alio
1330 625 1455 660 quopiam
1468 626 1539 654 malo
1550 627 1584 656 ab
1599 627 1652 658 hac
1668 629 1771 658 visione
1785 638 1865 659 acce-

1066 671 1123 702 pto.
1133 669 1218 704 surgit
1230 678 1237 696 ε
1251 669 1302 698 iste
1313 676 1416 705 autem,
1427 673 1547 708 pecuniis
1559 674 1667 711 quidem
1679 681 1721 705 est
1731 677 1861 713 privatus,

1067 714 1182 747 peccatis
1196 719 1285 743 autem
1305 723 1364 752 qua:
1379 724 1413 747 ex
1428 719 1547 754 pecuniis
1560 724 1618 748 orta
1631 725 1695 751 sunt
1712 722 1832 757 repletus
1847 744 1856 757 ,

1066 757 1196 804 discedit;
1212 765 1309 789 etcum
1323 770 1384 797 quae
1398 770 1431 793 ex
1447 764 1547 792 divitiis
1560 765 1638 800 fiunt,
1651 767 1755 795 visione
1768 776 1862 804 appre-

1067 803 1191 843 henderit
1203 825 1210 838 ,
1224 806 1293 835 mala
1307 807 1369 836 inde
1380 813 1438 838 orta
1455 818 1508 838 non
1524 811 1596 839 videt
1612 812 1680 841 ultra
1696 813 1722 840 in
1736 814 1839 843 visione
1852 836 1860 848 ,

1066 850 1112 896 sed
1130 851 1155 878 in
1171 851 1229 888 ipsa
1252 861 1342 882 rerum
1359 855 1473 884 veritate
1490 865 1497 883 :
1513 862 1540 885 et
1552 857 1601 885 fuit
1614 858 1723 894 quidem
1737 860 1860 896 voluptas

1066 895 1092 922 in
1106 897 1207 925 somnis
1220 906 1227 931 ;
1243 899 1314 934 quod
1325 904 1415 928 autem
1429 908 1461 929 ex
1476 902 1612 938 voluptate
1623 905 1743 933 nascitur
1758 907 1861 941 suppli-

1065 941 1136 970 cium
1152 963 1159 974 ,
1174 950 1228 971 non
1248 944 1339 981 utique
1351 945 1450 973 accidit
1464 947 1490 975 in
1501 948 1604 976 somnis
1615 969 1623 982 ,
1639 949 1689 978 sed
1703 950 1729 979 in
1745 950 1802 987 ipsa
1813 959 1860 980 ex.

1065 987 1196 1022 perientia
1209 996 1216 1021 ;
1232 989 1286 1017 imo
1300 998 1365 1018 vero
1377 992 1456 1019 etiam
1471 997 1534 1021 ante
1556 993 1622 1022 illud
1641 996 1802 1030 supplicium
1817 997 1860 1026 hic

1063 1041 1170 1071 quoque
1184 1039 1318 1064 extremas
1331 1037 1377 1065 dat
1387 1045 1493 1072 poenas,
1511 1044 1539 1067 ut
1552 1041 1598 1078 qui
1614 1041 1641 1068 in
1652 1042 1805 1077 colligendo
1819 1048 1860 1072 at-

1065 1084 1166 1108 teratur
1190 1081 1430 1112 innumerabilibus
1450 1085 1533 1113 artiori
1551 1086 1770 1122 egritudinibus,
1784 1089 1860 1116 solli-

1063 1125 1236 1160 citudinibus,
1252 1129 1478 1164 accusationibus,
1495 1131 1646 1167 calumniis,
1662 1134 1819 1162 tumultibus
1831 1140 1858 1164 et

1063 1172 1320 1206 perturbationibus.
1338 1174 1372 1203 Ut
1387 1183 1452 1212 ergo
1466 1181 1491 1206 et
1506 1185 1522 1205 a
1535 1179 1648 1207 somniis
1663 1179 1821 1214 liberemur,
1832 1186 1860 1209 et

1063 1224 1078 1245 a
1094 1219 1172 1246 malis
1195 1227 1254 1255 qua:
1277 1228 1332 1249 non
1349 1227 1412 1250 sunt
1429 1223 1456 1251 in
1479 1225 1590 1252 somniis
1602 1246 1609 1259 ,
1627 1233 1676 1261 pro
1699 1227 1812 1256 avaritia
1833 1233 1860 1256 et

1062 1263 1140 1298 plura
1153 1264 1266 1294 habendi
1279 1267 1425 1302 cupiditate
1439 1269 1639 1306 eleemosynam
1654 1273 1793 1308 eligamus,
1811 1281 1859 1308 pro

1063 1310 1157 1344 rapina
1171 1309 1373 1347 benignitatem.
1397 1314 1443 1342 Sic
1470 1316 1541 1344 enim
1559 1318 1703 1352 przesentia
1725 1323 1752 1346 et
1771 1319 1858 1350 futura

1062 1354 1132 1382 bona
1145 1363 1322 1392 assequemur
1335 1379 1343 1392 ,
1357 1361 1442 1396 gratia
1457 1366 1485 1390 et
1503 1362 1670 1398 benignitate
1687 1365 1791 1392 Domini
1807 1373 1856 1393 uo-

1062 1400 1112 1428 stri
1123 1400 1188 1429 Jesu
1202 1402 1304 1431 Christi
1317 1425 1325 1438 ,
1340 1406 1450 1440 quicum
1463 1406 1535 1435 Patri
1551 1416 1657 1445 unaque
1672 1410 1782 1446 Spiritui
1796 1418 1858 1439 san-

1062 1451 1107 1476 cto
1122 1447 1218 1483 gloria,
1233 1448 1376 1485 imperium
1388 1472 1395 1484 ,
1410 1452 1497 1481 honor
1509 1474 1516 1483 .
1534 1461 1604 1482 nunc
1617 1459 1644 1482 et
1656 1463 1774 1492 semper,
1787 1462 1814 1486 et
1830 1457 1857 1486 in

1062 1493 1160 1521 sreeula
1171 1495 1341 1524 surculorum.
1359 1497 1456 1526 Amen.

213 1544 1848 1621 mm

211 1664 275 1696 Car.
299 1664 343 1693 Η.
360 1672 385 1691 v.
400 1664 443 1692 5-4.
463 1663 583 1692 Mulieres
602 1668 690 1690 vestrm
707 1663 732 1690 in
757 1661 869 1689 ecclesiis
892 1665 1002 1688 taceant.

246 1710 308 1737 Non
322 1710 388 1737 enim
401 1710 555 1745 permittitur
566 1710 600 1737 eis
613 1709 691 1745 loqui,
702 1709 746 1736 sed
760 1708 874 1735 subditas
888 1715 951 1740 esse,
967 1707 1003 1734 si-

246 1761 287 1783 cut
301 1761 324 1782 ct
340 1756 381 1782 [ex
395 1756 467 1783 dicit.

245 1802 272 1836 1ῗ
289 1801 356 1829 Cum
371 1809 444 1835 eum,
459 1801 504 1838 qui
519 1809 551 1830 ex
568 1801 664 1837 linguis
681 1801 818 1828 oriebatur
833 1822 841 1834 ,
859 1799 1003 1827 tumnltttm

209 1851 384 1883 amputasset,
398 1851 425 1874 et
438 1855 497 1874 eum
513 1848 557 1882 qui
570 1855 601 1874 ex
613 1847 771 1883 prophetiis,
786 1851 813 1875 et
826 1847 911 1882 legem
929 1847 1005 1874 tulis-

209 1897 268 1925 set,
285 1901 317 1920 ne
333 1898 404 1921 esset
419 1893 559 1926 confusio,
580 1899 606 1920 ut
620 1894 664 1930 qui
687 1894 783 1929 linguis
800 1893 979 1928 loquebantur
994 1913 1001 1927 ,

209 1939 259 1967 hoc
270 1939 388 1971 vicissim
401 1939 520 1967 facerent
535 1960 543 1973 ,
560 1944 587 1967 ct
603 1944 631 1967 ut
646 1939 692 1974 qui
708 1939 905 1975 prophetabant
919 1959 926 1973 ,
941 1947 1002 1967 eum

208 1985 277 2014 alter
292 1985 445 2020 incepisset.
464 1990 584 2013 tacerent
599 1994 606 2012 :
622 1985 743 2020 procedit
754 1984 861 2012 demutn
876 1985 956 2012 etiam
968 1984 1001 2012 ad

209 2032 436 2067 perturbationem
449 2040 508 2070 quae
521 2033 607 2059 oritur
618 2039 651 2063 ex
666 2031 824 2059 mulieribus
839 2052 845 2064 ,
860 2036 1002 2066 amputans

207 2085 298 2108 earum
314 2078 493 2113 importunam
510 2078 634 2114 loquendi
652 2078 908 2113 libertatem:idque
923 2078 1002 2107 valde

206 2129 365 2160 opportune.
381 2125 447 2152 Nam
462 2125 484 2152 si
500 2125 533 2152 iis
543 2145 551 2159 ,
566 2125 611 2159 qui
626 2124 726 2155 habent
740 2124 902 2154 charismata
917 2146 925 2159 ,
947 2134 1000 2153 non

207 2171 370 2204 pertuittitur
387 2175 488 2198 temere
504 2171 574 2206 loqui
591 2192 598 2205 ,
616 2179 704 2207 neque
718 2171 825 2207 quando
844 2173 946 2205 velint,
960 2172 1000 2200 id-

205 2223 257 2250 que
272 2223 333 2243 cum
350 2220 508 2244 moveanlttr
519 2224 533 2243 a
546 2215 647 2251 Spiritu
662 2238 668 2249 ,
684 2217 768 2251 multo
786 2218 872 2253 magis
888 2218 940 2245 illis
958 2218 998 2245 in~

204 2262 374 2290 considerate
397 2266 425 2290 et
446 2269 513 2290 vane
534 2263 705 2298 nugantibus.
733 2263 878 2299 Propterea
904 2271 998 2298 magna

203 2315 309 2343 quoque
322 2315 383 2336 cum
398 2309 558 2337 auctoritate
571 2310 728 2344 nugantinm
746 2317 792 2336 ora
808 2309 923 2336 obstruit
938 2317 946 2343 ;
971 2314 998 2336 et

202 2354 262 2389 lege
281 2361 371 2381 secum
391 2359 529 2389 assumpta
546 2376 553 2388 ,
569 2362 660 2383 eorum
680 2355 718 2382 sic
732 2362 778 2384 ora
798 2356 916 2382 obturat.
938 2355 996 2383 Non

203 2400 290 2427 soluat
313 2400 384 2427 enim
406 2400 449 2428 hic
462 2401 557 2431 suadet
571 2422 579 2433 ,
596 2409 683 2437 neque
701 2402 837 2434 consulit,
852 2401 899 2429 sed
915 2402 995 2430 etiam

202 2446 376 2474 vehementer
390 2447 503 2482 imperat
518 2467 526 2480 ,
543 2447 635 2483 legens
653 2447 790 2483 antiquam
807 2447 848 2475 his
867 2448 900 2475 de
916 2448 996 2476 rebus

202 2492 299 2528 legem.
315 2492 381 2520 Nam
395 2500 454 2522 cum
473 2493 584 2522 dixisset
601 2502 608 2521 :
624 2493 746 2521 Mulieres
761 2499 849 2521 vestrm
871 2494 898 2520 in
918 2495 996 2521 eccle-

199 2538 243 2565 siis
254 2543 363 2572 taceant,
376 2543 418 2572 et,
434 2538 494 2567 Non
508 2540 662 2575 pennittitur
673 2540 707 2571 eis
719 2541 788 2576 loqui
798 2562 805 2574 ,
817 2541 861 2569 sed
872 2541 995 2575 subjectus

199 2592 252 2610 esse
265 2605 273 2617 ,
290 2584 428 2619 subjunxit
444 2594 451 2613 :
466 2585 539 2614 Sicut
554 2591 577 2613 et
594 2586 634 2614 lea;
651 2586 722 2612 dicit.
744 2586 778 2613 Et
803 2581 847 2613 ubi
863 2586 915 2614 hoc
929 2587 994 2615 dicit

199 2629 241 2657 lex
258 2631 269 2656 1’
284 2629 323 2656 Ad
334 2631 416 2658 virum
427 2635 498 2661 tuum
512 2632 641 2661 conversio
653 2637 707 2666 tua,
723 2637 748 2659 et
758 2633 812 2667 ipse
824 2632 869 2659 tibi
880 2633 992 2660 domina-

198 2677 265 2704 bitur
291 2677 377 2714 (Gen.
392 2679 419 2711 5,
436 2679 468 2707 l6
487 2679 507 2714 ).
523 2679 647 2707 Vidistiu'
670 2679 743 2709 Pauli
770 2679 927 2714 sapientiam
941 2701 948 2714 ,
965 2685 994 2708 et

197 2729 324 2758 quantum
336 2725 478 2754 adduxerit
494 2726 690 2758 testimonium,
700 2726 771 2761 quod
785 2734 838 2753 non
849 2726 935 2753 solum
945 2734 991 2753 eas

194 2771 287 2805 jubeat
299 2776 387 2800 tacere
400 2793 408 2806 ,
429 2772 475 2800 sed
497 2772 576 2799 etiam
590 2777 678 2800 tacere
691 2779 751 2799 cum
771 2777 844 2800 metu
858 2794 865 2807 ,
890 2778 916 2800 et
930 2780 990 2800 cum

198 2821 273 2844 tanto
294 2823 377 2851 metu,
392 2825 453 2845 cum
480 2822 581 2853 quanto
604 2819 728 2846 ancillam
752 2823 858 2854 oportet
885 2818 990 2846 silere?

198 2860 341 2898 Propterea
353 2871 413 2891 cum
423 2864 479 2899 ipse
490 2863 611 2898 dixisset,
626 2863 683 2895 Non
697 2865 849 2900 permittitur
860 2864 895 2891 eis
910 2865 987 2900 loqui,

1057 1666 1111 1686 non
1125 1659 1273 1695 subiunxit,
1284 1659 1337 1688 Sed
1346 1665 1446 1695 tacere,
1456 1663 1503 1691 sed
1519 1671 1567 1698 pro
1581 1668 1670 1693 tacere
1684 1666 1772 1701 posuit
1783 1667 1854 1702 quod

1057 1710 1098 1732 est
1111 1705 1225 1740 amplius
1240 1727 1247 1738 ,
1266 1714 1363 1742 nempe
1377 1708 1481 1742 subjici.
1496 1709 1524 1736 Si
1541 1710 1592 1738 hoc
1607 1716 1696 1740 autem
1713 1712 1784 1747 apud
1798 1721 1854 1741 ma-

1057 1752 1125 1779 ritos
1140 1773 1147 1784 ,
1168 1752 1254 1780 multo
1270 1753 1355 1789 magis
1374 1754 1444 1789 apud
1460 1755 1587 1783 doctores
1607 1761 1635 1784 et
1658 1762 1749 1792 patres
1762 1779 1769 1790 ,
1785 1759 1852 1786 etin

1057 1798 1192 1825 communi
1215 1802 1286 1826 cmtu
1300 1799 1433 1828 ecclesiaz.
1457 1802 1492 1828 At
1512 1802 1534 1829 si
1556 1809 1610 1829 non
1630 1803 1773 1838 loqttantur
1786 1825 1795 1837 ,
1810 1805 1852 1831 in-

1057 1845 1134 1880 quies
1147 1865 1154 1876 ,
1172 1853 1223 1873 ttec
1238 1845 1424 1881 interrogent,
1438 1855 1554 1883 quanam
1568 1849 1602 1877 de
1615 1857 1696 1877 causa
1711 1850 1827 1878 aderunt
1840 1851 1853 1877 ἵ

1058 1890 1091 1918 Ut
1103 1889 1214 1918 audiant
1224 1892 1332 1926 quidem
1346 1900 1406 1927 qua:
1416 1898 1540 1927 oportet,
1555 1901 1586 1922 ea
1600 1900 1690 1923 autem
1704 1895 1738 1924 de
1750 1897 1849 1931 quibus

1056 1936 1189 1970 dubitant,
1203 1945 1218 1964 a
1233 1937 1336 1965 maritis
1351 1938 1423 1965 domi
1437 1939 1553 1967 discant.
1570 1940 1604 1968 Et
1617 1941 1678 1968 ideo
1691 1941 1827 1977 subjunin
1841 1951 1848 1969 :

1055 1982 1100 2009 55.
1114 1982 1145 2009 Si
1159 1983 1222 2017 quid
1231 1989 1315 2011 autem
1333 1985 1418 2011 volunt
1439 1986 1535 2012 discere
1548 2007 1555 2019 ,
1571 1986 1640 2013 domi
1654 1987 1720 2015 viros
1735 1996 1794 2015 suos
1807 1989 1850 2016 ἰη-

1055 2032 1190 2063 terrogent.
1202 2028 1259 2056 Non
1273 2030 1370 2063 solum,
1386 2031 1480 2065 inquit,
1496 2038 1548 2058 non
1565 2031 1616 2059 illis
1629 2032 1700 2067 loqui
1716 2034 1850 2068 permitti-

1043 2078 1108 2107 'tur,
1124 2075 1171 2102 sed
1186 2083 1235 2103 nec
1249 2076 1348 2111 aliquid
1363 2076 1530 2112 interrogare
1541 2077 1566 2104 in
1576 2078 1699 2105 ecclesia.
1716 2079 1744 2106 Si
1757 2084 1848 2108 autem

1054 2129 1107 2149 non
1121 2126 1227 2156 oportet
1241 2122 1417 2158 interrogare,
1435 2123 1521 2151 multo
1533 2125 1619 2160 magis
1631 2125 1755 2153 absolute
1772 2126 1848 2153 nefas

1053 2171 1094 2194 est
1105 2167 1187 2202 loqui.
1203 2168 1237 2195 Et
1250 2176 1298 2195 cur
1310 2176 1356 2195 eas
1369 2169 1401 2196 ad
1414 2174 1513 2196 tantam
1526 2170 1628 2205 redegit
1639 2171 1849 2205 subjectionem?

1054 2213 1198 2248 Propterea
1213 2215 1283 2249 quod
1297 2215 1394 2243 mulier
1407 2223 1450 2243 res
1464 2221 1504 2243 est
1518 2216 1647 2243 imbecilla
1660 2221 1687 2244 et
1700 2217 1806 2245 mobilis
1820 2223 1848 2246 et

1054 2260 1129 2287 levis.
1155 2260 1217 2288 ldeo
1237 2261 1278 2288 eis
1297 2262 1406 2289 maritos
1420 2262 1541 2297 przefecit
1559 2263 1703 2296 doctores,
1718 2268 1847 2299 utrosque

1049 2305 1155 2340 juvans.
1171 2306 1238 2334 Nam
1251 2311 1279 2334 et
1292 2306 1351 2335 illas
1365 2307 1480 2335 reddidit
1495 2308 1640 2340 modestas.
1651 2313 1678 2337 et
1693 2309 1743 2337 hos
1754 2310 1845 2337 reddi-

1050 2352 1090 2379 dit
1097 2360 1197 2387 gnavos
1210 2357 1237 2380 et
1251 2353 1389 2385 sollicitos,
1402 2354 1483 2391 utqui
1497 2362 1539 2388 ea,
1553 2363 1612 2390 qua:
1631 2355 1784 2388 audierant,
1800 2363 1843 2383 es-

1050 2404 1111 2426 sent
1146 2400 1318 2427 exactissime
1352 2399 1424 2435 apud
1461 2408 1507 2428 eas
1546 2401 1705 2436 deposituri.
1743 2402 1846 2431 Deinde

1050 2445 1176 2479 qttoniam
1192 2445 1217 2472 id
1230 2450 1389 2473 ornamento
1397 2446 1446 2473 sibi
1458 2446 1515 2474 fore
1526 2446 1659 2474 ducebant
1667 2447 1737 2482 quod
1749 2448 1843 2483 loque-

1049 2496 1143 2519 rentur
1153 2492 1270 2526 publice,
1284 2500 1436 2520 sermonem
1446 2493 1490 2521 ille
1501 2493 1608 2521 deducit
1623 2493 1649 2520 in
1665 2494 1840 2527 contrarium,

1047 2537 1141 2565 dicens
1157 2547 1164 2565 :
1180 2537 1266 2574 Turpe
1280 2543 1316 2566 est
1329 2539 1396 2566 enim
1408 2539 1508 2566 mulieri
1518 2539 1588 2574 loqui
1600 2539 1627 2566 in
1643 2539 1758 2566 ecclesia.
1774 2539 1840 2567 Nam

1047 2585 1162 2619 primum
1175 2585 1282 2619 quidem
1298 2585 1350 2613 hoc
1362 2585 1531 2613 confirmavit
1544 2593 1559 2612 a
1574 2586 1634 2621 lege
1649 2586 1696 2614 Dei
1712 2594 1719 2618 ;
1742 2586 1839 2614 deinde

1046 2640 1061 2659 a
1072 2632 1206 2659 communi
1219 2633 1321 2660 ratione
1332 2636 1359 2660 et
1369 2632 1563 2660 consuetudine
1572 2641 1578 2659 :
1586 2632 1655 2659 sicut
1665 2632 1746 2660 etiam
1756 2639 1839 2668 quan-

1046 2679 1081 2706 do
1095 2680 1135 2707 eis
1148 2679 1182 2707 de
1196 2687 1272 2706 coma
1286 2680 1402 2712 dicebat,
1413 2681 1504 2707 Annon
1519 2679 1566 2707 hoc
1577 2688 1620 2707 vos
1633 2680 1691 2714 ipsa
1704 2680 1776 2707 docet
1791 2688 1837 2707 na-

1046 2731 1104 2752 tura
1115 2725 1151 2761 (Ι.
1168 2725 1227 2752 Cor.
1245 2726 1288 2753 ll.
1304 2726 1364 2761 l4)?
1380 2726 1413 2753 Et
1424 2726 1522 2761 ubique
1535 2727 1593 2762 ejus
1607 2727 1687 2754 talem
1699 2726 1835 2754 inveneris

1045 2771 1164 2804 tnodum,
1179 2779 1231 2799 non
1247 2780 1281 2800 ex
1296 2772 1395 2800 divinis
1408 2773 1555 2808 Scripturis
1567 2794 1575 2807 ,
1591 2773 1639 2800 sed
1655 2781 1687 2801 ex
1700 2774 1756 2808 ipsa
1771 2781 1836 2801 con-

1044 2818 1184 2845 suetudine
1199 2818 1300 2852 pudore
1310 2817 1482 2846 aflicientetn.
1491 2819 1624 2847 Prmtcrea
1635 2819 1668 2847 ab
1677 2819 1710 2846 iis
1720 2826 1834 2855 quoque,

1044 2872 1102 2898 quae
1118 2864 1236 2891 omnium
1248 2864 1374 2899 opinione
1388 2864 1509 2893 feruntur
1525 2885 1533 2898 ,
1548 2869 1575 2892 et
1588 2873 1647 2901 qua:
1663 2865 1762 2901 ubique
1775 2866 1834 2892 sunt
