2034 3109
124 149 178 177 51⁸1

126 205 152 232 in
169 211 219 232 usu
229 197 388 239 {pudorem
402 201 496 231 incutit
512 210 518 228 ε
533 201 604 236 quod
618 201 661 230 hic
672 208 779 236 quoque
791 200 900 229 adhibet
912 220 920 232 ,

125 250 238 278 dicens:
253 249 298 278 56.
316 249 355 276 An
379 257 395 275 a
411 247 479 275 vobis
504 248 603 275 verbum
617 246 666 274 Dei
681 248 801 282 processit
815 266 824 279 ,
839 251 883 273 aut
896 247 922 273 iu

125 303 169 324 eos
181 296 250 323 solos
263 293 400 329 pervenit!
415 293 521 321 Etenim
535 297 648 320 caeteras
668 291 779 320 adduxit
790 291 922 319 Ecclesias

127 341 197 370 hanc
215 341 302 376 legem
314 344 454 368 servantes
466 360 474 373 ,
489 343 517 366 et
531 346 546 366 a
561 339 678 366 novitate
689 339 831 366 tumultum
844 345 922 365 rese-

126 394 202 420 cans.
214 391 244 415 et
254 387 399 417 multorum
419 385 521 413 calculo
535 390 638 420 gratam
661 389 689 412 et
709 389 846 424 acceptam
862 383 924 412 red-

127 433 196 462 dens
215 433 377 460 orationem.
396 432 578 467 Quamobrem
592 431 655 458 alibi
672 438 777 466 quoque
794 430 921 458 dicebat:

128 478 179 514 Qui
193 479 264 508 vobis
274 478 301 506 in
316 478 463 505 metuat-iam
474 478 598 504 revocavit
612 477 665 503 vias
679 484 747 504 meas
760 477 786 502 in
799 475 901 503 Christo
914 497 922 509 ,

127 527 193 553 sicut
208 525 300 560 ubique
313 526 340 553 in
355 524 469 552 omnibus
482 523 603 552 Ecclesiis
614 523 691 550 doceo
702 522 808 557 (LCor.
823 523 850 551 4.
866 522 923 557 l7);

130 575 157 599 et
170 578 267 599 rursus
279 590 288 605 ,
303 570 365 598 Non
378 574 414 597 est
429 569 496 597 enim
509 568 580 597 Deus
593 568 767 600 dissensionis,
783 569 827 595 sed
842 569 923 603 pacis,

129 617 194 644 sicut
205 617 264 644 etin
276 616 392 644 omnibus
402 615 523 644 Ecclesiis
532 619 677 642 sanctorum
687 613 768 650 (Ibid.
778 614 821 641 lt.
829 614 887 649 53);
897 619 926 641 et

130 661 172 690 hic
187 670 195 688 :
210 662 252 689 Au
266 670 283 688 ιι
296 661 366 688 vobis
382 661 483 688 verbum
495 660 544 688 Dei
559 661 697 695 processit,
712 665 757 687 aut
771 659 804 686 ad
817 667 860 687 vos
880 668 924 687 so-

129 708 167 747 las
187 708 302 744 pervenit
313 708 326 735 7
340 707 398 736 Hoc
417 711 459 735 est
471 728 478 741 ,
494 714 581 742 neque
595 714 642 734 vos
658 706 735 742 primi
749 726 756 738 ,
772 713 858 740 neque
873 706 924 733 soli

131 754 225 782 ﬁdeles
237 775 244 788 ,
259 754 306 782 sed
321 759 392 782 totus
405 753 480 782 orbis
495 758 583 781 terrm.
598 753 674 787 Quod
686 753 766 780 etiam
782 752 816 780 ad
829 753 924 780 Colos-

131 807 225 828 senses
246 799 385 833 scribens,
412 799 536 832 dicebat,
552 799 625 826 Sicut
640 799 775 833 fructi/ient
795 803 818 825 et
839 799 926 825 crescit

131 847 157 874 in
173 851 228 874 toto
243 846 338 873 munda
359 845 469 882 (Coloss.
486 845 512 873 l.
527 844 572 881 6),
590 845 704 879 loquens
726 844 760 872 de
774 844 922 879 evangelio.

132 893 159 920 id
172 898 264 921 autem
280 892 344 920 facit
358 892 439 920 etiam
455 891 573 920 aliterad
587 890 805 918 exhortationem
823 891 926 918 audito-

131 946 210 972 rum,
237 943 266 966 ut
287 938 394 972 quando
408 937 492 970 dicit,
508 943 602 964 eorum
621 943 681 964 esse
701 936 785 971 prima
797 956 804 969 ,
826 941 852 963 et
869 944 926 963 ma-

133 985 230 1013 nifesta
250 984 383 1012 omnibus.
396 983 462 1011 Nam
485 983 518 1010 ad
541 982 793 1019 Thessalonicenses
809 983 927 1009 scribens

133 1031 259 1059 dicebat:
276 1030 299 1057 A
315 1030 384 1057 vobis
397 1030 463 1057 enim
477 1030 587 1057 resanuit
601 1037 683 1056 sermo
697 1028 756 1061 Dei,
773 1033 795 1055 et
812 1029 839 1055 in
859 1029 927 1056 omni

134 1077 188 1105 loco
201 1076 266 1112 ﬁdes
276 1081 359 1103 vestra
372 1075 406 1102 ad
421 1075 503 1102 Deum
518 1075 579 1102 exiit
595 1073 618 1110 (l
637 1073 728 1101 Thess.
750 1074 776 1100 1.
794 1074 840 1108 8);
855 1078 881 1101 et
894 1073 926 1100 ad

134 1123 272 1150 Romanos
294 1129 388 1149 rursus
410 1120 533 1148 scribens
547 1129 553 1146 :
570 1119 649 1147 Fides
664 1124 745 1146 vestra
761 1120 928 1146 annuntiatur

134 1171 160 1198 in
174 1175 226 1196 toto
244 1169 341 1196 arundo
351 1167 440 1203 (Rom.
463 1167 490 1195 1.
504 1166 543 1202 8).
559 1166 646 1194 Ambo
667 1166 738 1193 enim
753 1165 888 1192 sufﬁciunt
902 1169 929 1192 et

136 1215 168 1242 ad
183 1213 380 1243 exhortandum
393 1217 422 1240 et
435 1211 623 1245 excitandum,
642 1211 742 1238 laudari
756 1211 790 1238 ab
810 1210 870 1237 aliis
881 1231 888 1243 ,
902 1214 929 1238 et

135 1261 202 1291 alios
223 1259 324 1288 habere
345 1258 434 1286 socios
457 1258 607 1286 sententiae.
624 1257 656 1285 Et
679 1256 740 1284 ideo
763 1256 805 1283 hic
822 1263 928 1291 quoque

135 1306 201 1334 dicit
214 1314 222 1332 :
239 1305 279 1332 Αιι
292 1313 308 1331 a
322 1304 391 1331 vobis
404 1311 485 1330 sermo
498 1302 546 1331 Dei
556 1302 686 1338 processit,
698 1306 742 1328 aut
754 1302 788 1328 ad
802 1309 844 1328 vos
860 1301 929 1328 solos

136 1352 246 1388 pervenit
256 1352 269 1379 .9
282 1350 375 1387 Neque
388 1350 470 1384 enim,
486 1350 582 1385 inquit,
598 1350 649 1377 hoc
663 1349 802 1384 potueritis
815 1348 907 1376 dicere
920 1358 927 1377 :

136 1400 189 1428 Nos
202 1399 304 1427 fuimus
316 1398 442 1426 doctores
463 1397 576 1425 aliorum
588 1417 595 1429 ,
609 1401 636 1424 et
651 1403 704 1423 non
720 1403 825 1430 aequum
840 1401 881 1422 est
901 1399 930 1422 ut

136 1447 169 1475 ab
181 1445 244 1478 aliis
256 1445 392 1474 discamus
404 1452 411 1477 ;
426 1451 529 1478 neque,
541 1442 620 1470 Fides
634 1442 677 1469 hic
690 1441 778 1469 solum
792 1443 868 1469 stetit
880 1462 886 1474 ,
902 1445 929 1468 et

137 1500 190 1522 non
211 1496 319 1527 oportet
341 1490 376 1518 ab
396 1490 456 1518 aliis
477 1489 599 1524 exempla
623 1496 740 1516 sumere.
766 1487 860 1515 Viden’
882 1495 930 1521 per

137 1545 216 1578 quam
230 1537 313 1564 multa
332 1537 372 1564 eis
386 1535 516 1571 pudorem
541 1534 673 1562 incussit?
699 1534 784 1569 legem
798 1533 928 1566 adduxit,

137 1583 175 1610 rei
190 1582 308 1610 ostendit
322 1581 513 1618 turpitudinem
527 1601 534 1613 ,
551 1585 662 1608 caeteras
680 1579 815 1607 Ecelesias
831 1579 856 1606 in
871 1587 929 1606 tne-

138 1629 181 1657 dio
194 1629 294 1664 posuit.

171 1675 199 1707 2.
220 1674 341 1708 Deinde,
363 1673 434 1709 quod
449 1678 490 1701 est
511 1674 630 1701 omnium
654 1672 828 1699 fortissimum
841 1693 848 1704 ,
865 1673 930 1700 ulti-

137 1729 208 1750 mum
221 1720 299 1758 ponit
311 1719 404 1748 dicens
419 1729 426 1748 :
443 1719 513 1747 Deus
532 1718 589 1746 haec
603 1718 683 1746 etiam
706 1726 778 1746 nunc
790 1718 867 1753 jubet
880 1726 928 1752 per

138 1775 189 1795 me.
206 1767 253 1794 57.
269 1766 300 1795 Si
315 1767 371 1802 quis
388 1766 459 1793 enim
479 1765 578 1792 videtur
590 1764 715 1799 propheta
731 1772 783 1791 esse
796 1769 838 1790 aut
852 1764 930 1798 spiri-

138 1812 214 1841 tualis
224 1833 233 1847 ,
249 1817 385 1848 cognoscat
395 1820 452 1845 quae
469 1811 551 1838 scribo
572 1810 640 1837 vobis
653 1830 660 1844 ,
676 1810 735 1846 quia
754 1809 859 1837 Domini
873 1815 930 1837 sunt

138 1860 271 1889 mandata.
285 1860 333 1888 38.
348 1860 379 1887 Si
400 1860 455 1895 quis
467 1864 552 1886 autent
568 1859 684 1894 ignorat,
700 1859 806 1894 ignoret.
828 1858 861 1886 Et
882 1866 931 1886 cur

137 1907 188 1935 hoc
201 1906 361 1942 subiunxit?
376 1905 528 1934 Ostendcns
541 1913 571 1933 se
585 1913 671 1940 neque
685 1905 740 1932 vim
754 1905 866 1938 all'erre,
881 1913 930 1933 nec

137 1953 322 1982 centcndcre:
337 1953 408 1989 quod
422 1952 531 1988 quidem
544 1957 586 1980 est
595 1953 700 1987 signum
713 1960 766 1980 non
780 1960 873 1980 eorum
885 1948 930 1987 qui

137 2007 184 2027 sua
208 2000 303 2031 volunt
323 1999 488 2030 constituere
499 2018 507 2031 ,
524 1998 572 2026 sed
588 2005 681 2025 eorum
702 1999 747 2033 qni
767 2003 889 2033 spectant
904 1999 929 2026 id

136 2044 209 2080 quod
228 2048 272 2072 est
289 2043 350 2078 aliis
363 2043 437 2074 utile.
460 2044 640 2077 Quamobrem
656 2043 721 2071 dicit
736 2044 820 2071 etiam
842 2044 905 2072 alibi
922 2054 928 2071 :

137 2090 168 2125 Si
180 2091 239 2126 quis
251 2094 334 2120 autem
354 2094 390 2117 est
408 2091 578 2119 contentiosus
589 2110 596 2122 ,
612 2097 657 2119 nos
671 2089 746 2116 talem
767 2090 930 2117 consuetudi-

137 2145 193 2163 nent
209 2143 263 2163 non
274 2136 394 2163 habemus
420 2136 459 2172 (Ι.
480 2135 539 2163 Cor.
562 2136 607 2163 11.
633 2135 690 2174 i6).
708 2136 743 2163 At
765 2143 819 2164 non
833 2136 932 2171 ubique

138 2181 190 2209 hoc
203 2180 267 2208 facit
277 2202 285 2213 ,
300 2181 348 2209 sed
364 2181 408 2209 ubi
421 2189 474 2208 non
488 2181 524 2208 ita
539 2188 635 2216 magna
648 2181 824 2208 admittuntur
838 2188 930 2216 pecca-

138 2231 162 2254 ta
174 2248 182 2261 ,
196 2231 226 2255 et
247 2230 314 2255 tunc
332 2227 421 2262 potius
436 2226 538 2262 pudore
551 2226 681 2254 alliciens.
697 2226 762 2254 Nam
778 2227 885 2261 quando
898 2227 932 2254 de

139 2272 198 2300 aliis
210 2272 347 2308 loquitur,
363 2280 416 2300 non
429 2273 468 2300 sic
482 2272 560 2306 dicit,
575 2272 622 2300 sed
637 2272 788 2307 quomodo?
804 2271 845 2299 Ne
864 2280 930 2299 crre-

123 2310 170 2347 'tis
185 2327 196 2347 .'
220 2326 301 2354 neque
325 2319 512 2355 fornicatores,
535 2326 615 2353 neque
639 2318 728 2345 molles
754 2327 860 2354 regnum
882 2318 932 2345 Dei

138 2364 302 2399 possidebunt
315 2364 406 2402 (Ibid.
422 2366 448 2393 6.
463 2364 516 2400 9);
533 2369 561 2393 et
579 2372 673 2392 rursus
687 2373 693 2391 :
710 2364 776 2391 Ecce
802 2373 847 2400 ego
863 2364 932 2391 Pau-

139 2411 178 2438 lus
189 2411 249 2439 dico
263 2411 332 2438 vobis
343 2432 352 2445 ,
366 2411 434 2447 quod
448 2411 471 2438 si
483 2411 700 2438 circumcidamini
713 2430 721 2444 ,
734 2410 850 2437 Christus
863 2411 931 2438 vobis

140 2456 204 2484 nihil
217 2457 334 2492 proderit
348 2456 419 2493 (Gal.
433 2457 460 2485 5.
476 2456 514 2492 2).
530 2456 579 2484 llic
598 2462 687 2484 autem
702 2456 829 2491 quoniam
844 2456 877 2483 de
892 2457 930 2484 si—

139 2504 222 2532 lentio
234 2503 365 2539 agebatur
377 2524 386 2538 ,
401 2511 454 2531 non
468 2503 611 2531 admodum
627 2503 800 2530 vehementer
814 2503 931 2531 insecta-

139 2556 192 2584 tur,
206 2550 260 2578 hoc
272 2550 331 2585 ipso
341 2557 389 2578 eos
400 2549 486 2585 magis
497 2550 646 2577 attrahens.
662 2549 846 2585 Deindequod
860 2556 932 2577 sem-

140 2604 188 2632 per
208 2596 278 2624 solet
299 2595 406 2629 l‘acere,
429 2596 462 2623 ad
478 2596 553 2632 prius
576 2600 763 2631 argumentum
776 2616 783 2628 ,
806 2595 877 2623 unde
898 2595 932 2623 ad

139 2643 195 2670 haec
218 2642 334 2670 dicenda
356 2642 493 2678 digressus
516 2645 578 2675 est,
601 2642 744 2669 revertitur
757 2641 869 2669 dicens:
885 2641 930 2669 59.

139 2687 246 2724 Itaque,
264 2689 356 2724 fratres
370 2688 437 2721 mei,
449 2687 605 2714 ternulamini
627 2687 805 2723 prophetiam,
819 2693 843 2714 et
863 2687 932 2721 loqui

138 2735 232 2771 tinguis
255 2735 335 2762 nolite
350 2734 491 2769 prohibere.
510 2733 558 2761 Est
578 2734 650 2761 enim
666 2741 725 2761 mos
746 2734 805 2768 ejus
819 2741 872 2761 non
888 2740 931 2761 so-

139 2782 193 2809 lum
215 2789 297 2818 agere
322 2781 348 2809 id
362 2802 369 2815 ,
386 2780 459 2816 quod
475 2785 516 2808 est
538 2780 704 2816 propositum
716 2801 724 2813 ,
741 2779 788 2807 sed
804 2780 883 2807 etiam
898 2787 931 2807 ex

139 2828 184 2855 illo
198 2827 225 2855 id
242 2827 313 2863 quod
330 2826 585 2863 quomodocumque
599 2826 624 2854 ei
639 2826 745 2853 videtur
759 2825 930 2860 conjunctum

140 2875 274 2910 corrigere
287 2895 294 2908 ,
310 2878 338 2902 et
360 2880 455 2902 rursus
468 2872 556 2900 redire
581 2872 613 2900 ad
636 2872 820 2908 propositum,
838 2879 871 2898 nc
893 2871 929 2898 vi-

592 145 624 173 ΙΝ
645 143 753 173 EPIST.
775 144 785 171 Ι
818 143 863 172 ΑΙ)
883 142 963 171 COR.
984 143 1099 172 IIOMIL.
1121 144 1253 172 XXXVII.

1719 148 1771 176 5l8

978 199 1073 227 deatur
1084 199 1209 228 excidere
1231 201 1266 228 ab
1279 205 1447 237 argumento.
1475 202 1580 230 Etenim
1605 204 1712 238 tutando
1731 205 1770 233 lo-

976 245 1110 280 quebatur
1128 246 1162 274 de
1174 247 1318 275 concordia
1333 248 1359 275 in
1373 248 1490 281 mensis;
1503 256 1564 276 cum
1577 249 1714 284 digressus
1724 258 1770 279 es-

975 296 1017 318 set
1028 290 1061 318 ad
1072 292 1292 321 communionem
1305 294 1331 320 in
1346 294 1492 329 mysteriis,
1503 299 1530 322 et
1538 303 1585 323 eos
1596 295 1658 323 inde
1667 298 1771 332 pudore

975 336 1117 370 affecisset,
1128 338 1161 366 ad
1174 339 1264 373 priora
1279 347 1372 367 rursus
1382 341 1536 375 revertitur,
1550 341 1660 370 dicens:
1674 342 1771 376 Quen»

976 382 1060 410 obrem
1093 386 1266 412 convenientes
1296 385 1331 412 ad
1362 387 1562 420 comedendum,
1590 395 1633 415 vos
1665 389 1770 417 invicem

976 434 1118 464 exspectate
1131 430 1168 466 (l.
1185 430 1244 458 Cor.
1263 431 1307 459 tl.
1320 431 1378 466 55).
1392 431 1430 459 Ita
1447 433 1491 460 hic
1502 441 1608 469 quoque
1618 456 1627 468 ,
1639 443 1699 463 cum
1715 436 1770 464 dis-

976 476 1104 504 seruisset
1127 476 1162 504 de
1183 477 1277 505 ordine
1299 477 1468 506 observando
1490 480 1517 507 in
1533 480 1626 514 donis,
1648 486 1675 509 et
1698 482 1769 518 quod

977 528 1063 556 neque
1087 529 1204 550 maerore
1219 522 1291 550 affici
1307 528 1432 558 oporteat
1456 525 1481 552 in
1500 526 1646 555 minoribus
1658 549 1666 561 ,
1683 536 1770 564 neque

977 571 1080 595 tumere
1094 573 1203 603 propter
1217 569 1329 604 majora,
1344 574 1371 597 et
1386 570 1482 598 deinde
1496 572 1633 607 digressus
1648 580 1721 602 esset
1735 575 1770 603 ad

977 613 1135 641 modestiam
1150 615 1310 642 mulieribus
1324 616 1529 645 convenientem
1540 638 1548 651 ,
1563 623 1591 646 et
1603 626 1662 646 eam
1676 621 1771 648 conﬁr-

977 665 1087 692 masset,
1104 660 1174 687 redit
1186 661 1219 687 ad
1234 661 1398 696 propositutn
1409 683 1416 694 ,
1433 670 1527 690 rursus
1539 663 1650 692 dicens:
1668 665 1770 701 Itaque,

977 707 1069 740 fratres
1084 706 1149 738 mei,
1174 707 1331 734 wntulamini
1352 708 1527 743 prophetiam,
1543 714 1566 736 et
1588 710 1657 745 loqui
1678 711 1772 747 linguis

977 752 1055 779 nolite
1070 753 1211 787 prohibere.
1237 753 1358 781 Vidistin‘
1374 755 1510 790 quomodo
1533 755 1566 782 ad
1589 756 1670 785 ﬁnem
1686 765 1773 793 usque

977 799 1124 825 servaverit
1138 798 1324 833 ditl‘ercntiam,
1338 805 1366 827 et
1384 801 1520 835 quomodo
1537 801 1651 830 alterum
1664 804 1772 838 quidem

978 844 1101 871 ostendat
1123 845 1200 872 valde
1226 847 1427 880 necessarium,
1453 848 1567 876 alterum
1597 855 1686 877 autem
1718 859 1771 879 non

979 891 1063 918 item?
1076 891 1254 925 Quamobrem
1269 893 1304 920 de
1317 893 1361 920 illo
1372 894 1479 929 quidem
1493 894 1568 928 dicit,
1580 895 1774 931 Emutamiui;

979 937 1012 964 de
1023 937 1073 964 hoc
1086 942 1186 971 autem,
1202 938 1291 966 Nolite
1312 939 1453 974 prohibere.
1471 941 1573 970 Deinde
1595 947 1731 978 tamquam
1746 945 1772 973 in

979 991 1084 1011 summo
1097 985 1185 1011 omnia
1202 986 1339 1020 corrigens
1350 1007 1358 1020 ,
1372 987 1510 1022 subjungit
1528 988 1621 1017 dicens
1634 999 1642 1017 :
1656 976 1700 1018 io.
1715 976 1783 1018 οηιξ

979 1029 1022 1055 nia
1036 1034 1120 1056 autent
1133 1030 1237 1058 honeste
1256 1036 1279 1058 et
1293 1032 1430 1059 secundum
1453 1033 1568 1060 ordinent
1584 1035 1666 1069 fiant:
1681 1044 1775 1064 rursus

981 1074 1039 1102 illos
1053 1079 1165 1110 tangens
1180 1076 1224 1111 qui
1238 1076 1330 1104 volunt
1344 1082 1444 1105 temere
1454 1085 1484 1105 se
1497 1079 1624 1107 indecore
1633 1088 1737 1115 gerere.
1749 1087 1776 1109 et

982 1119 1094 1147 insania:
1118 1121 1168 1148 sibi
1193 1125 1283 1149 notam
1301 1122 1426 1156 inurere,
1446 1130 1496 1151 nec
1510 1130 1700 1160 congruentem
1726 1128 1775 1155 sibi

981 1170 1089 1192 servant
1109 1166 1241 1193 ordinem.

1018 1210 1087 1237 Ordo
1099 1217 1181 1238 rectus
1195 1221 1293 1248 semper
1314 1213 1462 1242 servandus.
1482 1215 1602 1244 Avaritia:
1617 1218 1728 1246 morbus.
1741 1234 1774 1240 -—

980 1256 1051 1284 Niliil
1066 1257 1137 1285 enim
1149 1266 1225 1293 reque
1237 1259 1352 1287 aediﬁcat
1367 1264 1395 1287 ut
1409 1260 1475 1288 ordo
1491 1266 1595 1296 rectus,
1611 1267 1640 1290 ut
1660 1272 1712 1299 pax
1724 1286 1731 1298 ,
1748 1271 1777 1294 ut

981 1303 1078 1330 caritas
1089 1324 1097 1337 ,
1113 1303 1184 1332 sicut
1198 1304 1278 1332 etiam
1293 1306 1429 1333 contraria
1441 1306 1604 1335 dissolvunt.
1615 1308 1674 1336 Non
1689 1311 1776 1339 solum

981 1353 1071 1376 autem
1086 1350 1112 1377 in
1125 1351 1318 1385 spiritualibus,
1336 1351 1383 1379 sed
1393 1352 1474 1380 etiam
1487 1353 1513 1380 in
1523 1353 1582 1381 aliis
1593 1355 1716 1383 omnibus
1726 1355 1778 1385 hoc

981 1394 1090 1422 videris.
1103 1395 1170 1423 Nam
1184 1397 1240 1424 sive
1254 1397 1282 1424 in
1300 1397 1402 1430 choro,
1413 1398 1469 1426 sive
1489 1399 1516 1426 in
1539 1400 1658 1435 navigio,
1681 1402 1738 1430 sive
1750 1403 1776 1430 in

981 1447 1072 1473 curru,
1088 1441 1145 1469 sive
1161 1443 1187 1469 in
1204 1443 1300 1470 castris
1315 1443 1437 1471 ordinem
1451 1445 1611 1479 confundas,
1627 1452 1654 1474 et
1667 1447 1777 1482 majori-

981 1485 1032 1513 bus
1043 1493 1092 1513 suo
1105 1486 1164 1514 loco
1178 1487 1272 1522 ejectis
1294 1488 1320 1515 in
1336 1488 1443 1517 illorum
1461 1490 1584 1518 ordinem
1609 1492 1712 1520 minora
1735 1494 1776 1521 in-

981 1531 1102 1566 duxeris,
1124 1533 1213 1560 omnia
1227 1535 1379 1570 corrumpis
1390 1555 1397 1567 ,
1421 1539 1449 1563 et
1466 1536 1505 1563 sic
1519 1538 1609 1564 omnia
1632 1545 1678 1566 sus
1692 1539 1778 1575 deque

981 1581 1132 1606 vertuntur.
1155 1578 1248 1614 Neque
1271 1587 1321 1608 nos
1333 1587 1398 1616 ergo
1412 1581 1533 1609 ordinem
1557 1590 1777 1620 corrumpamus,

982 1631 1068 1659 neque
1083 1629 1164 1660 caput
1181 1625 1250 1653 intra
1273 1631 1443 1660 statuamus,
1469 1635 1556 1663 neque
1579 1629 1662 1664 pedes
1687 1639 1778 1666 supra.

983 1670 1038 1698 Hoc
1053 1678 1135 1706 porro
1151 1671 1197 1705 ﬁt,
1220 1672 1328 1707 quando
1340 1677 1440 1700 rectam
1462 1673 1570 1709 quidem
1593 1676 1723 1704 rationem
1740 1677 1780 1705 in-

984 1717 1059 1744 ferne
1086 1717 1283 1753 dejecerimus,
1313 1719 1544 1754 concupiscentias
1568 1726 1674 1756 autem,
1700 1724 1776 1758 iram,

983 1763 1235 1791 excandescentiam
1261 1769 1289 1792 et
1315 1765 1478 1799 voluptatem
1505 1765 1600 1793 rationi
1629 1768 1778 1802 prmium-ri-

984 1816 1043 1836 mus
1058 1818 1065 1836 ;
1081 1810 1152 1837 unde
1168 1817 1280 1844 magnus
1295 1811 1400 1838 exsistit
1411 1810 1518 1844 ﬂuctus,
1531 1813 1625 1846 ingens
1638 1815 1778 1848 perturba-

984 1854 1020 1881 tio
1031 1874 1039 1887 ,
1055 1858 1083 1882 et
1097 1855 1263 1882 intoleranda
1280 1860 1425 1891 tempestas
1435 1876 1442 1889 ,
1463 1863 1524 1883 cum
1539 1858 1629 1885 omnia
1645 1865 1778 1894 occupent

983 1900 1110 1927 tenebrat.
1127 1900 1161 1927 Et
1175 1901 1197 1927 si
1210 1901 1260 1933 vis,
1272 1901 1386 1936 primum
1396 1901 1565 1929 excutiamus
1573 1910 1632 1930 eam
1645 1911 1704 1938 qua:
1717 1905 1778 1933 hinc

983 1946 1073 1973 evenit
1088 1945 1278 1981 turpitudinem
1288 1967 1295 1979 ,
1313 1951 1459 1981 posteaque
1471 1946 1599 1975 damnum
1614 1948 1677 1977 hinc
1689 1958 1777 1978 emer-

983 1999 1060 2027 gens.
1071 1991 1211 2025 Quomodo
1227 2000 1291 2027 ergo
1309 1992 1360 2019 hoc
1378 1992 1456 2020 nobis
1470 1998 1562 2020 notum
1575 1994 1626 2021 erit
1643 1999 1672 2022 et
1692 1997 1778 2024 mani-

983 2038 1102 2066 festum?
1122 2037 1295 2065 Adducamus
1318 2038 1344 2065 in
1368 2038 1486 2065 medium
1506 2038 1641 2066 hominem
1657 2041 1695 2068 sic
1715 2041 1780 2069 aﬁ‘e-

983 2088 1066 2118 ctum,
1081 2088 1188 2119 captum
1201 2091 1294 2111 amore
1304 2084 1463 2117 meretricis,
1475 2089 1502 2111 et
1511 2085 1554 2119 qui
1566 2085 1624 2120 ejus
1637 2086 1780 2116 inhonesto

984 2134 1107 2157 teneatur
1122 2130 1273 2164 desiderio;
1296 2135 1324 2157 et
1338 2135 1400 2158 tunc
1415 2130 1565 2158 videbimus
1580 2139 1659 2166 quam
1681 2132 1731 2161 hoc
1745 2136 1780 2162 sit

983 2176 1135 2204 ridiculum.
1147 2175 1215 2209 Quid
1230 2176 1301 2203 enim
1313 2176 1468 2211 possitesse
1482 2176 1526 2203 illo
1541 2178 1652 2211 turpius,
1668 2179 1712 2214 qui
1727 2184 1780 2207 stat

983 2222 1017 2249 ad
1032 2222 1103 2249 fores
1117 2221 1214 2250 domus
1233 2222 1402 2255 meretriciae,
1417 2226 1442 2249 et
1464 2222 1585 2257 pulsatur
1595 2230 1610 2249 a
1624 2226 1778 2258 meretrice,

983 2267 1083 2303 ﬁetque
1095 2271 1123 2296 et
1136 2267 1228 2303 ejulat,
1251 2268 1402 2303 probroque
1417 2267 1498 2296 atﬁcit
1513 2276 1588 2295 suam
1603 2270 1780 2298 existimatio-

984 2315 1068 2342 nem?
1085 2314 1114 2343 Si
1129 2314 1170 2342 vis
1189 2318 1278 2342 autem
1299 2314 1379 2342 etiam
1395 2314 1486 2342 videre
1504 2314 1647 2349 damnum,
1669 2317 1780 2345 veniant

985 2360 1031 2387 tibi
1045 2361 1071 2387 in
1085 2365 1203 2388 mentem
1220 2364 1344 2395 sumptus
1361 2360 1497 2394 pecuniae,
1518 2360 1552 2387 de
1566 2362 1696 2389 extremis
1710 2364 1775 2397 peri-

983 2406 1053 2440 cula,
1068 2405 1168 2433 bellum
1183 2406 1254 2441 quod
1274 2407 1376 2441 geritur
1388 2405 1517 2433 adversus
1529 2406 1626 2434 rivales
1639 2411 1666 2434 et
1680 2408 1778 2436 adver—

983 2453 1069 2480 sarios
1081 2457 1232 2485 amatores,
1247 2452 1357 2480 vulnera
1372 2456 1399 2479 et
1412 2452 1496 2487 plaga:
1510 2460 1568 2487 quae
1583 2453 1740 2488 intliguntnr
1754 2455 1780 2481 in

984 2499 1135 2534 huiusmodi
1148 2499 1216 2526 acie.
1228 2498 1307 2526 Tales
1320 2503 1382 2525 sunt
1392 2502 1420 2525 et
1440 2498 1475 2531 ii,
1489 2505 1556 2533 quos
1571 2500 1692 2534 pecunia:
1708 2505 1778 2528 tenet

984 2546 1134 2580 cupiditas;
1149 2547 1203 2572 into
1215 2552 1281 2573 vero
1296 2545 1399 2580 turpius
1411 2549 1439 2571 et
1453 2545 1537 2579 magis
1553 2545 1680 2573 indecore
1691 2553 1720 2574 se
1733 2555 1779 2582 ge-

984 2596 1055 2619 runt.
1070 2591 1137 2619 Nam
1153 2591 1192 2618 illi
1211 2590 1318 2626 quidem
1337 2591 1364 2617 iu
1380 2597 1433 2617 uno
1447 2597 1560 2625 corpore
1573 2596 1635 2618 sunt
1657 2593 1779 2627 occupati

984 2643 1011 2666 et
1025 2638 1052 2665 in
1063 2645 1096 2666 eo
1106 2645 1184 2665 suum
1198 2641 1300 2672 ponunt
1312 2636 1430 2664 studium
1443 2641 1470 2664 et
1482 2643 1591 2671 cperant
1606 2646 1612 2663 :
1626 2638 1698 2664 avari
1714 2645 1779 2665 vero

983 2684 1017 2713 de
1032 2684 1151 2712 omnium
1163 2683 1332 2711 facultatibus
1350 2687 1413 2710 sunt
1424 2682 1548 2710 similiter
1561 2683 1668 2710 solliciti
1685 2687 1712 2710 et
1727 2691 1775 2710 cu-

983 2731 1059 2764 riosi,
1074 2734 1101 2757 et
1116 2737 1262 2764 pauperum
1273 2733 1302 2756 et
1313 2728 1435 2761 divitum,
1448 2733 1475 2755 et
1487 2728 1531 2755 illa
1543 2732 1635 2755 amant
1649 2736 1709 2763 qua:
1722 2736 1775 2756 non

983 2783 1046 2804 sunt
1062 2776 1153 2811 :quod
1168 2781 1209 2803 est
1220 2775 1337 2802 maxime
1347 2781 1452 2810 stgnum
1469 2773 1599 2808 improba:
1613 2773 1773 2808 cupiditatis.

983 2824 1041 2852 Non
1055 2823 1147 2850 dicunt
1161 2823 1243 2856 enim,
1260 2821 1360 2849 Vellent
1379 2821 1478 2848 habere
1496 2819 1576 2854 hujus
1589 2825 1634 2846 aut
1649 2819 1719 2847 iliins
1734 2820 1774 2847 la-

985 2870 1108 2904 cullatos,
1124 2872 1169 2897 aut
1180 2869 1229 2898 has
1242 2868 1283 2896 vel
1298 2867 1358 2896 illas
1372 2866 1459 2895 solum
1472 2874 1479 2899 ;
1501 2865 1549 2894 sed
1568 2870 1595 2892 et
1610 2869 1715 2894 montes
1728 2871 1774 2893 vo-
