2034 3109
252 192 303 220 319

253 250 311 277 111111
323 256 384 277 esse
395 255 501 282 aurem,
513 251 541 275 et
553 246 646 274 domos
660 249 687 273 et
706 250 884 279 quaecumque
907 243 1041 274 videnlur,

253 300 280 322 et
292 294 326 322 ad
335 294 448 323 alterum
464 300 493 320 se
513 291 678 319 transferunt
700 289 844 320 mundum;
860 293 887 316 et
902 288 959 316 haec
981 295 1043 323 per-

254 347 333 376 petuo
348 341 493 376 patiuntur,
517 345 603 373 neque
623 344 734 371 usquam
758 336 837 363 linem
852 335 953 362 faciunt
974 333 1046 361 desi-

252 386 374 414 derandi.
383 385 450 418 Quis
464 384 553 412 verbis
566 383 665 418 poterit
677 381 812 416 explicare
824 381 930 407 illarum
947 379 1044 406 ﬂuctus

251 431 454 468 cogitationum,
476 433 676 464 tempestatem,
701 425 863 462 caliginem?
888 425 932 453 ubi
954 429 1043 452 autem

251 482 314 506 sunt
329 482 367 504 tot
389 476 486 504 ﬂuctus
506 480 533 502 et
550 479 622 502 tanta
639 479 798 509 tempestas,
821 480 943 508 quaenam
965 471 1045 499 fuerit

251 522 396 558 voluptas?
411 521 499 554 Nulla,
514 521 562 548 sed
578 520 708 548 tumultus
720 524 748 546 et
762 519 840 546 dolor
851 522 879 546 et
893 518 1045 552 caliginosa:

251 570 358 598 nebula:
372 576 422 604 pro
436 568 512 603 aquis
533 567 650 594 ferentes
666 567 777 594 multum
801 565 884 593 animi
907 564 1044 600 aegritudi-

251 624 337 644 nem:
361 614 432 650 quod
454 614 535 643 etiam
556 613 626 640 solet
649 613 772 640 accidere
799 612 830 639 iis
857 612 900 646 qui
927 611 1044 638 alienam

249 666 342 690 amant
364 659 599 696 pulchritudinem.
623 659 768 694 Propterea
793 659 838 694 qui
867 658 939 685 nullo
965 658 1044 685 modo

251 713 358 741 amant,
383 707 411 735 in
434 706 529 741 majori
548 710 610 733 sunt
633 705 771 740 voluptate
785 712 863 740 quam
889 704 1044 739 hnjusmodi

252 760 397 782 amatores.
413 752 466 780 Sed
479 751 511 779 ad
528 751 579 779 hoc
599 751 707 786 quidem
733 758 811 778 nemo
829 750 1020 778 conlradixerit
1035 758 1043 778 :

252 807 302 835 ego
315 804 406 827 autem
419 806 481 826 eutn
496 797 576 825 etiam
588 797 633 832 qui
646 802 718 823 amat
730 796 848 831 quidem,
863 795 986 830 reprimit
998 802 1045 822 au-

252 850 306 874 tem
319 845 468 877 libidinem,
484 843 578 879 majori
592 843 705 870 dixerim
718 842 787 869 afﬁci
803 842 949 876 voluptate,
965 849 1043 876 quam

251 899 312 919 eum
323 890 368 926 qui
378 890 485 918 assidue
497 889 594 917 fruitur
610 887 764 916 meretrice.
779 886 846 915 Nam
867 887 973 914 etiamsi
986 887 1044 922 ejus

252 938 446 967 demonstratio
463 938 499 966 sit
513 936 661 969 difﬁcilior,
685 942 797 963 necesse
821 939 908 962 tamen
930 939 968 962 est
994 934 1044 961 hoc

251 983 380 1014 audacter
394 981 561 1018 probandum
575 980 725 1014 suscipere.
746 980 795 1008 Est
808 980 879 1007 enim
898 979 1042 1013 difﬁcilior,

251 1038 304 1057 non
316 1038 348 1057 ex
363 1030 400 1057 rei
412 1033 517 1063 natura,
530 1028 577 1056 sed
591 1036 623 1055 ex
634 1035 678 1061 co,
691 1026 763 1062 quod
777 1026 912 1054 auditores
925 1025 975 1053 hac
987 1025 1045 1061 phi-

251 1076 373 1111 losophia
389 1083 440 1102 non
454 1075 509 1102 sint
521 1074 605 1109 digni.

287 1123 314 1151 5.
328 1121 397 1156 Quid
408 1126 450 1148 est
464 1121 546 1154 enim,
560 1120 603 1147 dic
616 1127 718 1155 qna-so,
733 1119 833 1146 amanti
844 1117 999 1153 jucundius,
1011 1118 1045 1146 ab

251 1167 337 1195 amica
345 1165 456 1201 despici,
470 1173 505 1192 an
517 1166 642 1192 honorari
653 1169 681 1192 et
696 1164 767 1192 illam
781 1163 940 1198 despicere?
954 1163 1044 1190 Palam

252 1218 294 1241 est
310 1213 360 1240 hoc
374 1219 435 1240 esse
458 1211 612 1247 jucundius.
628 1210 713 1243 Quem
735 1217 799 1244 ergo
811 1231 818 1243 ,
844 1217 944 1244 quzcso,
962 1209 1045 1244 magis

252 1258 393 1287 honorabit
407 1258 533 1284 meretrix
545 1276 553 1289 ,
567 1263 665 1283 eumne
679 1255 725 1290 qui
741 1255 790 1290 ipsi
806 1255 900 1287 servit,
918 1259 945 1281 et
960 1253 1045 1281 factus

252 1309 294 1333 est
307 1305 365 1339 ejus
379 1302 551 1337 mancipium,
565 1308 600 1328 an
614 1309 675 1329 eum
689 1300 734 1335 qui
749 1300 807 1335 ejus
822 1299 957 1335 superavit
967 1300 1044 1333 retia,

251 1356 277 1378 et
290 1348 398 1379 structis
413 1348 446 1375 ab
459 1355 489 1375 ea
502 1346 613 1374 calamis
626 1346 699 1374 volat
709 1345 810 1373 altius?
824 1345 871 1373 Est
884 1345 967 1372 cuivis
984 1353 1045 1380 per-

252 1397 371 1432 spicuum
385 1394 456 1430 quod
470 1394 552 1421 hunc.
564 1392 593 1420 In
608 1400 753 1428 quemnam
767 1397 856 1420 autem
873 1398 951 1419 suum
962 1391 1046 1427 magis

252 1441 372 1470 conferet
385 1439 513 1471 studium,
533 1438 558 1465 in
573 1445 670 1466 eumne
685 1438 730 1472 qui
746 1437 862 1469 cecidit,
877 1444 912 1464 an
935 1437 961 1463 iu
984 1443 1045 1463 eum

253 1488 298 1523 qni
314 1486 455 1514 nondum?
478 1486 505 1512 111
521 1493 582 1512 eum
605 1484 685 1518 plane
704 1483 750 1518 qui
766 1482 894 1510 nondum.
909 1482 974 1515 Quis
995 1482 1047 1509 erit

253 1536 342 1560 autem
356 1529 573 1562 desiderabilior,
597 1529 655 1556 isne
669 1527 715 1563 qui
739 1532 780 1555 est
792 1527 930 1555 confectus
940 1548 948 1561 ,
964 1535 997 1554 an
1024 1527 1046 1557 is

254 1577 297 1612 qui
321 1575 439 1605 nondum
453 1579 495 1602 est
509 1574 624 1608 captus?
635 1573 659 1601 Is
672 1573 717 1608 qui
740 1572 859 1600 nondum
880 1577 922 1600 est
942 1577 1045 1606 captus.

253 1623 281 1650 Si
307 1626 396 1649 autem
423 1628 478 1648 non
507 1619 636 1652 creditis,
663 1626 678 1646 a
706 1618 788 1646 rebus
817 1618 914 1645 vestris
936 1617 1045 1646 afferam

254 1667 524 1695 demonstrationem.
544 1665 693 1698 Quamnam
713 1663 784 1690 enim
809 1663 948 1691 mulierem
962 1664 1048 1699 magis

255 1714 352 1742 amarit
371 1713 523 1748 quispiam,
547 1718 643 1739 eamne
664 1718 723 1745 qua:
746 1710 826 1738 facile
850 1710 1001 1738 succumbit
1021 1714 1048 1737 et

257 1762 307 1797 ipsi
330 1768 359 1788 se
373 1759 464 1794 dedit,
488 1766 521 1786 an
543 1766 603 1785 eatn
617 1766 678 1792 quae
697 1761 778 1792 negat
803 1761 830 1784 et
850 1757 983 1792 negotium
1007 1756 1047 1783 fa-

256 1807 356 1835 cessit?
377 1805 449 1835 Hanc
467 1803 560 1840 procul
580 1803 662 1830 dubio
679 1811 686 1829 :
709 1802 771 1830 hine
793 1802 866 1829 enim
890 1802 1045 1830 acoenditur

258 1852 344 1888 majus
365 1851 539 1880 desiderium.
564 1849 634 1884 Ergo
656 1848 726 1876 idem
751 1855 857 1883 quoque
868 1848 922 1875 erit
935 1848 961 1874 in
988 1855 1047 1874 mu-

258 1899 340 1929 licre;
362 1902 390 1925 ct
409 1904 469 1924 eum
489 1895 573 1929 magis
594 1895 638 1922 illa
658 1893 802 1921 honorabit
821 1897 849 1922 et
874 1893 1049 1921 admirabitur

259 1943 304 1978 qui
329 1950 358 1970 se
376 1941 498 1976 despicit.
521 1939 550 1967 Si
577 1947 621 1966 res
641 1943 731 1966 autem
751 1937 787 1966 ita
805 1946 834 1965 se
854 1938 966 1970 habeat,
983 1937 1049 1965 illud

260 1996 367 2025 quoque
382 1988 467 2022 palam
479 1986 531 2014 erit
551 1986 577 2013 in
594 1985 687 2020 majori
702 1991 762 2013 esse
777 1985 913 2019 voluptate
929 1991 989 2011 eum
1005 1983 1049 2018 qui

259 2034 343 2068 magis
357 2033 505 2060 honoratur
517 2035 544 2058 et
558 2030 686 2065 diligitur.
708 2029 775 2057 Nam
796 2033 824 2056 et
837 2029 891 2056 dux
913 2030 1050 2056 exercitus

259 2079 352 2106 urbem
364 2077 470 2112 quidem
485 2075 568 2103 semel
581 2079 684 2110 captam
700 2074 826 2107 dimittit;
849 2075 874 2102 ci
887 2078 974 2102 autent
990 2081 1049 2109 qua:

259 2125 360 2152 resistit
375 2127 402 2151 et
416 2121 556 2150 contendit
568 2121 642 2148 0111111
656 2120 745 2147 studio
757 2121 858 2148 assidet
873 2129 880 2147 :
900 2124 927 2147 et
939 2125 1051 2147 venator

259 2170 342 2198 feram
356 2168 478 2197 venando
497 2172 601 2201 captam
616 2167 696 2194 habct
711 2167 736 2194 in
762 2167 878 2194 tenebris
900 2167 1028 2194 inclusam
1041 2189 1048 2200 ,

259 2213 482 2250 quemadmodum
498 2212 625 2240 meretrix
635 2216 799 2244 amtorem;
814 2220 873 2240 eam
887 2217 977 2241 autem
992 2222 1051 2248 qua:

260 2261 334 2296 fugit,
350 2259 528 2294 persequitur.
545 2258 579 2286 At
592 2259 647 2292 ille,
660 2259 774 2293 inquies,
790 2259 885 2286 fruitur
898 2259 1050 2294 desiderio;

262 2307 306 2334 hic
319 2311 408 2333 autem
423 2313 476 2332 non
498 2304 604 2332 fruitur.
621 2305 661 2332 An
678 2305 774 2340 probro
788 2313 819 2335 ac
842 2305 975 2334 dedecme
997 2315 1051 2334 non

260 2351 342 2384 allici,
360 2358 447 2385 neque
462 2350 522 2385 ejus
535 2351 681 2386 tyrannicis
696 2351 799 2378 servire
809 2351 939 2386 imperiis,
954 2359 1004 2379 nec
1017 2353 1052 2379 ab

261 2405 292 2425 ea
307 2397 367 2424 duci
391 2400 418 2424 et
435 2395 580 2430 circumagi
601 2400 736 2431 tamquam
759 2397 919 2431 mancipium
932 2417 940 2430 ,
957 2397 1052 2432 pugnis

262 2447 419 2474 contusum,
436 2445 594 2476 consputum
607 2461 614 2473 ,
631 2441 659 2468 in
673 2441 760 2476 capite
775 2442 915 2476 pulsatum,
932 2450 1050 2477 parvam,

228 2519 233 2522 _
262 2489 305 2516 dic
316 2494 406 2522 quaeso
417 2508 424 2520 ,
441 2486 578 2515 existimas
594 2493 655 2514 esse
668 2487 850 2522 voluptatem?
864 2487 891 2515 Si
906 2488 965 2523 quis
980 2489 1052 2515 11111111

231 2523 236 2529 ’
264 2535 322 2563 11100
334 2539 458 2562 accurate
470 2534 636 2566 excusserit,
652 2538 679 2560 et
696 2534 822 2569 colligere
837 2535 952 2569 potuerit
963 2535 1052 2562 omnia

261 2588 354 2608 eorum
372 2579 478 2614 probra,
496 2579 674 2607 contumelias
686 2599 693 2611 ,
708 2579 920 2613 criminationes,
946 2580 1054 2616 irasque

265 2632 407 2662 perpetuas
422 2634 455 2654 ex
469 2626 559 2654 animo
569 2625 610 2652 vel
625 2633 658 2653 ex
671 2625 775 2653 deliciis
788 2633 870 2658 ortas,
888 2626 1051 2660 inimicitias,

263 2678 290 2701 et
304 2673 354 2700 alia
365 2672 454 2701 omnia
469 2671 534 2701 solis
550 2671 710 2707 patientibus
722 2676 792 2704 nota,
810 2672 928 2701 inveniet
940 2673 1056 2708 quodvis

264 2718 364 2747 bellum
380 2718 468 2753 plures
481 2716 581 2747 habere
594 2716 722 2751 inducias,
734 2725 812 2752 quam
826 2717 919 2745 horum
930 2718 1054 2746 miseram

263 2766 356 2793 vitam.
386 2765 536 2798 Quamnam
556 2770 620 2798 ergo
639 2763 725 2796 dicis,
752 2771 853 2798 quaso,
870 2764 1056 2799 voluptatem?

264 2820 361 2840 eamne
373 2819 432 2847 qum
446 2810 550 2846 capitur
568 2817 601 2837 1111
615 2810 704 2844 coitu,
719 2818 778 2844 qua:
790 2816 831 2837 est
853 2810 942 2838 brevis
957 2817 984 2840 et
1000 2819 1056 2839 mo-

265 2858 424 2886 mentanea?
437 2856 490 2885 Sed
504 2863 563 2884 eam
577 2857 666 2883 statim
682 2856 781 2884 1101111111
796 2857 895 2892 excipit
914 2862 940 2884 et
960 2857 1055 2885 [luctus

268 2908 295 2932 et
306 2904 394 2933 rabics
405 2907 433 2931 ct
447 2902 516 2932 1110111
531 2909 625 2934 rursus
640 2901 724 2930 furor.
738 2902 770 2930 Et
788 2901 845 2930 11100
858 2902 964 2937 quidem
979 2911 993 2930 a
1007 2911 1055 2931 tto-

599 189 626 217 S.
647 187 784 216 JOANNIS
802 186 1037 215 CliBYSOS'I'lMll
1058 186 1216 214 AllClllEP.
1232 186 1497 214 CONSTANTINUI‘.

1839 189 1889 217 320

1097 242 1138 270 bis
1150 242 1219 270 dicta
1233 247 1293 270 sunt
1303 264 1310 276 ,
1328 244 1439 278 perinde
1459 249 1539 278 atque
1555 243 1576 271 si
1590 243 1651 279 quis
1670 251 1700 272 ea
1714 243 1810 271 dixerit
1825 246 1888 272 ado—

1101 288 1265 316 lescentibus
1276 289 1515 324 intemperantibus
1528 294 1555 317 et
1567 289 1716 325 impudicis,
1731 291 1775 327 qui
1787 299 1817 318 ea
1831 300 1889 327 qum

1097 332 1224 361 dicuntur
1238 334 1271 362 de
1284 342 1369 369 regno
1391 340 1417 362 ct
1436 335 1557 370 gcltenna
1574 343 1626 362 non
1648 335 1762 363 libenter
1778 337 1862 364 fcrant
1882 345 1890 364 :

1097 380 1204 416 quando
1219 385 1308 408 autent
1325 380 1382 409 haec
1399 381 1424 408 111
1441 381 1557 408 medium
1572 382 1773 416 adduxerimus,
1793 391 1827 410 nc
1840 383 1891 410 dict

1096 425 1203 460 quidem
1220 431 1307 461 potest
1321 431 1419 462 quanta
1435 427 1469 453 sit
1485 427 1683 454 moderatorum
1699 432 1726 455 et
1742 432 1892 463 temperau-

1098 473 1163 499 tium
1180 472 1303 508 voluptas
1316 481 1323 505 ;
1338 473 1445 507 quando
1458 473 1518 508 quis
1533 480 1624 501 secum
1638 478 1744 508 reputat
1758 481 1871 501 coronas
1882 495 1890 508 ,

1098 519 1224 553 praemia,
1253 519 1474 546 consuetudinem
1499 527 1559 546 cum
1587 520 1689 555 angelis
1701 541 1708 551 ,
1726 520 1751 546 in
1768 520 1892 548 universo

1098 566 1164 593 orbe
1179 570 1257 593 terrm
1272 566 1494 598 celebrationem,
1509 566 1633 594 fiduciam
1648 571 1675 594 et
1688 566 1795 594 dicendi
1810 567 1891 594 liber-

1098 615 1190 645 tatem,
1206 619 1268 646 spes
1283 612 1342 639 illas
1359 611 1441 639 bonas
1452 617 1478 639 et
1495 612 1671 639 immortales.
1690 613 1724 639 At
1737 613 1823 639 coitus
1844 612 1891 639 ha-

1098 657 1143 685 bet
1161 658 1342 693 voluplatent;
1368 658 1419 686 hoc
1446 658 1518 686 enim
1542 663 1671 694 perpetuo
1695 664 1822 692 versant;
1846 659 1893 694 qui

1097 712 1162 732 vero
1176 709 1330 739 temperans
1345 710 1396 738 est,
1413 712 1467 732 non
1479 709 1565 739 potest
1579 704 1687 732 assidue
1700 712 1818 740 pugnare
1831 713 1892 732 cum

1098 751 1238 787 tyrannide
1263 756 1376 779 naturae.
1403 752 1438 778 At
1461 751 1625 779 contrarium
1648 752 1782 779 inveneris
1805 761 1812 778 :
1837 751 1893 786 ipsa

1097 797 1168 824 enim
1182 798 1222 824 vis
1233 801 1259 824 et
1277 796 1443 831 perturbatio
1453 800 1494 824 est
1509 798 1593 832 magis
1602 797 1672 831 apud
1685 805 1746 824 eum
1760 797 1804 832 qui
1816 805 1892 824 scor-

1098 847 1177 870 Iatur.
1201 842 1281 870 Multa
1298 843 1369 870 enim
1383 847 1425 871 est
1439 843 1464 870 in
1481 851 1594 878 corpore
1607 844 1734 878 agitatio;
1749 849 1777 871 ct
1798 844 1893 879 quovis

1098 887 1238 915 fluctuanti
1253 888 1319 915 mari
1337 887 1380 915 hic
1392 888 1501 923 gravius
1514 887 1641 921 afficitur,
1655 888 1731 924 cujus
1747 896 1892 924 numquam

1097 933 1202 961 sistitur
1216 933 1348 968 cupiditas
1360 955 1368 968 ,
1389 934 1435 961 sed
1450 934 1484 961 ab
1506 942 1538 962 ea
1553 942 1660 969 semper
1674 935 1819 970 itnpctitur,
1839 943 1891 962 non

1096 987 1174 1008 secus
1187 987 1267 1015 atque
1292 981 1335 1016 qui
1351 981 1533 1016 corripiuntur
1548 988 1562 1008 a
1578 980 1718 1014 dzemone,
1742 986 1768 1008 et
1784 982 1892 1009 assidue

1096 1024 1285 1060 discerpuntur
1307 1033 1321 1052 a
1345 1025 1420 1053 malis
1442 1026 1590 1060 spiritibus.
1615 1026 1779 1061 Temperans
1802 1031 1892 1054 autem

1097 1078 1151 1097 non
1162 1078 1238 1098 secus
1256 1078 1288 1098 ac
1312 1070 1389 1098 fortis
1408 1071 1508 1098 athleta
1521 1092 1528 1104 ,
1556 1079 1614 1098 eam
1641 1071 1748 1099 assidue
1773 1072 1892 1106 feriens,

1097 1116 1225 1151 optimam
1239 1120 1266 1143 et
1281 1116 1429 1143 innumeris
1452 1117 1608 1151 hnjusmodi
1622 1117 1726 1144 deliciis
1746 1117 1893 1151 jucundio-

1097 1169 1153 1188 rem
1169 1161 1284 1196 percipit
1301 1162 1465 1197 voluptatem
1478 1183 1486 1195 ,
1512 1162 1562 1189 hac
1576 1163 1686 1190 victoria
1699 1184 1706 1196 ,
1734 1163 1802 1190 bona
1825 1171 1893 1190 01111-

1098 1207 1210 1234 scientia
1222 1228 1229 1239 ,
1243 1212 1271 1234 ct
1294 1207 1431 1242 111-1110111118
1445 1208 1554 1243 tropaeis
1579 1212 1707 1243 perpetuo
1721 1214 1840 1236 ornatus.
1865 1209 1893 1236 Si

1098 1258 1188 1280 autem
1206 1258 1267 1288 post
1285 1261 1459 1288 congressum
1483 1254 1528 1281 ille
1556 1261 1648 1288 parum
1678 1255 1812 1289 quiescit,
1840 1255 1892 1282 hoc

1099 1299 1164 1325 nihil
1179 1299 1257 1326 fuerit
1271 1308 1277 1325 :
1299 1306 1404 1326 rursum
1420 1300 1492 1326 enim
1507 1299 1608 1327 invadit
1623 1304 1769 1335 tempestas
1783 1305 1809 1328 et
1831 1309 1893 1328 rur-

1098 1351 1156 1370 sum
1170 1344 1277 1371 ﬂuctus.
1292 1344 1341 1378 Qui
1358 1349 1447 1372 autem
1461 1345 1676 1380 philosophatur,
1694 1353 1727 1372 ne
1743 1346 1819 1375 initio
1835 1347 1895 1381 qui-

1098 1390 1159 1417 dem
1174 1391 1304 1426 pcrtnittit
1319 1396 1347 1418 ut
1363 1391 1422 1419 111110
1436 1399 1465 1419 se
1479 1391 1585 1419 invadat
1600 1393 1763 1427 perturbatio
1775 1413 1783 1425 ,
1806 1401 1896 1428 neque

1099 1443 1127 1465 ut
1143 1446 1216 1466 mare
1229 1444 1361 1474 assurgat,
1375 1447 1423 1468 nec
1434 1444 1462 1466 ut
1474 1440 1530 1469 haec
1541 1440 1595 1467 fera
1608 1441 1781 1468 vocifcretur.
1798 1441 1826 1468 Si
1841 1441 1894 1468 vim

1097 1488 1186 1510 autem
1210 1484 1325 1518 patiatur
1347 1485 1373 1511 111
1398 1485 1539 1512 retinendo
1554 1485 1654 1521 impetu
1682 1491 1776 1519 tanto;
1798 1491 1826 1514 at
1850 1487 1895 1514 ille

1101 1528 1181 1556 etiam
1199 1529 1377 1563 libidinosus,
1400 1530 1553 1564 frequenter
1577 1532 1714 1567 pulsatus,
1741 1533 1892 1566 confossus,

1099 1579 1263 1610 castrumque
1277 1583 1329 1602 non
1345 1575 1433 1603 ferens
1445 1597 1452 1609 ,
1470 1576 1540 1604 haud
1554 1585 1641 1610 secus,
1656 1585 1734 1612 quam
1750 1578 1771 1605 si
1795 1586 1894 1612 equum

1099 1620 1256 1648 indomitum
1271 1620 1346 1649 freno
1361 1622 1501 1655 retineret,
1518 1629 1603 1650 artem
1618 1631 1724 1651 omnem
1739 1624 1870 1652 adhibens
1887 1633 1893 1651 :

1100 1667 1122 1694 si
1136 1672 1225 1695 autem
1239 1669 1362 1700 cesserit,
1376 1673 1403 1696 et
1417 1669 1534 1696 laborem
1550 1669 1656 1705 fugerit,
1670 1671 1704 1698 ab
1716 1671 1761 1698 illo
1775 1679 1896 1707 prmceps

1099 1720 1269 1748 quocumque
1284 1713 1394 1741 feratur.
1411 1714 1473 1741 111110
1488 1715 1510 1741 si
1524 1715 1593 1742 dicta
1608 1720 1669 1742 sunt
1682 1717 1801 1751 apertius
1815 1724 1894 1751 quam

1100 1766 1148 1793 par
1162 1758 1207 1791 sit,
1230 1766 1310 1786 nemo
1323 1767 1367 1786 me
1382 1759 1561 1794 reprehendat
1576 1770 1582 1787 :
1608 1760 1672 1787 nolo
1694 1762 1766 1788 enim
1788 1762 1894 1789 dicendi

1099 1804 1229 1838 gravitate
1239 1811 1336 1832 ornare
1351 1805 1500 1832 orationem
1513 1827 1521 1839 ,
1538 1805 1585 1833 sed
1601 1813 1696 1841 graves
1716 1812 1744 1834 et
1764 1806 1896 1836 honestos

1101 1850 1188 1878 facere
1201 1850 1346 1878 auditores.

1142 1897 1169 1924 4.
1190 1897 1336 1932 Propterea
1358 1898 1496 1932 propheta:
1518 1905 1625 1933 quoque
1648 1899 1713 1926 nulli
1741 1899 1894 1934 hnjusmodi

1101 1943 1184 1970 verbo
1199 1947 1319 1977 parcunt,
1334 1943 1454 1970 volentes
1466 1942 1619 1971 Judreorum
1635 1944 1792 1971 exscindere
1804 1944 1894 1972 libidi-

1103 1995 1162 2015 nem
1178 1992 1205 2015 et
1218 1988 1466 2022 intemperantiam,
1478 1988 1526 2016 sed
1537 1996 1584 2016 eos
1600 1993 1709 2024 tangunt
1723 1990 1804 2017 etiam
1817 1997 1895 2025 aper-

1103 2034 1171 2067 tius,
1187 2040 1268 2067 quam
1284 2040 1333 2060 nos
1353 2034 1465 2061 nuncin
1491 2034 1523 2061 iis
1547 2042 1607 2069 quae
1628 2035 1755 2063 diximus.
1777 2036 1895 2064 Medicus

1088 2079 1174 2111 _enim
1188 2079 1282 2106 volens
1296 2079 1395 2113 ejicere
1417 2079 1602 2113 putredincm,
1625 2087 1678 2107 11011
1693 2088 1725 2108 eo
1740 2086 1844 2116 spectat
1868 2086 1896 2108 ut

1103 2125 1215 2152 mundas
1238 2129 1380 2153 conservet
1401 2133 1506 2159 manus,
1523 2125 1571 2153 sed
1591 2130 1621 2153 ut
1642 2135 1744 2162 aegrum
1765 2128 1859 2155 liberet
1880 2137 1894 2155 a

1103 2171 1259 2205 putredine;
1274 2176 1302 2199 et
1316 2171 1339 2198 is
1351 2171 1396 2206 qui
1411 2171 1538 2199 humilem
1552 2172 1606 2199 vult
1620 2173 1754 2201 excelsum
1770 2173 1894 2208 reddere,

1104 2217 1162 2252 ipse
1176 2217 1250 2252 prius
1266 2218 1295 2244 lit
1309 2217 1434 2250 humilis;
1451 2222 1476 2245 et
1491 2218 1535 2252 qui
1555 2218 1672 2246 studium
1692 2219 1768 2254 ponit
1783 2226 1812 2247 ut
1826 2221 1896 2247 occi-

1103 2262 1149 2290 dat
1162 2262 1355 2295 insidiatorem,
1368 2270 1397 2290 se
1408 2271 1515 2298 qtmque
1527 2271 1587 2291 cum
1600 2264 1646 2291 illo
1660 2270 1791 2298 cruentat,
1807 2271 1834 2293 et
1848 2266 1896 2293 hoc

1106 2309 1192 2343 ipsum
1214 2308 1304 2335 reddit
1323 2309 1475 2336 clariorem.
1498 2309 1564 2336 Nam
1587 2310 1610 2337 si
1634 2318 1648 2337 a
1675 2311 1745 2338 bello
1758 2319 1896 2339 reversum

1105 2353 1217 2381 militem
1233 2353 1329 2381 viderit
1343 2354 1474 2389 quispiam
1490 2355 1576 2388 sanie,
1594 2356 1724 2391 sanguine
1738 2362 1766 2384 et
1785 2358 1896 2385 cerebro

1105 2406 1256 2434 respersum
1271 2403 1298 2426 et
1313 2400 1453 2434 pollutum,
1472 2409 1524 2428 non
1539 2401 1600 2429 ideo
1614 2401 1676 2429 odio
1687 2401 1795 2430 habebit
1811 2411 1896 2438 neque

1105 2445 1281 2478 aversabitur,
1298 2445 1345 2473 sed
1365 2446 1449 2481 magis
1472 2447 1552 2474 etiam
1577 2447 1760 2476 admirabitnr.
1789 2449 1827 2476 ita
1851 2457 1897 2477 nos

1106 2498 1211 2525 quoque
1223 2490 1350 2518 liiciamns
1359 2499 1418 2518 cum
1430 2491 1573 2520 viderimus
1584 2494 1746 2528 quempiam,
1757 2501 1896 2530 postquam

1107 2537 1229 2564 mactarit
1251 2536 1434 2573 cupiditatem,
1459 2542 1598 2566 crucntutn
1622 2544 1820 2574 revertentem,
1837 2548 1896 2569 eum

1108 2583 1193 2618 magis
1212 2582 1385 2616 admiremur,
1408 2584 1541 2619 simulque
1562 2585 1626 2613 socii
1640 2593 1671 2614 ac
1687 2587 1828 2625 participes
1842 2587 1896 2622 ejus

1107 2635 1203 2663 pugnat
1215 2632 1243 2656 et
1257 2629 1385 2662 victoriae,
1399 2633 1426 2656 et
1441 2629 1474 2657 iis
1487 2630 1531 2665 qui
1543 2634 1633 2657 amant
1644 2631 1764 2660 dicamus
1779 2642 1785 2659 :
1801 2633 1896 2661 Osten-

1107 2673 1162 2702 dite
1176 2675 1253 2702 nobis
1265 2675 1430 2710 voluptatem
1445 2684 1524 2711 quam
1540 2677 1680 2711 accepistis
1692 2685 1725 2706 ex
1741 2678 1862 2707 libidine.

1149 2720 1331 2756 Temperantia:
1352 2722 1477 2756 voluptas.
1490 2722 1602 2750 —-Nam
1621 2724 1666 2758 qtti
1686 2728 1728 2751 est
1749 2729 1897 2760 tempcrans

1109 2775 1140 2795 ac
1154 2768 1276 2803 pudicus,
1292 2769 1455 2803 voluptatem
1471 2769 1550 2797 habet
1560 2777 1592 2798 ex
1606 2770 1716 2797 victoria
1730 2779 1737 2803 ;
1761 2775 1788 2798 tu
1810 2776 1897 2798 autem

1110 2814 1208 2840 nullam
1219 2814 1303 2841 habes
1315 2815 1434 2843 omnino.
1448 2815 1493 2842 Sin
1508 2820 1596 2843 autem
1608 2823 1654 2844 vos
1665 2816 1759 2844 dicatis
1772 2824 1832 2845 eam
1843 2825 1896 2853 quas

1111 2864 1152 2887 cst
1167 2867 1198 2887 ex
1216 2868 1380 2895 congressu;
1397 2861 1443 2887 scd
1461 2861 1504 2888 illa
1520 2865 1561 2889 est
1575 2861 1740 2890 manifestior
1754 2867 1781 2890 et
1796 2862 1895 2890 diutur-

1112 2905 1179 2932 nior.
1198 2905 1262 2932 Nam
1285 2911 1311 2933 111
1326 2913 1358 2933 ex
1374 2913 1406 2934 00
1421 2914 1474 2942 quo
1489 2906 1585 2935 frueris
1601 2907 1681 2936 habes
1695 2908 1794 2944 aliquid
1810 2908 1897 2937 breve.
