2034 3109
122 180 175 209 519

122 240 164 266 ὅτι
179 237 238 271 Τὴν
251 236 299 264 τοῦ
322 236 409 269 δεῖνος
426 236 575 272 ἐϐουλόμην
589 237 682 264 οὐσίαν
698 237 780 273 ἔχειν,
794 238 842 265 καὶ
862 238 914 273 τὴν

122 280 170 307 τοῦ
195 279 283 310 δεῖνος
312 279 405 314 μόνον,
429 278 497 304 ἀλλὰ
521 278 568 305 καὶ
589 279 624 306 τά
648 278 699 314 ὅρη
717 279 830 315 χρυσίον
844 278 916 306 εἶναι

124 322 277 358 βούλονται,
302 321 350 348 καὶ
363 320 413 352 τάς
428 321 527 353 οἰκίας,
551 322 597 347 καὶ
613 321 648 348 τά
669 321 795 357 ὁρώμενα
815 321 915 352 πάντα.

124 364 171 391 καὶ
185 364 228 398 ἐφ’
245 363 340 399 ἓτερον
366 362 545 398 προϐαίνουσι
563 364 665 399 κόσμον
677 371 684 379 ·
707 364 753 390 καὶ
775 363 855 390 τοῦτο
872 364 916 390 ἐπ’

124 405 238 439 ἄπειρον
253 405 399 439 πάσχουσι,
423 404 472 431 καὶ
489 404 608 440 οὐδαμοῦ
624 405 674 440 τῆς
702 405 850 439 ἐπιθυμίας
868 405 917 440 λή-

124 455 215 480 γουσι.
235 447 283 478 Τίς
301 446 334 472 ἂν
361 447 550 481 παραστήσειε
572 446 651 480 λόγος
665 446 710 473 τὸν
725 446 847 481 χειμῶνα
861 447 917 473 τῶν

124 488 267 523 λογισμῶν
284 488 408 520 ἐκείνων,
422 487 457 514 τὰ
472 487 594 522 κύματα,
612 488 658 514 τὸν
674 487 776 522 (ww;
799 489 866 515 ὅπου
887 488 917 515 δὲ

125 530 239 566 κύματα
257 530 304 557 καὶ
317 529 421 565 χειμὼν
433 529 564 562 τοιοῦτος,
578 529 643 557 ποία
656 529 755 563 γένοιτ’
772 530 805 556 ἂν
823 530 917 564 ἡδονὴ;

125 573 182 600 Οὐκ
200 572 275 598 ἐστιν
294 571 420 606 οὐδεμία,
439 571 508 597 ἀλλὰ
524 571 639 607 θόρυϐος
653 571 700 598 καὶ
713 570 794 605 ὀδύνη
810 572 858 597 καὶ
872 579 917 597 νε-

126 614 208 648 φέλαι
234 613 366 649 ζοφώδεις
387 613 449 640 ἀντὶ
467 613 572 640 ὑδάτων
598 613 699 649 πολλὴν
722 613 854 649 φέρουσαι
870 614 919 648 τὴν

126 655 262 692 ἀθυμίαν·
285 656 299 682 ὃ
312 656 345 691 δὴ
364 656 412 682 καὶ
425 657 474 682 ἐπὶ
488 655 542 683 τῶν
555 655 683 690 ἐρώντων
699 655 841 691 ἀλλοτρίου
855 655 920 682 κάλ-

127 698 188 729 λους
204 697 366 733 συμϐαίνειν
388 697 479 725 εἴωθε.
506 697 556 724 Διά
574 705 616 723 τοι
632 696 712 724 τοῦτο
726 698 751 724 οἱ
771 697 833 733 μηδ’
850 697 920 729 ὅλως

126 739 257 775 ἐρῶντες,
274 739 330 767 τῶν
340 739 466 775 ἐρώντων
479 741 507 766 ἐν
523 739 625 766 πλείονί
640 740 710 766 εἰσιν
731 739 824 775 ἡδονῇ.
840 739 921 767 Ἀλλά

127 781 197 816 πρὸς
221 781 302 807 τοῦτο
328 782 376 815 μὲν
397 781 486 813 οὐδεὶς
508 781 651 808 ἀντείποι·
683 781 739 815 ἐγὼ
754 781 782 808 δέ
805 782 854 809 καὶ
874 781 921 808 τὸν

127 823 236 857 ἐρῶντα
253 823 314 858 μὲν,
329 823 480 858 κατέχοντα
493 823 521 849 δέ
536 823 585 859 τὴν
600 823 761 858 ἐπιθυμίαν,
775 823 875 858 μᾶλλον
888 823 920 849 ἂν

127 865 212 900 φαίην
231 867 336 901 τρυφᾷν
367 866 415 893 τοῦ
430 866 553 901 συνεχῶς
576 866 626 901 τῆς
647 865 750 901 πόρνης
765 865 921 892 ἀπολαύον-

126 916 183 939 τος.
199 907 231 934 Εἰ
247 907 302 943 γάρ
315 907 391 944 [547]
407 908 453 935 καὶ
466 907 656 943 δυσκολωτέρα
672 908 689 944 ἡ
702 907 848 941 ἀπόδειξις,
862 908 920 935 ἀλλ’

127 949 204 983 ὅμως
217 949 265 975 καὶ
280 948 365 980 οὕτως
377 950 526 983 ἀναγκαῖον
543 949 749 984 κατατολμῆσαι
763 949 810 976 τοῦ
829 949 919 984 λόγου.

127 990 183 1017 Καὶ
195 989 252 1025 γὰρ
272 990 463 1026 δυσκολωτέρα
477 991 592 1025 γίνεται,
621 991 651 1017 ού
677 990 754 1026 παρᾲ
768 991 817 1024 τὴν
839 991 921 1025 φύσιν

127 1031 174 1058 τοῦ
189 1032 365 1068 πράγματος,
380 1032 450 1058 ἀλλὰ
463 1032 541 1068 παρά
554 1032 585 1059 τό
604 1032 641 1068 μὴ
657 1029 729 1059 εἶναι
742 1032 792 1068 τῆς
810 1033 920 1068 φιλοσο-

127 1073 194 1108 φίας
208 1073 312 1106 ταύτης
324 1074 461 1109 ἀκροατὰς
475 1073 580 1106 ἀξίους.

161 1152 198 1189 Υ.
208 1154 242 1181 Τί
253 1154 306 1190 γὰρ
315 1154 400 1189 ἥδιον,
407 1155 468 1181 εἰπέ
478 1160 534 1190 μοι,
541 1154 579 1190 τῷ
589 1153 698 1190 ἐρῶντι,
707 1154 738 1181 τὸ
747 1155 922 1190 καταφρονεῖν

127 1197 190 1224 σθαι
204 1196 257 1223 ὑπὸ
267 1197 318 1231 τῆς
328 1196 481 1232 ἐρωμένης,
493 1196 510 1232 ἡ
524 1196 555 1223 τὺ
563 1196 695 1231 τιμᾶσθαι
708 1197 756 1223 καὶ
768 1197 920 1232 ὑπερορᾷν;

128 1238 247 1274 Εὖδηλον
257 1239 397 1267 ἂιιτοῦτο.
409 1238 477 1265 Τίνα
491 1236 548 1272 οὖν,
565 1238 625 1265 είπέ
644 1247 700 1273 μοι,
716 1239 828 1276 τιμήσει
841 1239 921 1266 πλέον

126 1282 143 1316 ἡ
155 1281 258 1316 πόρνη,
276 1281 322 1307 τὸν
338 1280 500 1307 δουλεύοντα
515 1280 585 1316 αὐτῇ
608 1280 655 1306 καὶ
676 1280 852 1316 αἰχμάλωτον
874 1281 921 1306 ὑπ’

127 1322 213 1357 αὐτῆς
236 1323 287 1357 ἡδη
308 1322 467 1357 γενόμενον,
483 1322 500 1358 ἢ
520 1321 567 1349 τὺν
584 1321 720 1357 ἀνώτερον
743 1322 796 1348 τῶν
813 1321 921 1357 ἐκείνης

126 1364 255 1397 δικτύων,
269 1364 318 1391 καὶ
339 1364 507 1399 ὑψηλότερον
520 1364 576 1391 τῶν
594 1363 726 1399 καλάμων
741 1364 827 1400 αὐτῆς
842 1365 922 1390 πετό-

128 1415 227 1442 μενον;
249 1406 335 1433 Παντί
350 1415 402 1433 που
424 1406 513 1442 δῆλον,
538 1407 580 1433 ὃτι
594 1406 700 1433 τοῦτον.
728 1407 797 1442 Περὶ
817 1406 879 1433 τίνα
893 1406 922 1433 δὲ

127 1449 276 1476 σπουδάσει
302 1448 393 1480 πλέον,
417 1448 463 1476 τὸν
474 1448 656 1480 πεπτωκότα,
681 1449 697 1484 ἢ
725 1449 770 1475 τὸν
795 1448 920 1481 ούδέπω;

127 1491 179 1517 Τδν
195 1491 304 1517 οὐδέπω
327 1491 448 1519 πάντως.
469 1491 518 1523 Τίς
544 1490 572 1517 δέ
596 1491 672 1517 ἔσται
689 1491 886 1526 ποθεινότερος,
907 1491 922 1517 ό

127 1532 375 1568 κατειργασμένος,
406 1532 423 1568 ἢ
452 1534 466 1559 ὁ
494 1533 608 1568 μηδέπω
633 1532 734 1565 ἁλούς;
752 1532 782 1559 '0
809 1532 922 1568 μηδέπω

127 1575 195 1607 τέως
208 1574 301 1613 ἀλούς.
317 1575 350 1602 Εἰ
362 1574 391 1601 δὲ
404 1575 558 1605 ἀπιστεῖτε,
569 1574 624 1601 ἀπὸ
635 1574 690 1600 τῶν
701 1574 843 1610 ὑμετέρων
854 1583 923 1611 παρ-

128 1615 180 1648 έξω
196 1616 248 1652 τὴν
261 1615 411 1648 ἀπόδειξιν.
423 1616 502 1648 Τίνος
513 1615 568 1651 γὰρ
579 1616 611 1642 ἀν
626 1625 668 1648 τις
680 1616 780 1651 μᾶλλον
793 1615 922 1652 ἐρασθείη

128 1657 269 1691 γυναικὸς,
283 1658 335 1693 τῆς
350 1657 469 1689 εὐκόλως
483 1658 771 1693 ὑποκατακλινομένης
787 1657 861 1693 αὐτῷ
875 1658 923 1684 καὶ

129 1699 315 1736 ἐκδιδομένης,
334 1700 352 1734 ἢ
368 1700 420 1735 τῆς
434 1700 608 1736 ἀρνουμένης
624 1701 671 1726 καὶ
683 1699 836 1735 πράγματα
848 1700 922 1736 αὐτῷ

129 1742 320 1777 παρεχούσης;
342 1741 462 1777 Εὔδηλον
475 1741 516 1768 ὅτι
531 1741 632 1776 ταύτης
642 1749 648 1756 ⁸
662 1741 710 1768 καὶ
724 1741 778 1777 γὰρ
791 1742 923 1776 μειζόνως

129 1783 255 1810 ἐντεῦθεν
273 1784 287 1810 ὁ
303 1783 386 1815 πόθος
410 1783 574 1810 ἀνάπτεται.
597 1783 704 1809 Οὐκοῦν
729 1783 776 1810 καὶ
803 1783 850 1810 ἐπὶ
874 1784 924 1818 τῆς

129 1826 258 1860 γυναικὸς
271 1825 303 1852 τὸ
319 1825 386 1852 αὐτὸ
400 1825 432 1861 δὴ
455 1824 537 1851 τοῦτο
558 1824 645 1851 ἐσται·
663 1824 711 1851 καὶ
726 1824 821 1851 τοῦτον
842 1826 924 1861 τιμὴ-

131 1876 206 1894 σουσι
221 1868 270 1894 καὶ
281 1867 467 1902 θαυμάζονται
480 1867 564 1893 πλέον
578 1866 623 1892 τὸν
635 1866 811 1902 ὑπερορῶντα
822 1867 923 1894 αὐτῶν.

131 1909 162 1935 El
181 1909 211 1936 δέ
235 1909 318 1935 τοῦτο
332 1909 443 1944 ἀληθὲς,
466 1909 578 1935 κάκεῖνο
593 1908 704 1944 ὁμοίως,
719 1908 750 1934 τὸ
773 1909 803 1935 ἐν
820 1908 924 1943 μείζονι

130 1949 199 1977 εἷναι
211 1951 294 1986 ἡδονῇ
309 1951 354 1977 τὸν
370 1950 472 1986 μᾶλλον
486 1951 644 1986 τιμώμενον
659 1950 708 1977 καὶ
729 1950 922 1985 ἀγαπώμενον.

136 1993 212 2020 Ἐπεὶ
226 1993 276 2020 καὶ
290 1993 444 2029 στρατηγὸς
454 1993 532 2019 πόλιν
545 1992 594 2028 τὴν
607 1994 656 2028 μέν
666 1992 794 2025 καθάπαξ
806 1992 924 2019 ἀλοῦσαν

131 2035 240 2071 ἀφίησι,
250 2036 285 2071 τῇ
299 2035 327 2061 δέ
340 2034 472 2071 ἑστηκυῖα
484 2035 532 2061 καὶ
545 2034 734 2070 φιλονεικούσῃ
747 2034 925 2070 προσεδρεύει

132 2078 201 2109 μετά
213 2078 333 2113 σπουδῆς
344 2077 461 2113 ἀπάσης·
481 2077 530 2104 καὶ
540 2076 676 2112 θηρευτὴς
686 2077 716 2103 τὸ
730 2077 779 2112 μὲν
793 2076 925 2112 θηρευθὲν

130 2119 199 2152 ζῶον
217 2120 247 2146 ἐν
263 2120 353 2154 σκότῳ
369 2119 551 2151 κατακλείσας
567 2119 634 2154 ἔχει,
651 2119 779 2154 καθάπερ
802 2121 818 2155 ἡ
837 2120 925 2156 πόρνη

131 2161 175 2188 τὸν
186 2161 320 2197 ἐραστὴν,
336 2161 366 2188 τὸ
377 2161 405 2188 δέ
419 2162 519 2196 φεῦγον
531 2160 635 2188 διώκει.
653 2161 723 2188 Ἀλλ’
733 2161 864 2189 ἀπολαύει
875 2163 925 2197 τῆς

131 2203 282 2239 ἐπιθυμίας
295 2204 408 2235 ἐκεῖνος.
423 2205 516 2239 φησὶν,
530 2201 607 2235 οὗτος
621 2203 650 2230 δέ
665 2203 715 2230 οὐκ
731 2204 874 2232 ἀπολαύει.
889 2205 926 2231 Τὸ

130 2246 158 2272 δέ
177 2247 216 2282 μὴ
232 2246 475 2282 καταισχύνεσθαι,
489 2246 556 2282 μηδέ
567 2245 705 2273 δουλεύειν
721 2247 783 2278 ταῖς
797 2255 925 2282 τυραννι-

131 2290 192 2320 καῖς
210 2289 297 2324 αὐτῆς
311 2289 467 2323 ἐπιταγαῖς,
486 2288 553 2324 μηδέ
571 2289 609 2320 ὠς
625 2288 793 2324 ἀνδράποδον
809 2289 926 2323 ἄγεσθαι

108 2330 112 2334 “
133 2331 177 2357 ὑπ’
192 2330 280 2366 αὐτῆς
301 2331 348 2357 καὶ
361 2331 541 2366 περιάγεσθαι
556 2330 750 2366 ῥαπιζόμενον,
767 2331 926 2366 ἐμπτυόμε-

132 2381 187 2404 νον,
203 2373 252 2399 ἐπὶ
277 2373 401 2409 κεφαλῆς
417 2373 584 2409 ὠθούμενον,
608 2374 712 2409 μικράν
731 2374 828 2409 ἡδονὴν
855 2372 925 2402 εἷναι

133 2416 271 2450 νομίζειςς
283 2415 343 2442 εἰπέ
358 2424 413 2451 μοι.
427 2415 458 2442 El
473 2415 528 2452 γάρ
543 2424 585 2447 τις
599 2416 685 2443 ταῦτα
698 2415 820 2451 ἀκριϐῶς
836 2416 926 2451 ἐξετά-

134 2465 200 2489 σειε,
215 2458 264 2484 καὶ
274 2456 400 2493 δυνηθείη
418 2457 467 2489 τὰς
479 2456 573 2493 ὕϐρεις
590 2457 681 2484 αὐτῶν
701 2459 878 2492 συναγαγεῖν,
891 2458 926 2485 τὰ

133 2499 304 2534 ἐγκλήματα,
322 2499 372 2531 τὰς
389 2499 510 2535 συνεχεῖς
525 2499 620 2535 ὀργὰς,
635 2499 685 2531 τὰς
693 2499 747 2526 ἀπὸ
763 2500 863 2535 ψυχῆς,
875 2499 925 2532 τὰς

102 2562 107 2563 ν
134 2541 187 2568 ἀπὸ
203 2540 251 2567 τοῦ
274 2540 442 2576 θρύπτεσθαι
466 2541 627 2576 γινομένας,
648 2541 700 2573 τὰς
714 2541 875 2577 ἀπεχθείας.
892 2541 926 2568 τὰ

133 2583 199 2612 ἀλλα
216 2583 317 2613 πάντα,
334 2582 407 2619 άπερ
420 2583 445 2609 οί
461 2583 614 2619 πάσχοντες
634 2583 709 2610 ἴσασι
727 2583 818 2618 μόνον,
835 2583 925 2610 πάντα

134 2625 251 2661 πόλεμον
271 2625 384 2661 εὑρήσει
406 2625 516 2657 πλείους
530 2625 627 2661 ἔχοντα
644 2625 693 2657 τὰς
709 2626 855 2661 ἀνακωχὰς
874 2626 926 2662 τῆς

134 2667 228 2699 ἀθλίας
247 2667 352 2694 τούτων
366 2666 449 2702 ζωῆς.
464 2667 549 2694 Ποίαν
566 2664 613 2694 οὖν
625 2667 716 2701 λέγεις
731 2668 848 2703 ἡδονὴν;
865 2668 926 2694 εἰπέ

135 2717 195 2743 μοι·
213 2709 264 2744 τὴν
283 2708 336 2736 ἀπὺ
353 2709 402 2743 τῆς
419 2708 529 2744 μίξεως,
545 2709 595 2744 τὴν
609 2709 780 2745 πρόσκαιρον
793 2709 841 2737 καὶ
857 2710 925 2746 βρα-

133 2752 225 2784 χεῖανς
241 2750 312 2776 Ἀλλ’
330 2750 430 2782 εὐθέως
447 2750 550 2786 ταύτην
565 2750 684 2786 πόλεμος
698 2751 926 2787 ἐπικαταλαμϐά-

133 2800 172 2818 νει
187 2792 236 2819 καὶ
254 2791 366 2827 κύματα
387 2792 434 2819 καὶ
449 2791 532 2818 λύττα
547 2792 595 2819 καὶ
613 2793 697 2827 μανία
720 2793 801 2821 πάλιν
814 2793 830 2828 ἡ
844 2793 924 2828 αύτή.

134 2834 187 2860 Καὶ
201 2834 290 2862 ταῦτα
305 2834 354 2870 μὲν
369 2835 435 2870 ἡμῖν
451 2833 572 2870 εἴρηται,
593 2834 630 2866 ὡς
645 2835 677 2861 ἄν
694 2844 735 2866 τις
751 2835 821 2867 νέοις
835 2835 925 2862 διαλε-

133 2876 247 2911 γόμενος
271 2876 433 2908 ἀκολάστοις
458 2877 540 2906 είποι,
561 2876 592 2902 οὐ
621 2875 731 2912 σφόδρα.⁴
749 2876 925 2911 ἀνεχομένοις

134 2917 186 2945 τῶν
210 2917 276 2954 περί
300 2917 441 2954 βασιλείας
468 2917 515 2945 καὶ
534 2917 646 2953 γεέννης
673 2917 788 2944 ἀκοῦσαι
816 2917 919 2951 λόγων·

604 179 637 207 ΙΝ
657 179 767 218 EHST.
789 180 799 207 l
818 181 865 208 AD
879 181 959 208 (20R.
979 181 1097 210 HOMIL.
1120 181 1251 210 XXXVII.

1702 183 1755 210 τεο

967 239 1031 265 ὃταν
1042 239 1071 265 δέ
1085 239 1134 266 καὶ
1151 238 1239 267 ταῦτα
1253 238 1294 270 εἰς
1307 238 1390 273 μέσον
1403 239 1565 273 ἀγάγωμεν.
1584 237 1645 266 οὐδὲ
1653 238 1758 267 ἔνεστιν

966 282 1054 308 εἰπεῖν
1082 282 1132 316 ὅση
1152 281 1207 307 τῶν
1229 280 1442 316 σωφρονούντων
1467 281 1484 316 ἡ
1499 280 1591 315 ἡδονὴ.
1608 281 1672 307 ὅταν
1691 281 1759 308 ἀνα-

966 322 1071 358 πλάττῃ
1101 323 1166 358 παρ’
1185 321 1275 357 ἐαυτῷ
1298 323 1362 354 τοὺς
1387 322 1548 356 στεφάνως,
1569 321 1603 348 τὰ
1633 321 1758 356 βραδεῖα,

966 365 1016 399 τὴν
1037 364 1106 399 μετά
1122 364 1175 391 τῶν
1192 364 1317 398 ἀγγέλων
1333 363 1453 398 ὁμιλίαν,
1466 363 1515 398 τὴν
1534 363 1582 388 ἐπὶ
1596 362 1647 398 τῆς
1666 364 1758 389 οἰκου-

969 406 1053 441 μένης
1079 406 1242 441 ἀνάρρησιν,
1259 406 1310 441 τὴν
1337 404 1414 441 [548]
1431 403 1598 440 παρρησίαν,
1619 404 1669 436 τὰς
1690 413 1759 440 χρη-

969 447 1035 479 στὰς
1054 448 1100 474 καὶ
1116 447 1268 479 ἀθανάτους
1289 446 1400 479 ἐλπίδας
1419 447 1537 477 ἐκείνας,
1553 445 1622 472 Ἀλλ’
1643 447 1660 481 ἡ
1687 446 1760 481 μίξις

970 489 1025 524 ἔχει
1033 489 1094 516 τινὰ
1109 489 1218 524 ἡδονήν·
1232 489 1310 516 τοῦτο
1318 488 1373 524 γὰρ
1385 488 1505 524 συνεχῶς
1518 489 1758 524 περιστρέφουσιν*

968 532 983 557 ὁ
1000 531 1029 557 δὲ
1050 531 1197 567 σωφρονῶν
1219 531 1249 557 οὐ
1271 530 1384 557 δύναται
1408 530 1541 565 διηνεκῶς
1559 530 1711 565 μαχόμενος
1726 531 1758 565 τῇ

969 574 1018 609 τῆς
1033 573 1140 608 φύσεως
1155 573 1304 609 τυραννίδι.
1320 573 1481 599 Τούναντίον
1497 572 1546 607 μὲν
1561 570 1607 600 οὖν
1624 572 1699 607 εὖροι
1718 581 1760 604 τις

969 616 1012 643 ἄν·
1029 617 1045 651 ἡ
1066 616 1121 651 γὰρ
1138 615 1183 651 βία
1198 615 1267 651 αὕτη
1282 615 1329 642 καὶ
1339 615 1446 650 ταραχὴ
1461 615 1537 650 παρά
1547 614 1585 649 τῷ
1601 614 1760 650 πορνεύοντι

972 659 1072 695 μᾶλλόν
1088 659 1158 685 ἐστι.
1185 658 1240 685 Καὶ
1259 658 1313 693 γὰρ
1334 657 1428 688 κλόνος
1441 658 1470 683 ἐν
1484 656 1523 691 τῷ
1539 655 1646 691 σώματι
1666 655 1760 688 πολὺς,

969 701 1018 728 καὶ
1046 701 1138 734 πάσης
1166 699 1302 735 θαλάττης
1328 698 1542 734 κυματουμένης
1572 696 1761 733 χαλεπώτερον

969 739 1048 775 οὗτος
1060 743 1206 773 διάκειται,
1228 741 1355 768 οὐδέποτε
1371 740 1440 776 πρὸς
1455 741 1505 776 τὴν
1518 739 1667 775 ἐπιθυμίαν
1687 739 1762 766 ἱστά-

972 793 1062 822 μενος,
1091 784 1150 811 ἀλλ’
1167 784 1211 812 ἀεὶ
1235 783 1399 823 βαλλόμενος
1426 783 1482 823 vim"
1499 782 1596 817 αὐτῆς,
1613 781 1723 823 άῶσπερ
1737 782 1763 808 οί

970 824 1162 860 δαιμονῶντες,
1180 824 1228 851 καὶ
1242 821 1363 858 συνεχῶς
1379 823 1432 850 ὑπὸ
1449 822 1504 849 τῶν
1517 821 1645 856 πονηρῶν
1660 823 1762 858 καταρ-

973 868 1057 903 ρηγνύ
1063 875 1138 903 μενοι
1152 866 1329 901 πνευμάτων.
1346 865 1374 891 '0
1390 865 1418 891 δέ
1436 864 1551 899 σώφρων
1563 863 1690 898 καθάπερ
1704 863 1764 899 ἀρι-

973 910 1052 940 στεὺς
1064 910 1187 943 γενναῖος
1208 906 1328 942 συνεχῶς
1343 906 1430 941 αὐτὴν
1449 906 1563 940 βάλλων,
1579 905 1627 939 τὴν
1647 905 1763 940 ἀρίστην

972 951 1019 978 καὶ
1043 950 1148 985 μυρίων
1168 949 1296 976 τοιούτων
1322 947 1389 983 ἡδίω
1418 947 1574 983 καρποῦται
1596 946 1704 982 ἡδονὴν,
1729 948 1762 981 τῇ

972 991 1035 1028 νίκῃ
1047 991 1134 1027 ταύτῃ
1147 991 1194 1018 καὶ
1208 991 1247 1026 τῷ
1266 989 1378 1025 χρηστῷ
1395 989 1526 1015 συνειδότι
1543 989 1589 1014 καὶ
1612 989 1669 1020 τοῖς
1691 987 1762 1022 λαμ-

973 1035 1053 1070 προῖς
1077 1033 1218 1069 τροπαίοις
1241 1030 1480 1065 καλλωπιζόμενος
1509 1030 1650 1065 διηνεκῶς.
1674 1030 1706 1056 El
1735 1029 1764 1056 δέ

973 1076 1044 1112 μετὰ
1059 1076 1109 1111 τὴν
1126 1075 1235 1111 ὁμιλίαν
1251 1073 1424 1101 ἀναπαύεται
1440 1072 1538 1108 μικρὸν
1557 1073 1670 1104 ἐκεῖνος,
1687 1072 1764 1098 οὐδὲν

971 1118 1051 1145 τοῦτο
1067 1117 1099 1145 ἂν
1115 1118 1171 1153 εἵη·
1197 1117 1277 1144 πάλιν
1291 1116 1345 1151 γὰρ
1359 1116 1372 1142 ὁ
1386 1114 1490 1150 χειμὼν
1508 1115 1608 1146 ἔπεισι,
1623 1114 1669 1140 καὶ
1683 1113 1764 1140 πάλιν

972 1160 1094 1195 κύματα.
1116 1160 1145 1186 '0
1161 1159 1190 1185 δέ
1206 1158 1358 1193 φιλοσοφῶν
1371 1157 1432 1184 οὑδέ
1447 1157 1535 1192 ἀρχὴν
1548 1156 1644 1191 ἀφίησι
1664 1156 1765 1191 ταύτην

971 1202 1063 1229 λαϐεῖν
1075 1201 1124 1236 τὴν
1139 1199 1274 1236 ταραχὴν,
1292 1199 1353 1226 οὐδέ
1378 1199 1554 1233 διαναστῆναι
1578 1198 1608 1224 τὸ
1634 1198 1763 1232 πέλαγος,

972 1243 1031 1270 οὐδὲ
1050 1243 1146 1278 βοῆσαι
1172 1242 1203 1268 τὸ
1228 1241 1335 1276 θηρίον.
1356 1240 1387 1267 Et
1407 1240 1436 1266 δέ
1459 1248 1520 1266 τινα
1548 1239 1608 1274 βίαν
1634 1239 1764 1274 ὑπομένοι

972 1286 1094 1320 κατέχων
1110 1284 1158 1320 τὴν
1173 1283 1303 1318 τοιαύτην
1322 1282 1423 1319 ὁρμὴν,
1438 1282 1505 1308 ἀλλά
1519 1283 1566 1308 καὶ
1580 1282 1685 1314 ἐκεῖνος
1701 1289 1765 1308 συν-

972 1327 1043 1362 εχῶς
1065 1326 1228 1361 βαλλόμενος
1253 1325 1301 1351 καὶ
1326 1323 1508 1358 κεντούμενος
1530 1323 1577 1349 καὶ
1595 1322 1640 1348 τὸν
1657 1321 1764 1358 οἶστρον

972 1370 1001 1395 οὐ
1020 1368 1122 1404 φέρων⁸
1141 1368 1187 1394 καὶ
1213 1367 1365 1402 παρόμοιον
1388 1366 1505 1400 γίνεται,
1521 1364 1615 1400 ὥσπερ
1632 1365 1665 1391 ἂν
1682 1365 1765 1391 ἵππον

973 1411 1069 1446 ἄγριον
1089 1410 1253 1446 μαινόμενον
1272 1408 1321 1434 καὶ
1345 1407 1530 1434 ἀντιτείνοντα
1547 1407 1639 1442 ἀνέχοι
1654 1405 1693 1441 τῲ
1716 1415 1764 1442 χα-

972 1452 1050 1488 λινῷ,
1062 1452 1109 1479 καὶ
1125 1451 1237 1486 κατέχοι
1251 1450 1321 1485 μετά
1339 1449 1436 1484 τέχνης
1451 1448 1571 1483 ἀπάσης·
1589 1449 1603 1475 ὁ
1616 1448 1644 1474 δὲ
1660 1448 1763 1480 ἐνδοὺς,

973 1495 1043 1522 ὥστε
1058 1495 1104 1521 τὸν
1125 1494 1206 1520 πόνον
1218 1493 1315 1519 τοῦτον
1329 1492 1439 1526 φυγεῖν,
1452 1491 1600 1526 συρόμενος
1616 1491 1661 1517 ὑπ’
1681 1490 1764 1518 αὑτοῦ

973 1536 1110 1571 πανταχοῦ
1133 1535 1252 1571 φέροιτο.
1280 1534 1374 1561 Ταῦτα
1400 1534 1425 1559 εί
1453 1533 1500 1559 καλ⁸
1527 1532 1697 1568 σαφέστερον
1717 1532 1764 1559 τοῦ

971 1579 1077 1610 δέοντος
1099 1578 1216 1613 εῐρηται,
1248 1576 1341 1612 μηδεὶς
1361 1575 1531 1610 ἐγκαλείτω·
1560 1575 1590 1600 ού
1607 1575 1660 1610 γὰρ
1676 1574 1765 1608 λόγων

974 1620 1120 1656 σεμνότητι
1143 1618 1362 1650 καλλωπίζεσθαι
1391 1617 1535 1653 βούλομαι,
1557 1617 1626 1643 ἀλλᾶ
1652 1617 1765 1651 ποιῆσαι

974 1663 1089 1698 σεμνοὺς
1104 1662 1166 1694 τοὺς
1182 1660 1339 1691 ἀκούοντας.

1008 1732 1040 1760 δ’.
1054 1731 1103 1758 Διὰ
1117 1730 1197 1758 τοῦτο
1208 1731 1255 1757 καὶ
1265 1730 1289 1756 οἱ
1301 1729 1440 1765 προφῆται
1455 1729 1562 1760 οὐδενὸς
1573 1728 1627 1755 τῶν
1635 1728 1766 1755 τοιούτων

973 1775 1109 1810 φείδονται
1138 1773 1284 1808 ῥημάτων,
1312 1771 1362 1806 τὴν
1391 1771 1539 1798 ἀκολασίαν
1555 1770 1610 1796 τῶν
1633 1769 1767 1796 Ἰουδαίων

973 1817 1090 1851 ἐκκόψαι
1119 1815 1287 1850 βουλόμενοι,
1314 1813 1383 1840 ἀλλὰ
1408 1813 1455 1840 καὶ
1480 1812 1650 1848 γυμνότερον
1676 1811 1767 1838 αὐτῶν

974 1858 1211 1894 καθικνοῦνται,ἣ
1230 1858 1312 1892 ἡμεῖς
1335 1856 1383 1883 νῦν
1409 1856 1451 1890 ἐφ’
1467 1854 1508 1887 οἷς
1530 1855 1693 1890 εἰρήκαμεν.
1713 1854 1767 1880 Καὶ

973 1902 1028 1938 γὰρ
1044 1901 1135 1936 ἰατρὸς
1147 1900 1282 1935 σηπεδόνα
1295 1898 1421 1926 ἐκϐαλεῖν
1436 1897 1607 1933 βουλόμενος,
1626 1897 1656 1923 ού
1671 1897 1768 1922 σκοπεῖ

974 1944 1034 1976 πῶς
1061 1943 1186 1978 καθαρὰς
1208 1942 1383 1977 διατηρήσειε
1408 1940 1457 1972 τὰς
1483 1941 1588 1975 χεῖρας,
1612 1938 1668 1965 ἀλλ’
1692 1938 1767 1969 ὅπως

974 1987 1080 2014 ἐκεῖνον
1097 1983 1264 2016 ἀπαλλάξειε
1278 1983 1328 2017 τῆς
1346 1982 1505 2018 σηπεδόνος·
1521 1980 1568 2006 καὶ
1581 1981 1595 2006 ό
1608 1980 1653 2006 τὸν
1668 1987 1766 2006 ταπει-

974 2028 1019 2056 νδν
1035 2027 1137 2063 ὑψηλὸν
1151 2027 1263 2061 ποιῆσαι
1280 2025 1376 2055 θέλων.
1399 2023 1481 2055 αὐτὸς
1508 2021 1684 2049 ταπεινοῦται
1699 2021 1766 2056 πρό-

974 2078 1062 2106 τερος·
1081 2069 1128 2096 καὶ
1143 2070 1156 2096 ό
1170 2068 1270 2103 σφάξαι
1288 2067 1334 2094 τὸν
1359 2064 1569 2092 ἐπιϐουλεύοντα
1598 2063 1765 2106 σπουδάζων,

975 2104 1022 2139 καὶ
1037 2111 1133 2139 ἑαυτὸν
1145 2110 1276 2146 αἱμάσσει
1294 2109 1353 2144 μετ’
1370 2107 1485 2140 ἐκείνου,
1509 2107 1556 2134 καὶ
1582 2105 1661 2132 τοῦτο
1686 2104 1768 2132 αὐτόν

976 2156 1049 2181 ποιεῖ
1062 2153 1264 2189 λαμπρότερον.
1287 2151 1364 2177 Ἐπεὶ
1390 2150 1436 2177 καὶ
1464 2148 1633 2184 στρατιώτην
1654 2147 1769 2174 ἐπανελ-

977 2196 1058 2223 θόντα
1073 2195 1127 2222 ἀπὸ
1145 2194 1193 2221 τοῦ
1215 2193 1334 2228 πολέμου
1354 2193 1387 2219 ἂν
1400 2192 1441 2227 ἴδῃ
1458 2200 1500 2222 τις
1514 2190 1593 2226 ίχῶρι
1608 2189 1656 2216 καὶ
1672 2189 1768 2224 αἵματι

977 2239 1024 2266 καὶ
1035 2237 1179 2273 ἐγκεφάλῳ
1193 2235 1412 2273 μεμολυσμένον,
1435 2234 1465 2260 οὐ
1492 2235 1613 2271 μισήσει,
1629 2232 1689 2258 οὑδέ
1703 2233 1770 2258 ἀπο-

977 2280 1164 2316 στραφήσεται
1174 2279 1218 2306 διὰ
1229 2278 1319 2310 τοῦτο,
1333 2276 1402 2303 ἀλλά
1414 2277 1460 2303 καὶ
1472 2275 1644 2310 θαυμάσεται
1658 2273 1767 2309 μᾶλλον.

976 2323 1054 2351 Οὕτω
1072 2323 1103 2358 δὴ
1121 2323 1168 2349 καὶ
1182 2322 1264 2358 ἡμεῖς
1277 2320 1412 2355 ποιῶμεν,
1430 2319 1493 2346 ὅταν
1509 2318 1609 2353 ἴδωμέν
1627 2325 1687 2343 τινα
1702 2317 1771 2351 μετά

976 2366 1006 2393 τὸ
1020 2364 1194 2399 κατασφάξαι
1210 2364 1261 2399 τὴν
1277 2362 1425 2397 ἐπιθυμίαν
1436 2360 1596 2396 ᾑμαγμένον
1610 2359 1769 2390 ἐπανιόντα,

978 2407 1077 2443 μᾶλλον
1106 2405 1188 2433 αὐτὸν
1218 2403 1413 2440 θαυμάζωμεν,
1444 2403 1491 2429 καὶ
1521 2401 1700 2443 κοινωνῶμεν
1721 2400 1770 2434 τῆς

978 2442 1068 2485 μάχης
1085 2449 1132 2475 καὶ
1152 2447 1201 2483 τῆς
1227 2447 1304 2482 νίκης
1323 2445 1408 2480 αὐτῷ,
1425 2445 1471 2471 καὶ
1488 2444 1555 2479 πρὸς
1570 2444 1634 2474 τοὺς
1650 2442 1771 2485 ἐρῶντας

977 2483 1124 2526 λέγωμεν,
1159 2489 1269 2521 Δείξατε
1289 2489 1356 2523 ἡμῖν
1388 2486 1438 2522 τὴν
1473 2487 1507 2512 ἐκ
1538 2486 1588 2520 τῆς
1624 2483 1770 2520 ἐπιθυμίας

977 2534 1083 2570 ἡδονήν.

1017 2622 1047 2649 '0
1083 2622 1133 2657 μὲν
1163 2621 1217 2657 γὰρ
1236 2619 1353 2657 σώφρων
1372 2620 1422 2658 τὴν
1448 2619 1502 2646 ἀπὸ
1527 2619 1576 2654 τῆς
1603 2617 1681 2653 νίκης
1703 2616 1770 2652 ἔχει,

977 2664 1009 2692 σὺ
1026 2663 1054 2690 δέ
1070 2663 1231 2698 οὐδαμόθεν.
1250 2663 1281 2689 Et
1305 2662 1334 2690 δέ
1361 2662 1440 2698 ὑμεῖς
1459 2661 1508 2697 τὴν
1532 2662 1564 2687 ἐκ
1586 2660 1636 2695 τῆς
1662 2658 1770 2694 ὁμιλίας

976 2705 1091 2739 λέγοιτε,
1122 2704 1180 2731 ἀλλ’
1204 2704 1296 2740 ἐκείνη
1326 2703 1482 2738 σαφεστέρα
1507 2703 1554 2729 καὶ
1578 2700 1768 2737 διαρκεστέρα.

977 2747 1012 2775 Σὺ
1027 2747 1082 2783 γὰρ
1100 2747 1173 2783 ἔχεις
1188 2747 1243 2773 ἀπὸ
1269 2748 1320 2782 τῆς
1344 2745 1521 2776 ἀπολαύσεως
1540 2743 1626 2779 βραχὺ
1641 2742 1686 2768 καὶ
1699 2739 1770 2783 γμῃδέ

977 2782 1154 2825 φαινόμενον,
1168 2790 1273 2821 ἐκεῖνος
1291 2789 1319 2816 δέ
1333 2787 1441 2815 ἀπὸτοῦ
1458 2786 1618 2828 συνειδότος,
1631 2782 1706 2828 [πθ]
1722 2782 1768 2828 καὶ

978 2832 1088 2866 μείζονα
1097 2832 1144 2858 καὶ
1153 2832 1268 2867 διηνεκῆ
1275 2831 1321 2858 καὶ
1328 2829 1498 2865 γλυκυτέραν
1509 2828 1564 2863 ἔχει
1575 2827 1624 2862 τὴν
1636 2825 1768 2867 εὐφροσύ-

976 2864 1035 2909 νην.
1051 2874 1118 2900 Ούδέ
1134 2864 1288 2910 γὰρ-οὕτως
1302 2873 1395 2908 ὁμιλία
1410 2864 1548 2906 γυναικὸς,
1564 2869 1602 2900 ὡς
1626 2864 1767 2912 φιλοσοιρία

978 2907 1114 2952 ἀτάραχον
1131 2907 1242 2945 δύναται
1258 2907 1374 2952 τηρῆσαι
1388 2913 1476 2949 ψυχὴν
1488 2912 1534 2940 καὶ
1553 2909 1701 2945 πτερῶσσι.
1716 2907 1767 2933 Οὓ-
