2034 3109
163 106 209 133 3‘21
610 104 642 131 IN
661 104 770 133 EPIST.
791 105 801 133 I
833 106 878 133 AD
897 105 974 134 (ΞΟΠ.
1003 105 1118 135 HOMIL.
1140 107 1281 135 XXXVIII.

163 170 188 193 et
208 164 281 200 quod
302 171 336 191 ne
359 163 428 191 ultra
454 168 582 199 appareat
603 162 727 198 quidem;
745 164 789 191 ille
809 168 898 191 autem
925 172 957 192 ex

162 211 328 240 conScientia
354 210 484 244 majorem
510 209 592 237 habet
615 215 643 237 et
668 215 823 245 perpetuam
850 211 957 239 suavio-

161 264 272 292 remquc
289 256 420 284 laetitiam.
441 255 534 290 Neque
557 252 627 283 cnim
649 256 816 284 consuetudo
837 257 957 285 mulieris

161 308 250 340 potest
263 308 317 330 tam
332 302 550 337 impcrturbalam
566 301 679 329 reddere
699 302 816 329 animam
827 323 835 335 ,
856 306 883 330 ct
896 310 957 329 eam

160 350 186 376 in
200 348 285 376 altum
299 347 426 380 evehere,
440 354 519 382 quam
534 346 712 381 philosophia.
727 347 760 374 Et
774 348 885 382 pudicus
898 348 956 382 qui-

159 395 233 428 dem,
248 394 320 422 sicut
332 394 405 426 dixi,
422 397 515 429 aperte
537 393 615 421 nobis
635 394 797 428 voluptatem
813 394 930 421 ostendit
947 403 954 421 :

160 442 185 468 in
202 445 230 468 te
251 445 341 468 autem
357 447 390 467 ex
412 446 446 467 eo
460 439 585 474 quidem,
608 439 679 473 qttod
695 439 732 466 sis
753 439 855 472 victus,
879 439 956 466 video

158 485 242 514 animi
256 485 453 521 aegritudinem,
465 484 628 519 voluptatem
642 489 731 511 autem
749 485 842 511 volens
854 484 954 517 videre,

159 539 215 560 non
230 531 349 560 invenio.
360 530 500 565 Quodnam
514 530 586 557 enim
597 530 637 556 vis
649 537 709 557 esse
721 534 824 565 tempus
834 530 956 564 volupta-

161 579 217 607 tis?
231 578 295 606 idne
313 577 384 612 quod
400 581 440 604 est
455 580 517 604 ante
531 576 652 603 coitum?
676 575 728 604 Sed
755 583 807 602 non
833 580 892 607 est;
917 580 958 603 est

159 624 232 652 enim
254 623 354 651 furoris
375 627 402 650 et
418 622 528 649 insanae
541 626 568 648 et
588 622 684 649 mentis
698 626 804 648 emotae.
829 621 957 648 Dentibus

158 670 230 698 enim
246 668 379 701 slridere,
395 673 422 695 et
436 675 450 695 e
463 671 533 694 statu
549 667 646 694 mentis
666 667 815 698 dimoveri,
839 675 891 694 non
916 671 957 694 est

158 715 305 750 voluptatis
320 723 327 742 :
344 715 385 742 sin
401 719 474 741 esset
486 719 575 741 autem
596 714 739 747 voluptatis
750 734 756 746 ,
773 721 826 740 non
850 721 882 740 ea
907 713 956 740 tibi

159 760 312 793 indixisset,
327 767 388 795 quat
400 759 533 787 sustinent
548 759 565 786 ii
576 759 620 794 qui
632 758 774 786 admodum
787 759 887 786 dolent.
903 758 956 786 Pu-

158 806 227 840 giles
239 806 324 838 enim,
350 809 403 832 tam
418 805 463 840 qui
479 805 631 839 percutiunt
646 813 724 839 quam
739 806 783 839 qui
800 804 956 840 percutiun-

159 858 212 884 tur.
229 851 344 879 strident
356 851 481 879 dentibus
497 860 503 877 :
520 855 546 878 et
560 851 737 886 parturientes
750 851 885 884 mulieres,
896 858 956 886 qute

160 898 349 926 distrahuntur
358 897 506 930 doloribus,
524 897 639 932 idipsum
656 897 764 924 faciunt.
777 897 955 931 Quamobrem

158 951 211 972 non
227 949 271 973 est
284 943 313 972 id
327 943 468 978 voluptas,
485 943 532 970 sed
549 943 637 978 potius
653 943 750 970 mentis
766 950 892 970 excessus
912 946 955 969 tu-

160 989 315 1024 multusque
336 993 364 1017 et
376 989 553 1024 perturbatio.
569 990 611 1016 An
630 993 735 1024 tempus
749 988 819 1023 quod
836 992 895 1022 post
913 995 956 1015 se-

159 1056 246 1064 ---ι

249 1055 1680 1067 ___—_—__~_.——————_—

1754 114 1807 142 322

1011 165 1120 200 quitur?
1132 166 1184 193 Sed
1198 174 1283 201 neque
1298 166 1349 194 hoc
1359 166 1472 196 dixeris.
1487 169 1578 204 Neque
1593 172 1664 199 enim
1675 180 1733 200 eam
1745 182 1805 209 quas

1012 211 1114 246 peperit
1123 211 1270 239 dixerimus
1283 219 1343 240 esse
1357 213 1382 240 in
1396 214 1541 249 voluptate,
1553 216 1600 243 sed
1616 216 1641 244 in
1655 218 1778 247 libertate
1789 228 1804 247 a

1010 255 1148 284 doloribus
1163 266 1170 284 :
1187 264 1238 284 non
1259 261 1301 285 est
1319 263 1409 286 autem
1433 260 1511 294 plane
1526 261 1576 289 hoc
1591 263 1713 298 voluptas
1725 286 1732 297 ,
1757 267 1803 293 sed

1011 302 1099 337 potius
1117 303 1285 330 imbecillitas
1298 309 1324 332 et
1344 305 1503 340 dissolutio;
1524 309 1635 337 multum
1655 315 1744 339 autem
1765 312 1806 339 in-

1011 351 1093 375 terest
1115 348 1185 376 inter
1206 353 1357 384 tttrumquc.
1383 351 1521 384 Quodnam
1545 359 1587 381 est
1610 363 1673 390 ergo
1697 361 1802 392 tempus

1010 394 1163 429 voluptatis,
1178 394 1220 422 dic
1233 397 1343 430 quasso?
1358 397 1464 425 Nullum
1481 405 1522 427 est
1535 410 1542 427 :
1557 401 1578 428 si
1592 406 1635 429 est
1649 407 1749 436 tamen,
1763 410 1806 432 est

1009 439 1076 466 adeo
1097 439 1193 472 breve,
1218 445 1245 467 ut
1268 449 1301 468 ne
1324 449 1453 476 appareat
1473 445 1591 479 quidem.
1619 447 1686 475 Cum
1709 450 1805 478 millies

1010 484 1226 512 contenderimus
1242 491 1270 513 ut
1286 486 1348 514 illud
1372 487 1638 522 deprehenderemus
1653 499 1680 521 ct
1702 496 1802 523 retine-

1011 537 1118 564 remus,
1133 539 1186 558 non
1201 532 1346 566 potuimus.
1369 533 1421 561 Sed
1436 538 1610 570 temperantis
1624 544 1651 565 et
1672 541 1803 569 moderati

1011 579 1116 609 tempus
1130 584 1181 603 non
1195 582 1236 604 est
1251 577 1392 612 ejusmodi,
1409 580 1455 607 sed
1466 582 1611 615 spatioSum
1624 589 1665 611 est
1679 591 1705 612 et
1719 588 1804 614 omni-

1011 619 1060 647 bus
1070 621 1179 648 evidens
1191 630 1198 653 ;
1213 622 1253 649 vel
1265 623 1353 657 potius
1366 628 1420 651 tota
1434 625 1492 659 ejus
1503 626 1555 654 vita
1568 633 1609 656 est
1621 630 1645 656 in
1658 631 1803 666 voluptate,

1009 673 1069 693 cutn
1096 669 1154 702 ejus
1179 669 1342 696 conscientia
1369 675 1523 705 corOnetnr,
1553 681 1613 700 cttm
1644 675 1727 702 sedati
1752 679 1805 705 sint

1010 712 1116 746 lluctus,
1131 714 1203 740 nullo
1217 722 1249 741 ex
1265 716 1360 750 qttavis
1376 721 1450 752 parte
1472 718 1576 746 oriente
1601 722 1722 749 tumultu.
1738 723 1804 751 Cum

1010 766 1073 793 ergo
1088 758 1130 786 ltic
1144 760 1227 795 magis
1239 761 1274 788 sit
1289 761 1315 788 in
1331 762 1465 797 voluptate
1475 784 1482 796 ,
1499 764 1657 794 libidinostts
1672 772 1761 795 autem
1777 770 1803 797 in

1009 805 1090 832 animi
1103 806 1260 840 mgritudine
1275 811 1302 834 et
1314 809 1486 842 tntnultibus,
1512 809 1643 845 fugiamus
1666 813 1804 842 libidinem

1009 855 1036 877 et
1059 851 1310 886 intemperantiam,
1336 853 1530 888 amplectamur
1554 859 1756 892 temperantiam
1779 865 1806 888 et

1009 896 1169 929 castitatem,
1188 901 1217 924 ut
1230 897 1297 924 bona
1312 899 1391 925 etiam
1407 899 1496 927 futura
1511 908 1720 937 consequamur,
1740 912 1803 940 gra-

1009 942 1044 970 tia
1058 947 1086 970 et
1100 942 1275 978 benignitate,
1290 948 1342 972 etc.

782 1093 954 1124 HOMILIA
974 1092 1158 1123 XXXVIII.

158 1169 219 1197 CAP.
238 1169 280 1197 l5.
303 1177 329 1195 v.
342 1169 366 1196 Ι.
382 1168 480 1195 Notum
494 1172 578 1195 autent
589 1167 657 1194 vobis
670 1166 749 1201 facio,
761 1168 869 1201 fratres,
883 1173 955 1192 euan-

192 1217 287 1251 gelium
309 1215 379 1250 quod
399 1215 535 1250 prwdicavi
557 1213 712 1250 cabinquod
724 1219 747 1240 et
760 1213 892 1248 accepistis
906 1233 913 1244 ,
929 1212 956 1238 in

190 1269 242 1296 quo
255 1267 278 1289 et
290 1262 365 1289 stati:
377 1283 385 1295 ,
400 1261 427 1288 2.
444 1270 488 1296 per
502 1261 570 1296 quod
588 1265 611 1288 et
624 1260 758 1288 salvamini
766 1280 774 1292 ,
794 1268 845 1294 qua
858 1259 956 1286 ratione

191 1310 384 1344 praedicat-erm
396 1309 474 1336 vobis.

191 1355 216 1382 1.
239 1355 306 1382 Cum
326 1354 360 1382 de
386 1353 569 1388 spiritualibus
596 1352 756 1380 absolvisset
783 1351 948 1382 orationem,

156 1401 251 1428 transit
263 1400 296 1427 ad
310 1400 336 1428 id
350 1399 421 1435 quod
434 1404 476 1427 est
490 1399 610 1426 omnium
629 1399 745 1426 maxime
759 1397 952 1430 necessarium,

155 1454 252 1481 nempe
266 1446 300 1473 ad
322 1450 509 1480 argumentum
529 1444 735 1472 resurrectionis
758 1452 766 1472 :
790 1444 817 1471 in
827 1451 860 1472 eo
882 1443 953 1471 enim

154 1492 233 1520 valde
257 1492 433 1526 aagrotahant.
449 1491 482 1518 Et
507 1488 576 1518 sicut
600 1490 627 1517 in
653 1490 830 1525 corporibus,
847 1489 954 1524 quando

155 1537 258 1564 solidas
273 1545 366 1565 eorum
380 1541 471 1571 partes
485 1536 566 1564 febris
579 1536 706 1570 attigerit,
715 1543 823 1569 nervos,
833 1535 952 1569 inquam,

154 1587 183 1610 et
196 1589 278 1610 venas
291 1581 415 1617 etprima
428 1582 572 1615 elementa,
585 1581 685 1608 malum
698 1581 731 1608 sit
744 1580 952 1613 immedicabile,

156 1630 205 1658 nisi
220 1631 280 1665 ejus
301 1637 397 1665 magna
417 1634 526 1664 geratur
547 1636 611 1656 cura
627 1638 633 1655 :
649 1628 688 1656 sic
710 1632 772 1655 tunc
791 1635 899 1662 quoque
920 1634 953 1654 ne

157 1677 242 1710 ﬁeret,
255 1682 314 1704 erat
324 1676 484 1712 periculum.
497 1675 536 1702 Ad
551 1675 606 1710 ipsa
617 1675 689 1702 enim
701 1674 808 1709 pietatis
822 1674 953 1701 elcmcnta

157 1723 284 1752 tendebat
293 1722 403 1750 malum.
420 1722 600 1756 Quamobrem
616 1729 712 1757 magno
725 1721 814 1748 studio
829 1728 892 1747 usus
905 1725 947 1747 est

157 1770 264 1797 l‘aulus.
287 1768 345 1796 Non
367 1768 438 1796 enim
456 1767 570 1803 amplius
584 1767 618 1794 ab
635 1774 668 1795 eo
690 1767 818 1802 agebatur
839 1766 873 1792 de
888 1765 952 1799 vita,

157 1823 245 1850 neque
260 1814 332 1849 quod
356 1814 401 1841 ille
414 1813 522 1848 quidem
545 1816 726 1845 scortnretur,
745 1812 787 1839 hic
805 1819 868 1839 vero
882 1815 954 1838 esset

155 1868 252 1888 avarus
265 1881 273 1894 ,
288 1859 356 1887 alius
372 1867 436 1886 vero
456 1864 538 1893 caput
559 1858 672 1885 haberet
695 1862 818 1892 opertum
832 1865 840 1889 ;
863 1856 910 1883 sed
926 1855 952 1882 itt

155 1907 215 1942 ipso
232 1907 364 1934 bonorum
379 1905 466 1940 capite
484 1905 641 1932 versabatur
654 1903 740 1932 oratio
758 1912 764 1930 :
780 1910 841 1930 nam
857 1902 890 1929 de
905 1909 950 1928 re-

156 1953 325 1981 surrectione
340 1952 397 1987 ipsa
418 1952 488 1978 inter
507 1957 536 1978 se
559 1949 785 1985 digladiabantur.
800 1948 866 1983 Quia
880 1947 951 1975 enim

157 2000 214 2028 haec
222 2003 265 2027 est
287 2003 342 2026 tota
355 2005 417 2033 spes
432 2003 524 2026 noswa
535 2018 542 2031 ,
556 1998 580 2024 ei
596 1996 675 2024 valde
691 1996 789 2023 restitit
809 1995 930 2023 diabolus
943 2002 951 2027 ;

156 2051 183 2074 et
197 2044 342 2080 aliquando
352 2044 459 2079 quidem
473 2050 531 2071 eam
549 2042 659 2070 tollebat
673 2041 789 2076 penitus,
805 2040 951 2075 aliquando

157 2097 246 2119 autem
268 2090 374 2118 dicebat
396 2097 455 2117 eam
475 2089 529 2124 jan:
554 2088 644 2116 fuisse.
663 2087 738 2121 Quod
754 2087 835 2114 etiam
855 2085 952 2114 Paulus

155 2138 277 2166 scribens
291 2137 324 2165 ad
338 2136 510 2164 Timotheum
520 2157 528 2169 ,
542 2135 595 2163 hoc
618 2135 716 2163 malum
732 2135 829 2169 dogma
843 2134 950 2161 vocavit

155 2191 326 2219 gangrmuam
337 2204 344 2215 ,
359 2187 386 2210 ct
400 2191 448 2211 cos
460 2183 504 2218 qui
530 2182 618 2217 ipsum
642 2181 805 2208 inducebant
830 2180 949 2212 notavit,

154 2231 248 2257 dicens
260 2239 267 2256 :
284 2228 325 2256 ΕΞ
337 2229 426 2264 quibus
437 2233 474 2256 est
489 2228 644 2264 Hymenaeus
655 2232 678 2254 et
693 2226 821 2260 Philetas,
833 2227 876 2262 qui
883 2227 951 2253 circa

156 2276 286 2302 veritatem
298 2274 458 2307 aberrarunt,
475 2274 585 2301 dicentes
593 2274 650 2308 jam
665 2274 759 2308 factam
773 2280 829 2299 esse
838 2280 952 2299 resurre-

156 2321 264 2347 ctionem
275 2340 282 2352 ,
300 2325 323 2346 et
336 2324 449 2346 etmrtuut
467 2319 611 2355 aliquorum
632 2318 707 2352 ﬁdem
723 2317 769 2352 (2.
782 2316 848 2344 Tim.
861 2316 888 2343 2.
904 2317 948 2344 Π.

158 2365 212 2401 l8).
225 2367 313 2399 Atque
322 2365 466 2400 aliquando
477 2364 585 2399 quidem
600 2363 650 2390 hoe
661 2363 797 2396 dicebant,
808 2362 951 2397 aliquando

156 2416 245 2438 autem
271 2410 343 2445 quod
366 2417 463 2444 corpus
482 2417 535 2436 non
559 2412 691 2443 resurgat,
717 2407 763 2435 sed
787 2407 952 2435 resurrectio

156 2457 189 2483 sit
204 2456 302 2483 animae
319 2456 450 2491 purgatio.
476 2454 538 2482 Haec
552 2459 641 2482 autem
665 2453 755 2480 dicere
775 2453 952 2488 persuadebat

156 2501 303 2528 sceleratus
327 2500 373 2527 ille
389 2500 494 2527 d:cmon
506 2521 512 2532 ,
530 2508 582 2527 non
606 2499 692 2527 solum
714 2503 838 2526 evertere
851 2499 948 2526 volens

157 2549 394 2579 resurrectionem,
411 2547 458 2574 sed
481 2547 560 2574 etiam
574 2554 635 2581 quas
648 2553 696 2580 pro
713 2545 788 2573 nobis
805 2545 872 2573 facta
887 2551 949 2572 sunt

157 2595 256 2625 omnia.
280 2592 424 2621 ostendere
447 2599 507 2620 esse
528 2592 654 2619 fabulam.
677 2591 743 2618 Nam
759 2591 781 2618 si
803 2592 842 2618 eis
858 2591 951 2619 fuisset

156 2646 314 2675 persuasum
329 2646 382 2666 non
398 2646 459 2666 esse
474 2646 617 2673 corporum
630 2638 867 2669 resurrectionem,
884 2645 945 2671 pau-

156 2685 230 2712 latim
254 2684 294 2712 eis
318 2684 496 2718 persuasisset
519 2690 553 2710 ne
576 2682 711 2709 Christqu
732 2681 840 2717 quidem
857 2689 949 2709 resur-

156 2731 277 2763 rexisse;
302 2730 337 2757 ab
352 2729 404 2757 hoc
419 2733 508 2756 autem
531 2728 597 2755 illud
623 2736 728 2763 quoque
743 2727 837 2754 ordine
853 2735 949 2763 proce-

156 2776 223 2804 dens
236 2775 388 2803 induxisset
402 2782 462 2802 eum
475 2782 529 2802 non
542 2773 694 2806 advenisse,
710 2780 796 2808 neque
811 2781 841 2801 ea
855 2774 952 2802 fecisse

156 2829 216 2856 qua:
230 2821 304 2850 fecit.
330 2821 402 2849 Talis
415 2825 457 2849 est
469 2820 541 2849 enim
561 2819 662 2848 diaboli
677 2819 828 2855 malignitas
849 2825 877 2849 et
891 2828 950 2848 ver-

1007 1163 1086 1190 sutia.
1103 1163 1284 1197 Quamobrem
1298 1164 1396 1192 Paulus
1406 1173 1464 1193 eam
1479 1172 1555 1194 vocat
1565 1168 1677 1196 insidias
1692 1169 1801 1205 (Ep/tes.

1009 1208 1035 1235 6.
1053 1209 1099 1244 ll)
1111 1230 1117 1242 ,
1133 1209 1260 1244 quoniam
1272 1218 1325 1237 non
1337 1210 1439 1239 directe
1450 1214 1567 1241 ostendit
1582 1216 1653 1250 quod
1670 1216 1725 1244 vult
1740 1225 1803 1252 pro-

1008 1255 1082 1286 bare,
1099 1262 1131 1281 uc
1147 1255 1382 1290 deprehendatur;
1397 1258 1444 1285 sed
1460 1259 1511 1286 alia
1535 1260 1584 1287 sibi
1600 1261 1723 1296 imposita
1740 1271 1802 1298 pcr-

1007 1308 1083 1332 sona,
1106 1301 1157 1327 alia
1181 1301 1337 1336 fabricatur,
1362 1309 1388 1330 et
1414 1309 1549 1340 tamquam
1579 1307 1690 1336 infestus
1716 1308 1801 1337 hostis

1007 1353 1033 1373 et
1045 1347 1207 1381 versipellis,
1222 1355 1282 1375 ettm
1295 1349 1322 1375 in
1335 1349 1427 1376 urbem
1442 1355 1470 1378 et
1483 1359 1573 1379 muros
1590 1353 1707 1388 irrueril,
1721 1355 1802 1383 etiam

1007 1393 1110 1421 inferne
1126 1395 1337 1429 agitcuniculos,
1349 1401 1376 1423 ut
1389 1404 1420 1424 ea
1436 1398 1540 1426 ratione
1551 1407 1603 1426 non
1620 1399 1699 1428 facile
1714 1402 1802 1436 possit

1006 1440 1105 1473 caveri,
1133 1445 1160 1467 et
1181 1445 1254 1469 recte
1275 1442 1300 1469 ei
1323 1442 1450 1470 succedat
1475 1443 1498 1471 id
1523 1445 1594 1480 quod
1616 1450 1657 1473 est
1680 1447 1799 1475 molitus.

1006 1485 1185 1519 Quamobrem
1208 1487 1274 1513 tales
1298 1487 1355 1522 ejus
1379 1488 1490 1523 laqueos
1513 1498 1621 1526 semper
1645 1492 1800 1526 inveniens,

1006 1536 1032 1557 et
1047 1532 1192 1559 sceleratas
1217 1531 1265 1560 has
1282 1533 1393 1560 insidias
1409 1542 1510 1562 vcnans
1526 1535 1569 1563 hic
1583 1537 1623 1563 vir
1635 1538 1801 1567 admirabilis

1006 1580 1034 1603 et
1049 1584 1111 1604 vere
1126 1585 1248 1613 magnus,
1265 1578 1373 1606 diccbat
1390 1589 1396 1607 :
1416 1579 1476 1607 Non
1490 1582 1556 1608 enim
1568 1583 1714 1617 ignoratum
1728 1587 1798 1620 cogi-

1005 1623 1111 1650 taliones
1124 1624 1179 1658 ejus
1191 1623 1229 1659 (2.
1246 1623 1305 1652 Cor.
1320 1624 1347 1651 2.
1364 1625 1419 1660 ll).
1435 1626 1541 1654 Etenim
1560 1627 1602 1655 hic
1615 1633 1697 1656 totttm
1712 1631 1798 1664 aperit

1005 1668 1063 1703 ejus
1083 1668 1186 1703 dolum,
1209 1674 1237 1697 et
1257 1677 1353 1698 omnes
1375 1671 1492 1699 ostendit
1525 1674 1758 1711 machinationes,
1773 1682 1801 1705 et

1005 1723 1180 1752 qmeeumque
1201 1716 1259 1744 vult
1272 1725 1403 1752 apparare
1419 1719 1541 1754 producit
1557 1721 1582 1747 in
1606 1721 1740 1757 medium,
1756 1732 1801 1751 ac-

1005 1763 1173 1790 curatissime
1188 1763 1276 1790 omnia
1293 1771 1469 1799 persequens.
1493 1766 1637 1801 Propterea
1654 1769 1724 1796 enim
1747 1769 1800 1798 hoc

1005 1813 1086 1844 caput
1099 1810 1174 1844 ponit
1188 1815 1248 1844 post
1263 1810 1314 1836 alia
1330 1830 1336 1842 ,
1352 1811 1478 1845 quoniam
1494 1816 1552 1839 erat
1575 1815 1691 1842 maxime
1707 1823 1800 1844 neces-

1006 1855 1116 1888 sarium,
1132 1861 1160 1882 et
1174 1855 1244 1890 quod
1259 1855 1348 1882 omnia
1362 1861 1452 1883 nostra
1468 1857 1612 1885 contineat.
1630 1859 1696 1888 Vide
1710 1867 1798 1889 autem

1006 1900 1062 1935 ejus
1084 1901 1261 1935 prudentiam.
1279 1900 1343 1928 Nunt
1360 1909 1420 1928 ettm
1435 1909 1498 1929 suos
1520 1904 1593 1937 pritts
1609 1906 1750 1934 muniisset
1773 1912 1800 1935 el.

1006 1946 1032 1973 in
1047 1951 1103 1973 tuto
1123 1947 1282 1974 collocassct
1295 1968 1302 1980 ,
1321 1952 1383 1974 tunc
1399 1948 1512 1975 ulterius
1527 1950 1675 1983 procedens
1687 1972 1694 1983 ,
1711 1957 1800 1979 exter-

1005 1999 1055 2019 nos
1068 2001 1173 2028 quoque
1190 1993 1309 2026 invadit,
1327 1999 1354 2021 et
1368 1994 1434 2029 ipsis
1450 1995 1615 2023 validissime
1630 2004 1660 2024 os
1674 1998 1798 2026 obstruit.

1005 2038 1074 2066 Suos
1086 2044 1176 2066 autem
1193 2039 1279 2066 tnunit
1294 2044 1320 2066 et
1336 2040 1362 2066 in
1378 2044 1434 2067 tuto
1445 2041 1578 2074 collocat,
1594 2050 1646 2069 non
1662 2051 1693 2071 ex
1714 2045 1799 2072 ratio~

1005 2085 1092 2117 nibus,
1107 2084 1152 2112 sed
1169 2093 1200 2112 cx
1217 2085 1248 2112 iis
1261 2093 1319 2120 qua:
1331 2085 1386 2120 jam
1402 2085 1469 2113 facta
1485 2091 1563 2119 sunt,
1579 2092 1605 2115 et
1617 2097 1676 2123 qua:
1690 2089 1738 2125 ipsi
1753 2091 1800 2118 ad-

1006 2130 1147 2163 miserunt,
1164 2135 1191 2157 et
1215 2130 1282 2157 facta
1303 2131 1476 2158 crediderunt
1492 2141 1499 2159 ε
1514 2133 1585 2167 qttod
1598 2134 1705 2168 quidem
1723 2136 1799 2164 valde

1004 2181 1062 2203 crat
1082 2182 1173 2212 aptum
1189 2176 1221 2203 ad
1238 2176 1367 2211 pudorem
1391 2177 1572 2206 incutiendum
1587 2200 1594 2212 ,
1609 2185 1636 2206 et
1649 2180 1800 2209 sufﬁciebat

1003 2222 1038 2249 ad
1050 2230 1097 2249 eos
1118 2222 1306 2251 continendos.
1329 2222 1395 2250 Nam
1416 2222 1438 2249 si
1464 2228 1555 2258 postea
1572 2224 1724 2260 noluissent,
1738 2233 1798 2254 crc-

1006 2267 1080 2300 dere,
1098 2276 1150 2295 non
1166 2268 1257 2303 utique
1276 2267 1332 2303 jam
1345 2268 1428 2296 Paulo
1440 2289 1447 2302 ,
1465 2269 1512 2296 sed
1526 2270 1575 2297 sibi
1592 2271 1641 2306 ipsi
1656 2279 1709 2299 non
1721 2277 1799 2300 erant

1004 2313 1131 2341 credituri
1148 2314 1239 2349 :qttod
1260 2314 1367 2349 quidem
1384 2315 1485 2342 crimen
1509 2316 1602 2344 fuisset
1625 2318 1732 2346 illorum
1751 2320 1798 2353 qtti

1005 2361 1086 2388 semel
1095 2361 1270 2394 admiserant,
1282 2366 1309 2389 et
1317 2361 1371 2396 jam
1384 2363 1551 2390 transmutati
1563 2369 1664 2392 essent.
1675 2365 1800 2401 Propter-

1005 2415 1037 2434 ea
1056 2407 1118 2435 hinc
1134 2407 1225 2443 incipit
1239 2429 1247 2441 ,
1260 2408 1406 2436 ostendens
1418 2416 1449 2436 se
1462 2417 1514 2436 non
1529 2417 1597 2445 opus
1621 2410 1721 2439 habere
1739 2412 1799 2440 aliis

1007 2453 1136 2486 testibus,
1154 2453 1186 2480 ad
1202 2453 1367 2488 probandutn
1382 2461 1413 2481 se
1426 2461 1487 2482 vera
1503 2455 1594 2482 dicere
1606 2476 1615 2488 ,
1627 2455 1674 2483 sed
1690 2457 1721 2483 iis
1735 2457 1799 2492 ipsis

1006 2499 1051 2533 qtti
1066 2504 1127 2526 sunt
1142 2499 1258 2534 decepti.
1275 2499 1414 2527 Utautem
1437 2500 1508 2535 qttod
1523 2501 1585 2528 dico
1605 2501 1640 2529 sit
1664 2503 1798 2537 apertius.

1008 2545 1041 2572 de
1056 2549 1155 2572 cmtcro
1176 2552 1288 2572 necesse
1304 2550 1344 2573 est
1368 2545 1424 2580 ipsa
1440 2545 1533 2573 audire
1557 2547 1649 2574 verba.
1671 2548 1798 2582 Qnmnam

1003 2598 1066 2625 ergo
1080 2598 1110 2617 ea
1127 2591 1208 2618 sunt?
1223 2590 1322 2618 Notum
1336 2591 1404 2618 vobis
1419 2592 1505 2626 facio,
1519 2594 1622 2627 fratres,
1638 2594 1796 2629 evangelium

1002 2637 1070 2671 quod
1085 2637 1222 2671 pradicant
1245 2637 1323 2664 vobis.
1341 2637 1466 2664 Vidistiu’
1485 2645 1545 2665 cum
1569 2643 1669 2673 quanta
1690 2640 1798 2675 incipiat

1003 2681 1131 2709 lenitate?
1156 2682 1272 2709 vidistiu‘
1296 2682 1431 2717 quomodo
1453 2683 1577 2711 ostendat
1600 2684 1633 2712 ab
1658 2685 1743 2718 initio,
1768 2693 1798 2713 se

1008 2728 1074 2755 nihil
1091 2735 1188 2755 novum
1208 2723 1256 2756 nec
1278 2730 1448 2764 peregrinum
1465 2730 1654 2758 introducere?
1674 2730 1738 2758 Nam
1753 2732 1796 2766 qui

1003 2778 1096 2801 notum
1121 2773 1183 2801 facit
1207 2773 1233 2801 id
1258 2775 1329 2808 quod
1350 2775 1405 2809 jam
1421 2781 1513 2802 notum
1537 2775 1623 2802 fuerat
1645 2781 1672 2803 et
1687 2777 1754 2810 quod
1770 2778 1796 2804 in

1003 2819 1166 2848 oblivionem
1181 2824 1300 2855 venerat,
1316 2828 1410 2849 rursus
1425 2820 1451 2849 id
1466 2821 1493 2848 in
1507 2822 1664 2849 memoriam
1681 2821 1794 2848 reducit.
