1986 3128
248 113 299 142 3'25

247 172 313 199 Cum
327 175 417 199 autem
432 169 537 197 vocavit
550 167 657 200 fratres,
672 167 734 194 hinc
747 173 854 202 quoque
863 173 915 193 non
928 174 1037 201 parvam

247 217 378 252 przemisit
391 214 648 243 demonstrationem
660 219 754 240 eorum
767 219 826 247 quae
837 211 971 239 dicuntur.
984 211 1042 239 Non

247 263 355 291 aliunde
369 262 441 290 enim
458 260 520 288 facti
536 266 628 287 sumus
653 259 749 286 fratres
760 278 767 290 ,
792 264 874 293 quam
888 265 924 285 ex
941 255 1042 285 Christi

246 308 394 338 secundum
410 314 518 335 carnem
541 305 753 341 dispensatione.
779 304 925 338 Propterea
941 310 988 331 eos
1003 304 1042 332 sic

247 357 351 383 vocavit
363 376 370 388 ,
385 354 465 382 simul
489 353 597 388 quidem
613 359 661 379 eos
679 351 783 379 leniens
797 358 829 378 ac
855 350 979 385 mitigans
991 371 998 384 ,
1013 355 1042 378 et

246 402 315 429 bona
332 399 536 428 innumerabilia
561 398 627 433 ipsis
640 398 666 424 in
682 396 839 424 memoriam
854 403 994 424 revocans.
1009 396 1042 423 Et

245 447 315 483 quod
328 447 455 480 deinceps
470 445 604 480 sequitur,
618 444 670 471 hoc
684 444 771 479 ipsum
792 443 943 470 conﬁrmat.
960 442 1042 476 Quid-

244 502 306 522 nam
327 493 378 520 hoc
397 492 460 520 est?
474 491 659 527 Evangelium.
684 490 823 524 Evangelii
837 490 911 517 enim
934 497 1039 517 summa

244 539 309 567 hinc
321 539 420 574 accipit
442 538 548 565 initium
561 558 568 570 ,
590 537 662 572 quod
674 536 747 564 Deus
761 535 847 563 factus
861 536 896 563 sit
909 536 999 568 homo,
1014 539 1040 563 et

245 586 318 613 cruci
335 585 431 623 afﬁxus
448 584 545 616 fuerit,
561 586 589 610 et
603 582 795 610 resurrexcrit.
813 581 869 609 Hoc
883 586 911 609 et
931 581 1038 609 Gabriel

243 631 413 659 annuntiavit
426 630 544 665 Virgini;
558 629 609 656 hoc
622 633 650 656 et
664 628 803 663 propheta:
819 628 866 655 toti
879 628 936 655 orbi
955 632 1041 655 terra-

243 686 302 706 rum
317 686 325 711 ;
341 677 392 706 hoc
407 677 488 704 etiam
503 682 598 703 omnes
619 675 743 710 apostoli.
767 674 844 708 Quod
857 679 881 701 et
903 673 1040 707 pra-dicari

242 725 321 757 vobis,
337 723 405 758 quod
418 728 440 750 et
454 722 596 757 accepistis,
612 721 638 749 in
660 729 710 756 quo
723 725 748 748 et
762 721 849 754 statis,
863 720 891 747 ‘2.
915 727 960 755 per
972 719 1039 755 quod

241 776 265 798 et
279 770 426 802 salvamini,
440 777 490 805 qua
503 769 603 795 ratione
618 767 812 803 pradicaverim
833 767 914 800 vobis,
929 767 951 794 si
971 771 1038 794 tene-

242 817 284 849 tis,
301 817 350 844 nisi
365 817 461 850 frustra
475 815 628 842 credidistis.
648 813 770 841 Vidistin‘
784 812 920 848 quomodo
932 819 979 840 cos
991 820 1039 839 vo-

241 868 285 890 cat
307 867 390 890 testes
411 868 504 890 eorum
521 869 581 896 qua:
603 860 673 888 dicta
690 859 771 887 sunt?
794 859 851 886 Non
870 859 934 886 dicit
950 868 955 885 :
972 859 1037 893 Qum

241 910 391 942 audivistis,
414 908 474 940 sed,
490 908 555 942 Quae
571 907 713 943 accepistis,
731 906 765 934 ab
779 906 818 933 eis
838 906 947 941 exigens
966 909 1036 932 tam-

241 963 319 992 quam
343 955 451 990 aliquod
465 954 618 989 depositum
631 973 638 986 ,
655 958 683 980 et
706 952 859 987 signiﬁcans
873 972 880 984 ,
896 951 966 986 quod
983 958 1036 978 non

240 1003 326 1030 solum
341 1009 477 1034 sermone,
492 1001 538 1028 sed
551 1006 578 1027 et
594 999 671 1027 factis
686 1003 713 1026 et
727 999 811 1034 signis
823 1002 850 1025 et
862 997 997 1025 miraculis
1011 997 1037 1025 id

240 1050 403 1085 acceperint,
419 1052 447 1076 et
459 1053 488 1076 ut
502 1053 533 1075 ea
549 1051 607 1075 tuto
624 1049 743 1074 teneant.

274 1096 302 1123 2.
320 1095 421 1123 Deinde
435 1097 576 1129 postquam
590 1091 657 1120 dixit
681 1095 772 1118 vetera
787 1111 794 1123 ,
811 1095 917 1125 tempus
931 1096 1037 1125 quoque

241 1149 361 1178 praesens
373 1138 521 1169 declaravit
533 1138 627 1167 dicens
642 1147 648 1165 :
663 1137 697 1164 In
705 1145 754 1173 quo
770 1141 793 1163 et
805 1136 894 1168 statis;
906 1143 953 1163 eos
967 1143 1034 1170 pra:-

241 1195 389 1222 occupans,
407 1189 436 1214 ut
449 1193 483 1213 ne
497 1184 603 1213 etiamsi
618 1184 733 1211 maxime
745 1183 854 1215 vellent,
867 1182 972 1218 possint
985 1189 1035 1209 ne-

238 1241 312 1270 gare.
330 1233 363 1260 Et
388 1232 449 1260 ideo
470 1229 602 1266 incipiens
626 1238 679 1256 non
693 1228 770 1259 dixit,
794 1227 846 1255 Vos
859 1227 960 1260 doceo,
976 1227 1034 1260 sed,

239 1279 337 1307 Notum
350 1278 418 1306 vobis
433 1276 500 1314 facio
513 1297 520 1309 ,
534 1276 560 1303 id
573 1275 643 1310 quod
656 1275 711 1308 jam
728 1273 826 1301 factum
845 1278 896 1300 est.
917 1272 952 1300 Et
967 1280 1035 1308 quo-

238 1326 319 1354 modo
333 1332 380 1353 eos
396 1324 440 1359 qui
454 1323 618 1350 vacillabant
632 1321 697 1349 dicit
712 1321 805 1348 stare?
821 1319 928 1348 Utiliter
938 1327 993 1354 prae
1005 1328 1035 1347 se

238 1371 290 1401 fert
304 1370 500 1407 ignorationem
514 1377 521 1396 :
538 1368 609 1405 quod
633 1367 741 1403 quidem
761 1366 824 1394 facit
838 1367 920 1394 etiam
933 1365 967 1393 ad
982 1365 1035 1393 Ga-

237 1418 315 1450 latas,
330 1417 378 1444 sed
388 1424 441 1444 non
452 1415 586 1444 similiter.
601 1413 668 1442 Nam
682 1412 808 1449 quoniam
823 1412 878 1440 illic
892 1419 944 1439 non
957 1417 1034 1447 pote-

238 1469 279 1491 rat
295 1462 470 1498 ignorantiam
479 1468 533 1496 pra!
545 1467 574 1487 se
588 1460 673 1492 ferre,
688 1459 738 1485 alia
751 1458 854 1485 ratione
867 1463 962 1485 tractat
974 1465 1035 1484 ora-

238 1510 348 1541 tionem,
357 1508 450 1536 dicens
461 1516 467 1534 :
477 1505 584 1540 Conﬁdo
592 1510 676 1532 autem
686 1505 713 1531 in
723 1504 792 1531 vobis
802 1504 829 1530 in
839 1503 958 1536 Domina,
967 1503 1034 1537 quod

237 1555 302 1582 nihil
325 1554 397 1580 aliud
420 1552 531 1580 sentietis
547 1552 557 1587 (
571 1550 630 1577 Cal.
644 1551 671 1578 5.
694 1549 764 1585 10).
780 1548 837 1576 Νοη
857 1549 943 1576 dixit:
957 1549 1033 1583 Quod

238 1601 304 1630 nihil
328 1600 400 1628 aliud
422 1598 566 1631 sensistis;
589 1597 716 1632 quoniam
741 1603 835 1624 eorum
855 1595 984 1623 delictum
1007 1596 1033 1623 in

237 1647 361 1676 confesso
384 1650 442 1673 erat
464 1649 491 1672 et
512 1643 633 1675 evidens,
657 1642 705 1670 sed
726 1642 841 1678 spondet
862 1642 895 1669 de
919 1642 1031 1669 futuro:

237 1700 398 1730 quamquam
419 1691 471 1719 hoc
483 1697 590 1725 quoque
612 1693 670 1717 erat
692 1688 845 1721 incertum;
860 1688 907 1716 sed
933 1694 961 1715 ut
975 1688 1033 1716 illos

238 1740 322 1777 magis
345 1739 502 1767 attraherct.
519 1737 568 1765 llic
588 1741 677 1764 autem
704 1736 784 1763 etiam
800 1743 856 1770 pra:
879 1742 909 1763 se
932 1734 982 1762 fert
1004 1742 1034 1763 se

239 1788 364 1822 ignorare
379 1785 471 1812 dicens
489 1793 495 1812 :
508 1783 542 1810 In
555 1791 604 1818 quo
619 1788 641 1810 et
656 1782 739 1810 statis.
757 1781 859 1809 Deinde
873 1781 976 1809 lucrum
991 1789 1033 1808 se-

237 1835 337 1871 quitur,
356 1832 406 1860 Per
420 1831 489 1866 quod
503 1835 527 1858 et
537 1829 671 1857 salvamiui
683 1837 692 1856 :
703 1837 754 1864 qua
764 1829 862 1855 ratione
875 1828 1032 1863 praedicave-

237 1882 286 1908 rim
299 1879 378 1907 vobis.
402 1876 583 1911 Quamobrem
600 1875 659 1902 haec
672 1874 794 1902 doctrina
808 1874 885 1901 vobis
907 1881 979 1901 nunc
991 1877 1033 1900 cst

236 1924 427 1955 declarationis
440 1927 467 1951 et
482 1921 724 1957 interpretationis.
739 1920 797 1948 Non
812 1921 884 1948 enim
899 1927 976 1955 opus,
992 1920 1033 1946 in-

236 1974 303 2009 quit,
319 1971 423 1999 habetis
438 1973 468 1997 ut
482 1969 535 1996 hoc
547 1968 645 2003 dogma
666 1966 787 1999 discalis,
801 1966 848 1994 sed
863 1971 891 1993 ut
905 1966 1032 1994 ηοω-«ιο-

237 2019 302 2047 mini
327 2023 354 2046 et
373 2015 556 2051 corrigamini.
578 2013 643 2041 Hmc
660 2018 749 2040 autem
767 2011 843 2045 dicit,
866 2020 919 2039 non
941 2012 1032 2039 sinens

236 2068 309 2102 ipsos
324 2072 385 2093 esse
400 2062 579 2098 impudentes.
591 2059 659 2094 Quid
672 2059 723 2086 sibi
733 2059 791 2086 vult
804 2064 905 2091 autem,
922 2058 980 2092 Qua
994 2067 1032 2084 ra-

235 2114 304 2140 tione
327 2109 519 2146 prmdicaverim
546 2106 634 2134 vobis?
653 2105 712 2138 Quo
736 2104 828 2136 modo,
852 2104 953 2139 inquit,
978 2104 1032 2131 dixi

236 2158 295 2187 lieri
307 2153 547 2185 resurrectionem.
563 2150 630 2178 Nam
646 2149 719 2185 quod
733 2150 768 2177 sit
780 2149 888 2185 quidem
910 2157 1032 2177 resurre-

235 2206 302 2238 ctio,
313 2211 368 2231 non
383 2200 498 2229 dixerim
513 2205 561 2225 vos
574 2197 698 2224 dubitare
713 2205 720 2223 :
736 2196 855 2231 qureritis
870 2200 960 2223 autem
976 2196 1032 2223 for-

237 2257 309 2280 tasse
321 2247 440 2284 apertius
453 2245 524 2273 scire
537 2243 609 2279 quod
629 2242 730 2270 dictum
745 2246 796 2270 est.
819 2241 876 2269 lloc
895 2242 976 2269 etiam
993 2241 1031 2269 fa-

235 2298 306 2326 ciam
321 2303 329 2323 :
352 2296 445 2329 aperte
464 2291 536 2319 enim
559 2289 616 2317 scio
631 2296 679 2317 vos
693 2287 790 2324 dogma
811 2292 913 2316 tenere.
931 2287 1032 2317 Deinde

237 2341 364 2378 quoniam
388 2336 531 2366 enuntians
556 2335 673 2367 dicebat,
699 2333 732 2361 In
751 2341 801 2369 quo
829 2333 919 2366 statis,-
941 2341 975 2361 ne
1000 2341 1031 2361 ea

235 2387 338 2415 ratione
359 2391 407 2412 eos
428 2381 553 2410 redderet
572 2379 742 2407 socordiores
763 2383 790 2406 et
805 2379 1027 2414 negligentiorcs,

236 2434 297 2461 illos
311 2438 406 2459 rursus
418 2432 502 2456 terret
518 2427 623 2460 dicens,
639 2425 670 2453 Si
684 2425 783 2457 tenetis,
799 2426 848 2452 nisi
868 2427 963 2462 [rustra
977 2434 1031 2453 cre-

237 2478 353 2511 didistis;
367 2475 514 2504 ostendens
525 2474 596 2509 quod
611 2473 638 2500 in
653 2473 739 2508 capite
753 2473 812 2500 fidei
828 2477 936 2507 accepta
950 2471 1031 2499 fuerit

239 2525 315 2560 plaga
329 2543 337 2556 ,
353 2530 439 2558 neque
454 2525 549 2556 agatur
569 2519 603 2546 de
619 2518 782 2554 quibuslibet
805 2517 892 2545 obviis
905 2538 912 2552 ,
936 2518 983 2544 sed
997 2517 1030 2545 de

235 2575 290 2598 tota
311 2574 391 2603 atquc
416 2568 515 2601 integra
532 2564 594 2592 ﬁde.
620 2564 654 2590 Et
676 2571 746 2590 nunc
766 2563 874 2598 quidem
896 2562 948 2590 hoc
967 2562 1031 2590 dicit

236 2617 373 2654 pressius;
399 2614 548 2650 procedens
567 2616 658 2639 autent
673 2616 700 2638 et
713 2618 773 2639 cum
789 2610 898 2638 incaluit
913 2631 920 2643 ,
936 2615 1030 2645 aperto

236 2664 364 2697 deinceps
378 2660 465 2695 capite
479 2658 641 2686 vociferatur
654 2662 681 2685 et
695 2656 759 2684 dicit
776 2665 782 2682 :
801 2656 832 2684 Si
847 2655 963 2683 Christus
979 2664 1029 2682 non

236 2709 384 2740 resurrexit.
406 2707 489 2734 inanis
511 2711 546 2733 est
560 2705 646 2740 utique
665 2704 814 2740 prwdicatio
829 2708 931 2737 nostra,
947 2703 1030 2730 inanis

234 2763 272 2786 est
285 2757 360 2784 etiam
371 2755 434 2790 ﬁdes
450 2758 532 2780 t'estra
545 2773 551 2786 ,
567 2752 656 2780 adhuc
667 2750 732 2779 estis
747 2751 774 2778 in
786 2750 903 2785 peccatis
920 2750 1027 2777 vestris.

235 2803 289 2832 Sed
302 2810 355 2830 non
370 2802 409 2828 sic
423 2800 450 2827 in
473 2799 609 2834 prommlis
623 2806 629 2825 :
645 2799 683 2826 sic
697 2797 769 2825 enim
792 2795 951 2831 expediebat
964 2803 1027 2823 scn-

235 2849 286 2876 sim
305 2853 333 2876 et
354 2846 480 2883 paulatim
498 2845 629 2881 progredi.
653 2845 680 2872 5.
701 2843 809 2870 Tradidi
830 2843 896 2869 enim
919 2842 986 2869 vobis
1001 2842 1026 2868 iu

599 109 626 138 S.
645 107 784 137 JOANNIS
802 106 1036 137 CllRYSOSTOMI
1056 109 1214 139 AllCHlEP.
1234 111 1502 143 CONSTANTINUP.
1836 122 1863 151 52

1097 168 1186 203 primis
1199 170 1266 204 quod
1288 176 1310 198 et
1325 173 1421 207 accepi.
1437 173 1492 200 Nec
1509 173 1551 201 hic
1562 173 1629 202 dixit
1645 184 1651 202 :
1665 175 1747 203 Vobis
1762 177 1824 210 dixi,
1838 187 1879 207 ue-

1095 223 1156 250 que,
1182 216 1234 244 Vos
1259 217 1347 251 docui,
1373 219 1420 246 sed
1445 220 1568 248 eamdem
1590 228 1686 250 rursus
1710 230 1773 250 usus
1792 225 1878 252 estdi-

1095 261 1184 289 ctione
1201 269 1208 289 :
1224 262 1332 290 Tradidi
1347 265 1415 291 vobis
1425 266 1493 300 quod
1508 270 1532 293 et
1547 268 1644 302 accepi.
1660 268 1753 304 Neque
1773 269 1815 296 hic
1824 270 1878 299 dicit

1095 313 1124 334 se
1137 307 1261 335 edoctum
1281 308 1364 337 fuiSSe
1376 331 1383 343 ,
1399 311 1446 337 sed
1461 331 1468 343 ,
1484 311 1596 346 Accepi;
1615 312 1672 341 haec
1684 313 1739 341 duo
1761 315 1876 349 probans,

1094 352 1165 387 quod
1189 358 1217 381 et
1239 354 1305 381 nihil
1329 363 1362 382 ex
1383 363 1413 383 se
1435 356 1532 384 ail‘erre
1550 363 1685 392 oporteat,
1708 364 1735 387 et
1757 360 1878 396 quodper

1094 403 1205 434 operum
1229 401 1486 429 demonstrationem
1507 403 1570 431 facti
1591 404 1645 431 sint
1666 406 1815 438 certiores,
1830 415 1876 434 non

1093 444 1173 472 nudis
1201 445 1291 473 verbis
1307 456 1313 473 :
1330 451 1357 474 et
1373 448 1499 483 paulatim
1516 449 1567 477 tide
1586 449 1694 485 dignam
1716 450 1815 479 iaciens
1825 460 1874 481 ora-

1094 490 1205 522 tionem.
1215 492 1371 520 universum
1387 493 1490 522 reducit
1504 494 1536 521 ad
1552 494 1688 523 Christum
1702 517 1709 525 .
1724 501 1752 523 et
1766 499 1876 525 ostendit

1092 543 1124 564 ex
1142 536 1184 564 his
1198 536 1365 566 documentis
1387 540 1487 567 nullum
1501 548 1561 568 esse
1576 542 1734 569 humanum.
1762 544 1828 576 Quid
1842 549 1877 572 est

1092 588 1192 617 autem,
1207 584 1315 612 Tradidi
1328 586 1394 613 enim
1408 587 1476 614 vobis
1489 587 1516 614 in
1532 588 1641 622 primis?
1652 589 1707 616 iloc
1723 595 1774 620 est,
1788 591 1820 617 ab
1834 591 1878 618 iui-

1093 629 1141 660 tio,
1163 637 1217 657 non
1233 638 1314 658 nunc.
1339 631 1402 659 limc
1424 637 1513 660 autem
1527 633 1613 667 dicit,
1630 639 1737 670 tempus
1752 636 1877 664 adducens

1092 675 1118 702 in
1134 676 1317 704 testimonium
1331 698 1338 710 ,
1354 682 1381 705 et
1391 678 1462 713 quod
1478 679 1594 706 maxime
1617 685 1690 707 esset
1713 681 1876 715 pudendum,

1092 727 1153 748 cum
1167 726 1270 749 tantum
1287 727 1392 758 tempus
1415 724 1611 758 credidissent,
1628 725 1689 754 illos
1703 729 1876 756 transmutari.

1089 767 1144 796 Nec
1158 768 1208 796 hoc
1223 769 1321 802 solum,
1339 770 1386 798 sed
1401 771 1482 798 etiam
1496 771 1591 806 dogma
1606 779 1666 800 esse
1682 776 1876 807 necessarium;

1089 818 1117 840 et
1140 813 1201 842 ideo
1220 815 1246 842 in
1269 816 1362 850 primis
1385 816 1433 844 fuit
1452 817 1591 850 traditum,
1616 823 1644 845 et
1659 819 1750 846 statim
1769 827 1783 846 a
1810 821 1875 855 prin-

1089 859 1169 894 cipio.
1185 860 1218 887 Et
1239 860 1302 895 quid
1316 883 1324 892 .
1339 860 1383 889 die
1397 861 1508 889 obsecro
1519 884 1526 894 ,
1543 862 1697 890 tradidisti?
1712 866 1746 891 At
1764 873 1816 891 non
1832 866 1877 893 hoc

1089 905 1178 932 statim
1192 906 1266 940 dicit,
1278 906 1324 934 sed
1339 908 1464 942 primum,
1477 916 1507 936 se
1520 910 1666 944 accepisse.
1682 910 1715 937 Et
1730 911 1793 946 quid
1806 919 1877 938 acce-

1089 951 1169 986 pisti?
1185 952 1259 985 Quod
1273 953 1388 981 Christus
1406 959 1521 982 mortuus
1535 959 1570 982 est
1583 963 1630 990 pro
1649 957 1758 991 percutis
1781 958 1875 984 nostris.

1088 996 1146 1024 Non
1160 998 1250 1025 statim
1272 999 1339 1026 dixit
1352 1019 1359 1032 ,
1376 999 1548 1027 Rcsurrcc'tio
1563 1005 1605 1028 est
1617 997 1761 1036 corporum
1778 1010 1878 1030 nostro-

1088 1052 1160 1076 rum,
1174 1045 1220 1072 sed
1237 1045 1288 1073 hoc
1301 1046 1388 1080 ipsum
1412 1047 1521 1081 quidem
1537 1047 1642 1082 probat,
1657 1056 1749 1075 verum
1762 1057 1793 1076 re
1808 1050 1878 1084 longe

1091 1089 1183 1123 petita,
1200 1093 1227 1116 et
1240 1097 1289 1124 per
1301 1091 1364 1124 alia,
1383 1090 1487 1123 dicens,
1505 1092 1620 1120 Christus
1632 1098 1668 1120 est
1686 1099 1880 1126 mortuusmia-

1087 1143 1180 1170 gnum,
1195 1136 1300 1163 tinuum
1316 1145 1347 1164 ac.
1362 1137 1458 1166 stabile
1473 1138 1674 1167 fundamentum
1690 1141 1763 1175 prius
1783 1142 1879 1176 jaciens

1087 1181 1146 1216 ejus
1167 1182 1238 1217 quod
1262 1187 1303 1210 est
1325 1183 1466 1211 dicendum
1490 1184 1524 1212 de
1548 1186 1755 1214 resurrectione.
1787 1186 1876 1222 Neque

1087 1229 1158 1255 enim
1173 1229 1342 1256 solummodo
1353 1229 1421 1257 dixit
1433 1239 1440 1258 :
1451 1230 1573 1258 Christus
1589 1236 1630 1258 est
1641 1237 1774 1264 mortuus,
1788 1233 1879 1260 etiam-

1087 1274 1108 1301 si
1124 1274 1175 1301 hoc
1189 1275 1253 1302 satis
1269 1280 1341 1303 esset
1353 1276 1387 1303 ad
1410 1277 1613 1312 signiﬁcandam
1635 1279 1877 1312 resurrectionem,

1087 1320 1134 1347 sed
1148 1328 1209 1348 cum
1223 1321 1376 1355 adjectione
1388 1343 1395 1355 ,
1411 1322 1527 1350 Christus
1535 1329 1572 1351 est
1585 1329 1699 1352 mortuus
1713 1333 1760 1360 pro
1773 1326 1879 1361 percotis

1086 1366 1189 1393 nostris.

1122 1413 1218 1440 Contra
1235 1412 1402 1441 Manio/mos.
1415 1429 1450 1435 --
1465 1415 1585 1443 Primum
1604 1421 1694 1444 autem
1716 1424 1808 1452 operm
1822 1425 1879 1452 pre-

1086 1460 1151 1487 tium
1167 1465 1208 1488 est
1234 1460 1328 1488 audire
1347 1461 1412 1496 quid
1426 1461 1470 1489 hic
1482 1461 1573 1489 dicant
1586 1463 1630 1497 qui
1647 1463 1772 1490 laborant
1787 1463 1879 1490 hmresi

1085 1505 1313 1540 Manichaeorum,
1333 1510 1360 1534 et
1373 1507 1497 1534 \‘eritalis
1508 1507 1608 1536 inimici
1621 1528 1629 1541 ,
1646 1513 1672 1536 et
1688 1508 1733 1543 qui
1753 1516 1816 1536 cum
1831 1516 1877 1536 sua

1086 1557 1204 1588 pugnant
1223 1553 1319 1581 salute.
1334 1553 1404 1587 Quid
1417 1561 1482 1588 ergo
1495 1554 1588 1582 dicunt
1603 1555 1670 1582 isti?
1683 1555 1798 1583 Mortem
1812 1577 1820 1589 ,
1834 1555 1875 1582 in-

1085 1600 1180 1634 quiunt
1192 1620 1199 1633 ,
1213 1599 1257 1627 hic
1270 1599 1336 1627 nihil
1351 1599 1425 1627 aliud
1443 1600 1508 1627 dicit
1520 1601 1618 1629 Paulus
1630 1622 1637 1633 .
1653 1609 1732 1636 quam
1747 1602 1832 1630 fuisse
1854 1602 1878 1629 in

1086 1646 1214 1680 peccatis,
1229 1649 1257 1673 et
1270 1646 1496 1673 resurrectionem
1508 1653 1568 1674 esse
1583 1646 1773 1675 liberationem
1789 1656 1803 1675 a
1819 1655 1872 1684 pec-

1085 1691 1162 1718 catis.
1178 1690 1301 1718 Vidistin'
1315 1691 1450 1726 quomodo
1465 1698 1559 1720 errore
1579 1692 1645 1720 nihil
1658 1693 1693 1720 sit
1709 1693 1878 1726 imbecillius,

1084 1741 1112 1764 et
1128 1737 1264 1772 quomodo
1279 1737 1335 1764 suis
1350 1737 1471 1772 capiatur
1483 1739 1589 1773 pennis,
1605 1747 1692 1774 neque
1705 1745 1818 1768 externa
1834 1748 1882 1775 pu-

1084 1791 1135 1819 gna
1156 1791 1223 1819 opus
1246 1784 1292 1818 sit,
1318 1784 1364 1812 sed
1392 1792 1406 1811 a
1431 1786 1520 1820 seipso
1543 1786 1716 1821 conﬁgatur?
1734 1787 1878 1814 Considera

1084 1837 1148 1864 ergo
1166 1829 1302 1865 quomodo
1324 1830 1374 1865 ipsi
1398 1831 1501 1865 seipsos
1521 1833 1690 1859 confixerunt
1714 1840 1765 1867 per
1779 1841 1810 1860 ea
1824 1839 1879 1867 qum

1084 1875 1222 1903 dixerunt.
1234 1875 1262 1902 Si
1279 1875 1329 1903 hoc
1340 1876 1414 1904 enim
1428 1882 1468 1904 est
1481 1884 1564 1911 mors,
1577 1878 1698 1906 Christus
1712 1883 1804 1906 autem
1819 1885 1878 1905 cur-

1084 1929 1134 1956 pus
1146 1928 1200 1948 non
1213 1921 1325 1956 accepit,
1343 1926 1371 1949 ut
1391 1929 1439 1950 vos
1458 1923 1538 1950 vultis
1552 1943 1560 1956 ,
1574 1928 1696 1950 mortuus
1711 1929 1754 1951 est
1770 1928 1856 1951 autem
1871 1931 1878 1949 :

1085 1967 1110 1994 in
1130 1972 1240 2002 peccato
1263 1967 1334 2000 fuit,
1357 1968 1504 1995 secundum
1526 1976 1585 1996 vos.
1602 1967 1668 1996 Nam
1697 1977 1749 2005 ego
1774 1970 1879 2005 quidem

1084 2013 1145 2041 dico
1167 2012 1238 2048 quod
1262 2020 1361 2048 corpus
1380 2013 1534 2048 acceperit,
1552 2019 1580 2042 et
1599 2019 1714 2041 mortem
1739 2012 1801 2042 dico
1823 2021 1880 2042 esse

1084 2058 1174 2086 carnis
1189 2068 1196 2085 :
1210 2063 1236 2085 tu
1251 2063 1339 2086 autem
1355 2059 1406 2086 hoe
1422 2066 1522 2094 negans
1532 2080 1540 2092 ,
1555 2059 1620 2086 illud
1638 2060 1796 2087 necessario
1809 2059 1880 2087 dicas

1085 2109 1202 2139 oportet.
1217 2103 1246 2131 Si
1267 2109 1357 2132 autem
1378 2105 1426 2132 fuit
1450 2105 1477 2132 in
1499 2110 1609 2139 peccato
1622 2126 1629 2138 ,
1646 2107 1785 2140 quomodo
1799 2107 1876 2134 dicit.

1086 2149 1152 2182 Quis
1168 2158 1200 2177 ea;
1220 2150 1288 2178 vobis
1301 2156 1389 2186 arguet
1401 2159 1441 2177 me
1453 2151 1484 2178 de
1506 2157 1607 2186 peccato
1619 2151 1707 2186 (Joan.
1722 2153 1750 2179 8.
1768 2153 1878 2188 46)?rt,

1091 2197 1164 2224 Venit
1180 2197 1297 2233 princeps
1312 2198 1389 2233 hujus
1402 2197 1490 2224 mundi
1504 2218 1512 2231 ,
1527 2198 1588 2225 etin
1603 2206 1641 2225 me
1654 2206 1703 2225 non
1720 2199 1797 2226 habet
1811 2198 1881 2233 quid-

1084 2252 1162 2279 quam
1187 2242 1251 2280 (Id.
1272 2243 1315 2271 Η.
1340 2243 1414 2277 30);
1438 2248 1466 2271 et
1481 2251 1574 2271 rursus
1587 2265 1595 2277 ,
1619 2243 1664 2271 Sic
1679 2252 1726 2271 nos
1741 2245 1814 2272 decet
1835 2245 1881 2271 im-

1085 2289 1154 2324 plere
1168 2297 1269 2316 omnem
1277 2289 1405 2324 justitiam
1420 2288 1536 2325 (Matth.
1551 2291 1579 2317 3.
1597 2290 1662 2325 l5).
1678 2289 1823 2323 Quomodo
1836 2297 1881 2316 au-

1085 2340 1138 2363 tcm
1152 2338 1194 2362 est
1209 2334 1319 2361 omnino
1344 2339 1465 2362 mortuus
1487 2342 1536 2370 pro
1558 2336 1747 2370 peccatoribus
1760 2357 1768 2369 ,
1790 2337 1812 2363 si
1826 2336 1881 2370 ipse

1085 2380 1133 2408 fuit
1145 2381 1171 2408 in
1185 2380 1299 2416 peccatis
1311 2381 1322 2407 ?
1334 2380 1399 2407 Nam
1415 2388 1488 2414 eum,
1503 2381 1547 2416 qui
1561 2381 1674 2408 moritur
1687 2389 1737 2416 pro
1753 2386 1878 2416 peccato-

1084 2425 1158 2454 ribus
1168 2447 1175 2458 ,
1189 2430 1295 2461 oportet
1308 2426 1372 2453 nulli
1390 2431 1500 2461 peccato
1512 2433 1573 2454 esse
1586 2426 1734 2454 obnoxium
1751 2437 1759 2455 :
1775 2428 1798 2455 si
1810 2427 1879 2454 enim

1085 2472 1141 2508 ipse
1154 2472 1234 2500 etiam
1247 2475 1349 2507 peccat,
1360 2472 1496 2508 quomodo
1509 2472 1639 2500 morietur
1654 2480 1702 2508 pro
1714 2474 1778 2501 aliis
1790 2480 1881 2508 preca-

1085 2518 1207 2546 toribus?
1221 2518 1248 2545 Si
1264 2522 1353 2545 autem
1367 2523 1409 2545 est
1422 2523 1544 2545 mortuus
1558 2526 1606 2553 pro
1621 2521 1738 2553 peccatis
1755 2519 1880 2550 aliorum,

1084 2570 1206 2593 mortuus
1221 2569 1263 2593 est
1281 2572 1342 2593 cum
1365 2565 1431 2593 nulli
1453 2569 1525 2593 esset
1547 2570 1658 2600 peccato
1678 2564 1838 2592 obnoxius:
1860 2564 1880 2591 si

1083 2617 1172 2638 autem
1187 2615 1227 2637 est
1244 2615 1364 2638 mortuus
1378 2616 1438 2638 cum
1459 2614 1531 2638 esset
1545 2610 1604 2637 sine
1624 2615 1734 2645 peccato
1748 2632 1756 2643 ,
1774 2618 1827 2637 non
1842 2613 1881 2636 est

1084 2660 1206 2683 mortuus
1231 2660 1316 2684 morte
1341 2656 1474 2691 peccati,(
1487 2656 1623 2691 quomodo
1642 2657 1736 2688 enim,
1755 2657 1782 2683 in
1803 2663 1879 2691 quem

1084 2703 1185 2731 nullum
1207 2702 1318 2731 cadebat
1334 2702 1502 2738 peccatum?)
1527 2701 1574 2730 sed
1595 2708 1680 2730 morte
1695 2703 1833 2737 corporis.
1850 2700 1881 2728 Et

1083 2750 1144 2777 ideo
1157 2749 1255 2777 Paulus
1271 2757 1324 2776 non
1334 2749 1401 2776 dixit
1415 2749 1500 2776 solum
1516 2757 1523 2777 :
1541 2748 1586 2776 Est
1600 2754 1723 2780 mortuus,
1741 2748 1792 2775 sed
1807 2747 1881 2774 addi-

1082 2795 1133 2828 dit,
1153 2794 1205 2821 Pro
1222 2795 1330 2830 peccatis
1342 2795 1453 2827 uostris;
1468 2798 1494 2822 et
1508 2800 1568 2822 cum
1582 2794 1623 2821 vel
1638 2794 1735 2821 inritos
1746 2794 1879 2828 coegisset

1084 2841 1159 2869 fateri
1176 2846 1289 2870 mortem
1315 2841 1480 2877 cerporaletn
1495 2850 1502 2874 ;
1519 2847 1567 2876 per
1581 2840 1631 2867 hoc
1643 2839 1794 2868 ostendens
1808 2839 1880 2867 illum
