2034 3109
155 132 206 160 3ἳ5

151 191 230 219 etiam
253 192 316 216 ante
338 192 451 216 mortem
473 186 537 215 nulli
554 191 663 223 peccato
681 187 764 214 fuisse
782 185 939 214 obnoxium.

151 237 161 271 (
174 242 236 263 eum
245 235 329 269 enim,
343 235 389 270 qui
401 239 450 270 pro
465 235 580 270 peccatis
590 234 702 261 moritur
715 233 811 260 alienis
823 253 830 265 ,
844 239 940 259 conse-

151 289 237 316 quens
260 285 302 308 est
325 288 386 308 esse
414 280 544 315 ejusmodi
568 284 598 307 ut
619 287 671 307 non
688 277 815 314 peccet),
838 286 873 305 ne
891 277 941 304 hoc

151 328 259 361 quidem
287 331 450 359 contentus,
478 326 624 361 subjunxit,
648 325 795 353 Secundum
820 324 938 359 Scriptu-

153 380 215 405 ras;
239 372 302 400 hinc
323 380 416 400 rursus
445 371 497 399 ﬁde
524 371 632 406 dignam
657 370 759 398 faciens
782 371 940 402 orationem,

150 424 177 446 et
199 419 353 454 significans
375 425 517 453 quamnam
533 422 644 445 mortem
666 416 776 444 diceret.
797 416 942 450 Scriptura:

150 465 221 491 enim
245 464 343 498 ubique
364 464 510 498 loquuntur
529 463 563 490 de
582 467 668 490 morte
688 462 809 497 corporis
832 461 940 490 :Fode-

151 515 209 537 runt
224 511 297 537 enim
308 530 316 543 ,
331 510 414 545 inquit
427 530 434 542 ,
450 517 541 536 mortus
553 517 622 536 meas
635 513 658 536 et
676 509 751 544 pedes
772 516 840 535 meos
854 507 940 542 (Psal.

150 556 182 583 ‘21
197 577 204 587 ,
228 555 299 591 I7),
317 559 358 588 et,
380 555 504 582 Videbunt
517 556 543 582 in
557 563 630 591 quem
649 554 832 589 transﬁxerunt
851 553 940 589 (Joan.

152 603 194 628 I9.
210 601 275 635 37).

185 647 212 674 5.
229 646 311 674 Multa
323 646 374 674 alia
387 668 395 679 ,
417 654 451 674 ne
468 647 557 674 omnia
573 645 693 674 dicamus
710 645 844 681 sigillatim
856 666 862 677 ,
879 645 943 673 licet

151 692 176 718 in
192 693 232 719 eis
246 692 336 719 ridere
349 713 356 725 ,
371 692 422 719 alia
443 692 551 727 quidem
565 699 613 726 per
626 692 706 719 verba
719 711 726 724 ,
748 691 799 718 alia
816 699 879 718 vero
895 698 943 725 per

151 739 250 773 figuras
262 759 270 771 ,
290 745 349 773 qua:
364 738 513 772 significant
531 737 620 765 carnis
635 736 736 764 ctedem
749 757 758 769 ,
772 741 799 763 et
810 735 881 771 quod
895 743 943 771 pro

151 785 251 811 nostris
266 784 381 818 peccatis
392 784 426 811 sit
438 783 552 810 occisus.
567 782 620 810 Pro
632 783 741 818 peccatis
752 782 834 813 enim,
846 782 941 816 inquit,

151 830 240 866 populi
260 830 309 856 mei
328 830 394 857 venit
417 831 451 856 ad
475 834 597 862 mortem;
620 833 663 862 et,
687 828 812 855 Dominus
838 828 944 854 tradidit

150 876 235 909 ipsum
249 876 356 910 peccatis
369 875 480 906 nostris;
494 878 536 908 et,
554 874 708 901 Vulneratus
723 877 758 900 est
770 878 872 908 propter
883 881 943 908 pec-

151 926 209 948 cata
233 926 320 948 nostra
341 921 416 957 (Isai.
441 922 485 949 53.
509 921 537 948 8.
554 920 580 948 6.
604 920 643 955 5).
662 920 690 947 Si
710 924 801 947 autem
826 923 943 946 veterem

153 975 204 994 non
226 968 280 994 fers
293 967 457 1002 Scripturam
468 987 475 1000 ,
490 967 551 994 audi
568 966 699 994 Joannem
722 966 881 993 clamantem
895 985 902 996 ,
916 970 943 993 et

153 1017 265 1048 utraque
277 1012 462 1041 ostendentcm
476 1033 483 1046 ,
499 1020 595 1047 nempe
614 1017 641 1039 et
662 1011 762 1040 ctcdem
775 1011 895 1046 corporis
917 1015 945 1039 et

151 1066 270 1086 causam.
287 1058 353 1086 Ecce
365 1059 446 1092 enim,
465 1059 558 1094 inquit,
573 1060 660 1094 Agnus
672 1059 732 1091 Dei,
748 1059 791 1093 qui
805 1058 871 1085 tollit
886 1067 944 1093 pec-

151 1110 236 1131 catum
258 1105 346 1132 mundi
367 1105 457 1140 (Joan.
479 1105 504 1132 1.
526 1104 591 1141 ‘29);
616 1111 644 1132 et
666 1105 777 1133 Paulum
798 1105 942 1138 dicentem,

155 1150 221 1176 Eum
236 1171 242 1183 ,
260 1151 303 1185 qui
316 1159 367 1178 non
387 1156 490 1178 nouerat
504 1157 635 1186 peccatum
646 1171 654 1183 ,
670 1159 716 1186 pro
731 1151 802 1178 nobis
815 1152 872 1186 fecit
887 1159 944 1186 pec-

152 1199 236 1222 catum
246 1217 252 1228 ,
266 1200 295 1222 ut
309 1204 354 1223 nos
367 1197 484 1230 fiet-emus
499 1196 546 1223 Dei
564 1196 666 1232 iustitia
679 1197 707 1223 in
723 1197 778 1231 ipso
789 1196 827 1230 (2.
842 1196 901 1224 Cor.
915 1197 942 1224 5.

152 1242 197 1277 2|)
215 1251 222 1269 :
236 1248 261 1270 et
278 1250 382 1276 rursus,
399 1242 512 1270 Christus
522 1251 567 1269 nos
579 1242 683 1269 redemit
697 1251 712 1269 a
725 1243 858 1270 maledicto
871 1243 942 1278 legis,

154 1290 236 1320 factus
250 1296 297 1323 pro
311 1288 382 1315 nobis
394 1289 555 1315 maledictum
567 1287 665 1323 (Gulat.
681 1289 707 1316 5.
720 1288 764 1323 15)
777 1297 783 1320 ;
799 1292 826 1316 et
839 1295 942 1322 rursus,

154 1332 309 1366 Exspetians
327 1333 486 1368 principatus
504 1338 527 1359 et
547 1337 683 1367 potestates
704 1333 813 1360 traduci!
832 1333 942 1368 (Coloss.

151 1378 179 1405 2.
194 1378 250 1413 l5),
263 1383 324 1405 acto
344 1379 380 1406 de
399 1379 439 1406 eis
453 1379 608 1413 triumpho;
625 1383 652 1406 et
664 1378 716 1406 alia
728 1379 943 1412 innumerabilia,

152 1432 211 1460 qua
225 1425 376 1460 significant
390 1433 422 1452 ea
436 1433 495 1460 qua:
509 1425 576 1453 facta
590 1430 653 1453 sunt
672 1426 698 1453 in
717 1425 790 1453 caede
810 1427 942 1461 corporis,

153 1475 179 1497 et
190 1475 301 1505 propter
314 1475 405 1497 nostra
419 1475 536 1505 peccata.
557 1470 614 1505 Ipse
626 1471 697 1498 enim
712 1471 776 1499 dicit
786 1492 794 1503 ,
811 1470 862 1498 Pro
875 1471 944 1499 vobis

152 1516 284 1549 sancti/ica
302 1515 425 1550 nteipsum
439 1515 528 1550 (Joan.
544 1516 587 1542 17.
601 1516 664 1550 I9);
676 1521 712 1547 et.
731 1516 854 1552 Princeps
868 1517 944 1552 hujus

151 1561 239 1587 ruendi
250 1569 316 1588 nunc
337 1560 518 1588 condemnatus
536 1566 572 1588 est
592 1560 646 1597 (Id.
659 1561 703 1589 l6.
717 1562 772 1597 ll),
791 1561 944 1597 signiﬁcans

151 1614 182 1634 se
196 1607 279 1634 fuisse
293 1607 423 1640 occisum,
438 1614 498 1634 cum
512 1607 614 1634 nullum
629 1608 740 1635 haberet
751 1612 900 1643 peccatum.
915 1609 942 1637 4.

152 1652 185 1679 Et
202 1653 272 1688 quod
293 1654 406 1688 sepultus
425 1658 472 1680 est.
494 1653 550 1681 Hoc
560 1661 667 1688 quoque
681 1653 769 1688 priora
782 1655 942 1682 confirmat:

151 1707 212 1726 nam
227 1699 300 1734 quod
315 1699 460 1734 sepelitur,
474 1699 584 1726 omnino
604 1703 646 1727 est
665 1707 771 1734 corpus.
787 1700 821 1728 Et
833 1701 877 1729 hic
890 1709 943 1730 non

150 1745 266 1779 amplius
280 1745 393 1778 addidit,
407 1745 559 1779 Secundum
575 1745 727 1780 Scripturas
742 1755 749 1773 :
764 1753 825 1774 nam
840 1751 945 1782 poterat

151 1790 270 1824 quidem.
285 1790 332 1817 sed
346 1798 398 1817 non
409 1790 490 1817 addit.
505 1790 704 1823 Quamobrem?
721 1790 767 1817 Vel
780 1791 841 1826 quia
855 1792 945 1827 sepul-

149 1842 224 1862 crum
241 1836 367 1863 omnibus
382 1835 552 1864 inanilestum
565 1840 591 1863 et
605 1840 667 1863 tunc
681 1836 730 1863 l‘uit
750 1841 777 1864 et
796 1845 867 1864 nunc
879 1842 919 1865 est
934 1847 942 1865 :

147 1882 191 1908 vel
205 1881 268 1916 quia
289 1881 315 1908 in
338 1882 472 1909 communi
487 1881 601 1916 positum
623 1886 664 1909 est
687 1882 750 1909 illud
763 1903 770 1915 ,
797 1882 944 1911 Secundum

149 1927 313 1961 Scripturas.
326 1927 379 1954 Cur
387 1935 451 1962 ergo
460 1927 542 1958 addit.
558 1926 704 1955 Secundum
718 1927 875 1962 Scripturas,
888 1928 941 1962 hic,

149 1972 184 1999 Et
192 1973 263 2009 quod
273 1974 409 2000 resurrexit
423 1973 496 2000 tertia
508 1973 549 1999 die
566 1973 705 2000 secundum
726 1973 873 2009 Scripturas
884 1994 892 2008 ,
915 1979 944 2002 et

147 2025 203 2045 non
229 2022 273 2045 est
295 2022 436 2046 contentus
458 2018 504 2045 illo
527 2018 630 2053 priori,
649 2019 720 2053 quod
738 2019 838 2046 dictum
854 2024 896 2047 est
916 2021 941 2048 in

146 2064 286 2091 communi
298 2064 309 2090 ?
323 2064 390 2097 Quia
413 2064 463 2091 huc
479 2071 586 2099 quoque
600 2064 690 2091 multis
703 2069 761 2092 erat
773 2065 902 2092 incertum
916 2070 943 2093 et

144 2110 311 2142 obscurum;
322 2110 381 2137 ideo
395 2110 438 2137 hic
450 2118 557 2145 quoque
569 2110 720 2144 Scripturas
727 2111 847 2146 adjungit
857 2111 942 2146 inspi-

144 2163 235 2189 ratus,
251 2163 277 2184 et
292 2157 341 2184 hac
359 2157 472 2191 sapienti
488 2163 514 2184 et
529 2156 616 2184 divina
632 2162 754 2192 suscepta
770 2158 940 2192 cogitatione.

143 2203 292 2237 Quomodo
306 2211 370 2238 ergo
384 2211 436 2230 nou
450 2204 529 2231 etiam
545 2203 571 2230 in
587 2207 672 2230 morte
684 2203 754 2230 idem
771 2203 851 2231 facit?
870 2204 942 2236 Quo-

144 2250 219 2276 niam
236 2249 292 2276 illic
304 2257 410 2284 quoque
431 2257 497 2276 crux
518 2249 626 2283 quidem
642 2248 693 2276 fuit
714 2250 837 2277 omnibus
858 2249 942 2276 mani-

144 2295 228 2327 festa,
246 2300 274 2322 et
286 2295 409 2323 omnibus
424 2295 575 2323 videntibus
588 2295 661 2322 cruci
671 2294 720 2322 fuit
730 2295 845 2328 afﬁxus;
861 2303 940 2323 causa

141 2345 239 2368 autem
254 2348 308 2367 non
328 2341 402 2367 item.
419 2340 484 2367 Nam
503 2339 574 2374 quod
594 2344 714 2367 mortuus
730 2340 835 2375 quidem
851 2341 938 2373 fuerit,

141 2387 289 2414 sciverunt
315 2393 425 2418 omnes;
452 2385 522 2420 quod
540 2391 628 2412 autent
653 2392 702 2419 pro
720 2386 837 2420 peccatis
860 2386 941 2414 totius

141 2431 220 2460 orbis
248 2431 299 2458 hoc
323 2431 359 2457 sit
384 2437 488 2465 passus,
516 2437 569 2457 non
591 2430 683 2457 itidem
710 2430 830 2458 sciebant
852 2431 938 2459 multi.

140 2478 296 2513 Propterea
310 2475 418 2503 adducit
441 2475 625 2503 testimoniuut
651 2483 683 2502 ex
707 2475 862 2510 Scripturis.
886 2477 939 2505 Sed

139 2524 194 2550 hoc
208 2522 323 2555 quidem
355 2522 420 2548 satis
439 2526 480 2548 est
493 2520 704 2548 demonstratum
719 2528 767 2555 per
778 2528 809 2549 ea
824 2542 830 2553 .
845 2530 904 2557 qua:
925 2531 940 2550 a

138 2569 223 2596 nobis
248 2567 321 2594 dicta
343 2570 404 2594 sunt
425 2575 431 2593 :
459 2566 502 2593 ubi
516 2571 606 2594 autem
628 2566 697 2601 quod
713 2567 747 2594 sit
769 2568 890 2602 sepultus
913 2573 941 2597 et

136 2615 213 2650 quml
240 2614 322 2640 tertio
343 2612 387 2640 die
400 2616 472 2640 esset
494 2617 694 2640 resurrecturus
706 2632 713 2644 ,
726 2612 851 2640 dixerunt
868 2613 940 2641 Scri-

137 2658 251 2694 pturas?
262 2659 315 2686 Per
327 2658 403 2685 Jonas
413 2657 536 2692 ﬁguram,
551 2665 630 2692 qualn
644 2657 700 2693 ipse
713 2665 820 2693 quoque
832 2658 939 2687 adducit

135 2706 236 2733 dicens
255 2714 261 2731 :
277 2704 353 2732 Sicut
375 2705 423 2739 fuit
433 2703 515 2731 Jonas
527 2704 553 2731 in
566 2708 649 2731 ventre
666 2705 713 2731 ceti
728 2709 777 2732 tres
787 2704 841 2732 dies
854 2710 878 2733 et
889 2711 938 2734 tres

136 2757 226 2779 noctes
242 2759 252 2778 :
266 2751 303 2777 ita
316 2750 364 2777 erit
375 2752 453 2778 etiam
462 2749 543 2778 Filius
554 2750 662 2777 hominis
675 2751 701 2777 in
715 2751 790 2778 corde
803 2756 876 2779 terra
888 2757 938 2780 tres

136 2798 190 2824 dies
216 2802 244 2824 at
269 2801 322 2823 tres
344 2801 429 2823 noctes
453 2796 558 2831 (Matth.
573 2795 616 2823 12.
630 2795 686 2831 40).
701 2797 753 2824 Per
776 2797 870 2825 rubum
891 2799 937 2834 qui

133 2848 195 2871 erat
217 2844 246 2871 in
259 2843 373 2870 deserto
388 2841 483 2876 (Exod.
496 2843 531 2877 3)
546 2851 552 2868 :
567 2842 790 2877 quemadmodum
805 2843 876 2871 enim
891 2845 936 2873 ille

326 2888 464 2919 ΡΑτιιοι..
484 2891 542 2920 Gn.
567 2893 646 2923 LXI.

636 129 670 157 IN
689 128 796 157 EPIST.
819 128 827 154 l
860 127 906 154 AD
925 126 1003 154 (10R.
1026 124 1142 153 IIOIIIIL.
1165 124 1309 152 XXXVIII.

1734 129 1786 157 396

995 183 1106 211 ardebat
1119 187 1147 211 et
1160 190 1211 210 non
1227 182 1447 216 comburebatur,
1464 183 1498 211 ita
1510 184 1589 212 etiam
1604 185 1789 221 corpus'illius

994 232 1128 255 mortuum
1151 228 1258 263 quidem
1286 227 1344 260 fuit,
1370 236 1423 256 non
1439 229 1577 257 detentum
1599 235 1689 259 autent
1702 233 1752 260 fuit
1773 243 1786 261 π

994 278 1080 301 morte
1092 278 1231 308 perpetuo.
1250 274 1334 301 Draco
1349 274 1411 302 item
1425 276 1470 310 qui
1493 275 1542 303 fuit
1555 280 1675 312 tempore
1689 277 1788 309 Danie-

993 319 1025 346 lis
1040 319 1127 354 (Dan.
1139 319 1183 356 14)
1199 320 1248 348 hoc
1263 321 1342 348 tacite
1355 321 1497 356 significat.
1515 323 1581 350 Nam
1595 324 1664 352 sicut
1680 325 1725 353 ille
1740 333 1787 354 ac-

994 369 1072 400 cepto
1086 366 1268 399 nutrimento,
1282 366 1353 401 quod
1375 367 1447 395 dedit
1470 369 1600 403 propheta
1610 390 1618 402 ,
1641 377 1734 407 ruptus
1745 378 1789 400 est

994 412 1118 439 medius:
1135 413 1170 439 ita
1182 413 1264 439 etiam
1290 413 1421 445 infernus,
1443 414 1572 442 devorato
1595 416 1640 443 illo
1662 424 1786 452 corpore,

995 457 1045 485 fuit
1059 459 1198 489 discissus.
1213 467 1281 486 cum-
1290 459 1372 493 ipsius
1385 467 1482 495 corpus
1494 467 1614 490 ventrem
1630 463 1690 497 ejus
1703 465 1788 492 disse-

995 504 1104 537 cuisset,
1118 508 1145 531 et
1159 505 1331 532 surrexisset.
1347 505 1373 532 Si
1386 510 1474 532 autent
1486 506 1544 534 haec
1555 509 1634 535 etiam
1647 511 1686 536 vis
1697 511 1786 538 verbis

995 548 1088 576 audire
1101 570 1108 582 ,
1125 557 1184 584 quae
1199 549 1286 577 vidisti
1301 558 1349 584 per
1364 550 1462 585 ﬁguras
1474 572 1482 584 ,
1506 552 1566 579 audi
1583 552 1676 581 Isaiam
1696 555 1788 582 dicen-

995 599 1049 622 tem
1065 604 1072 622 :
1088 595 1196 622 Tollitur
1206 604 1219 622 e
1230 600 1296 622 terra
1311 596 1360 622 vita
1371 597 1426 631 ejus
1439 604 1448 623 :
1460 601 1487 624 et
1499 617 1506 629 ,
1527 597 1652 625 Dominus
1664 600 1717 626 vult
1730 609 1786 627 eum

995 640 1119 667 mundare
1138 649 1154 667 a
1172 641 1248 676 plaga
1259 662 1266 672 ,
1281 646 1308 668 ut
1322 643 1438 669 ostendat
1456 642 1495 669 illi
1510 643 1595 670 lumen
1610 643 1683 679 (1εαί.
1697 646 1741 673 55.
1758 647 1787 674 8.

996 686 1060 721 10);
1079 692 1107 714 et
1126 687 1209 714 David
1232 693 1294 716 ante
1319 689 1392 715 illum
1403 709 1410 721 ,
1427 687 1487 715 Non
1502 689 1660 725 derelinquas
1676 692 1788 719 animum

996 741 1077 758 meam
1089 733 1115 759 in
1130 733 1239 767 inferno,
1255 742 1334 768 neque
1345 734 1417 762 dabis
1426 740 1541 762 sanctum
1551 741 1622 763 tuum
1636 737 1720 765 videre
1732 747 1789 766 cor-

995 778 1138 812 ruptionem
1149 777 1236 814 (Psal.
1246 779 1288 806 l5.
1302 778 1359 814 10).
1371 779 1517 815 Propterea
1532 786 1558 809 te
1571 790 1678 818 quoque
1691 783 1789 812 Paulus

997 824 1152 850 transmittit
1173 823 1207 850 ad
1229 823 1402 859 Scripturas,
1425 830 1453 852 ut
1467 826 1537 853 scias
1552 827 1609 854 haec
1630 836 1682 855 non
1707 828 1789 856 fuisse

995 868 1063 896 facta
1076 874 1178 897 temere
1192 875 1219 897 et
1233 871 1281 898 abs
1296 879 1335 899 re.
1353 872 1493 905 Quomodo
1505 874 1586 907 enim,
1599 881 1658 901 cum
1674 879 1712 902 tot
1726 884 1789 910 pro-

996 916 1083 949 pheta:
1111 923 1142 942 ea
1171 916 1244 950 prius
1270 916 1426 945 describant
1452 923 1479 946 et
1503 920 1684 953 proclament,
1715 923 1788 956 quod

995 961 1130 997 Scriptura
1143 970 1271 997 nusquam
1285 963 1355 990 dicat
1370 969 1482 991 mortem
1496 967 1606 1000 peccati,
1623 968 1787 995 mentionem

996 1006 1097 1035 faciens
1111 1009 1205 1035 mortis
1219 1008 1335 1042 Domini,
1347 1010 1393 1036 sed
1406 1011 1573 1044 corporalem
1585 1017 1611 1039 ct
1622 1013 1787 1048 sepulturam

996 1057 1023 1080 et
1037 1053 1116 1082 talem
1132 1055 1355 1082 resurrectionem
1367 1055 1378 1081 ?
1391 1056 1418 1083 5.
1436 1056 1466 1083 Et
1480 1058 1548 1091 quod
1560 1059 1628 1085 uisus
1639 1065 1675 1086 est
1683 1059 1786 1095 Ceplta'.

996 1099 1062 1126 Eum
1079 1100 1168 1127 statim
1180 1101 1264 1134 ponit,
1281 1102 1326 1136 qui
1346 1106 1387 1129 est
1403 1103 1521 1130 Ullttlllttll
1538 1104 1589 1132 fide
1604 1105 1787 1140 dignissimus.

996 1145 1030 1171 Et
1044 1150 1100 1180 post
1113 1146 1160 1173 Itoe
1174 1147 1306 1174 duodecim
1326 1156 1335 1174 :
1354 1148 1381 1175 6.
1394 1149 1485 1176 deinde
1501 1150 1569 1177 visus
1585 1156 1620 1178 est
1638 1152 1696 1186 plus
1713 1161 1789 1187 quam

996 1193 1137 1228 quingentis
1150 1193 1271 1228 fratribus
1282 1194 1368 1225 simul,
1379 1203 1410 1222 ex
1420 1196 1510 1229 quibus
1519 1197 1592 1224 multi
1600 1204 1701 1226 manent
1712 1208 1789 1235 usque

995 1237 1080 1264 adhuc
1091 1258 1099 1271 ,
1113 1238 1217 1273 quidam
1230 1244 1314 1266 autem
1335 1240 1492 1268 dormierunt
1506 1249 1515 1269 :
1530 1243 1556 1269 7.
1569 1243 1659 1271 deinde
1675 1246 1741 1273 visus
1753 1252 1789 1273 est

995 1282 1102 1317 Jacobo,
1117 1284 1209 1312 deinde
1220 1287 1343 1320 apostolis
1361 1287 1477 1315 omnibus
1490 1296 1499 1315 :
1512 1289 1538 1316 8.
1559 1291 1691 1318 novissime
1705 1297 1788 1320 autem

995 1330 1108 1357 omnium
1121 1335 1249 1366 tamquam
1262 1331 1374 1359 abortivo
1387 1333 1455 1360 visus
1469 1339 1504 1361 est
1515 1340 1540 1361 et
1557 1336 1629 1362 mihi.
1644 1336 1787 1372 Postquam

996 1375 1067 1403 enim
1079 1375 1151 1403 illam
1167 1384 1200 1403 cx
1218 1376 1365 1413 Scripturis
1385 1379 1504 1406 ostendit
1520 1380 1788 1416 demonstrationem,

996 1429 1055 1449 eam
1070 1422 1152 1450 etiam
1167 1422 1241 1451 addit
1255 1431 1314 1459 qua:
1330 1431 1378 1459 per
1391 1432 1435 1453 res
1448 1425 1487 1457 ﬁt.
1501 1430 1584 1455 testes
1594 1428 1732 1458 adducens
1744 1438 1789 1458 re-

995 1467 1170 1495 surrectionis
1182 1473 1242 1502 post
1253 1469 1397 1504 prophetas
1407 1473 1544 1506 apostolos
1552 1477 1579 1500 et
1586 1474 1653 1502 alios
1666 1475 1788 1505 homines

995 1512 1098 1540 ﬁdeles.
1110 1513 1139 1541 Si
1160 1519 1250 1542 autem
1268 1515 1340 1543 illaut
1361 1518 1588 1547 resurrectionem
1606 1519 1716 1549 dixisset
1729 1530 1790 1551 esse

995 1565 1010 1586 a
1021 1563 1131 1594 peccato
1140 1559 1336 1594 liberationem,
1346 1569 1572 1597 supervacaneum
1582 1564 1678 1594 fuisset
1687 1568 1788 1602 dicere,

996 1603 1077 1632 Visus
1089 1610 1131 1632 est
1146 1605 1207 1633 huic
1227 1610 1253 1634 et
1273 1607 1322 1634 illi.
1340 1607 1396 1635 lloc
1409 1609 1481 1636 enim
1495 1614 1537 1637 est
1546 1611 1605 1646 ejus
1619 1612 1664 1646 qui
1680 1613 1742 1641 facit
1756 1615 1788 1642 ﬁt

996 1650 1058 1678 dem
1073 1653 1278 1680 resurrectionis
1291 1654 1423 1689 corporis,
1440 1662 1492 1683 non
1507 1656 1565 1691 ejus
1577 1658 1622 1692 qui
1637 1659 1790 1688 subindicat

996 1696 1182 1724 liberationem
1196 1705 1211 1725 τι
1228 1699 1353 1732 peccatis.

1031 1743 1058 1770 ι.
1079 1743 1222 1778 Propterea
1248 1752 1336 1780 neque
1361 1746 1443 1773 semel
1464 1746 1532 1775 dixit
1548 1748 1625 1781 illud,
1648 1749 1719 1777 Visus
1735 1757 1783 1783 est,

996 1795 1157 1823 quamquam
1169 1789 1194 1818 id
1204 1790 1475 1819 Suﬁ‘ecissetdictione
1490 1792 1516 1819 in
1531 1795 1666 1821 communi
1679 1796 1762 1829 posita
1781 1806 1787 1824 :

996 1841 1067 1861 nunc
1079 1838 1168 1862 autem
1182 1839 1209 1862 et
1224 1835 1263 1863 bis
1273 1840 1301 1863 et
1315 1840 1356 1864 ter
1369 1844 1428 1864 eam
1443 1838 1530 1872 ponit,
1547 1844 1574 1866 et
1586 1840 1611 1866 in
1628 1848 1789 1877 unoquoque

996 1878 1052 1906 fere
1064 1886 1156 1906 eorum
1175 1881 1220 1916 qui
1235 1881 1367 1909 viderunt.
1386 1882 1462 1911 Visus
1481 1888 1517 1911 est
1531 1885 1612 1916 cnitn,
1628 1887 1722 1921 inquit,
1739 1889 1788 1915 Ce-

996 1924 1070 1958 plnz;
1082 1925 1149 1952 visus
1160 1931 1195 1952 est
1208 1926 1343 1961 plusquam
1355 1928 1498 1964 quingentis
1509 1931 1648 1965 fratribus;
1671 1934 1738 1961 uisus
1752 1941 1789 1962 est

995 1974 1019 1996 et
1031 1969 1103 1997 mihi.
1131 1971 1211 2006 Atqui
1238 1972 1411 2008 Evangelium
1434 1974 1498 2002 dicit
1517 1978 1691 2012 contrarium,
1716 1982 1786 2015 quod

995 2017 1068 2044 visus
1082 2017 1117 2044 sit
1126 2017 1241 2052 primum
1256 2018 1355 2046 Maria.
1367 2019 1421 2048 Sed
1436 2020 1506 2049 inter
1514 2022 1586 2050 viros
1599 2023 1661 2051 huic
1672 2027 1786 2059 primum

994 2067 1035 2090 est
1049 2063 1120 2090 visus
1130 2063 1174 2098 qui
1188 2064 1303 2091 maxime
1315 2072 1377 2092 eum
1390 2066 1516 2100 cupiebat
1529 2067 1631 2095 videre.
1650 2069 1785 2102 Quosuam

994 2112 1082 2135 autem
1095 2108 1137 2135 hic
1146 2108 1209 2135 dicit
1220 2108 1359 2137 duodecim
1370 2111 1526 2145 apostolos?
1540 2120 1601 2140 nam
1614 2120 1674 2149 post
1683 2124 1786 2144 assum-

995 2154 1112 2189 ptionetn
1124 2155 1150 2182 in
1161 2162 1254 2182 eorum
1267 2164 1407 2184 numerum
1417 2158 1516 2186 relatus
1528 2158 1575 2186 fuit
1588 2159 1722 2196 Matthias,
1733 2172 1786 2192 non

994 2200 1084 2227 statim
1110 2205 1169 2235 post
1183 2202 1420 2231 resurrectionem.
1437 2203 1490 2232 Sed
1505 2210 1546 2232 est
1560 2207 1705 2236 verisimile
1725 2218 1785 2238 eum

996 2245 1077 2273 fuisse
1091 2247 1175 2274 visum
1187 2248 1266 2274 etiam
1284 2253 1345 2283 post
1356 2252 1577 2285 assumptionem.
1595 2252 1644 2281 Hic
1657 2254 1714 2289 ipse
1729 2257 1788 2291 qui-

995 2293 1054 2321 dem
1068 2298 1141 2321 certe
1155 2294 1292 2328 apostolus
1312 2299 1372 2329 post
1391 2297 1600 2331 assumptionem
1624 2304 1652 2327 et
1676 2307 1785 2330 vocatus

994 2338 1054 2372 fuit,
1071 2343 1098 2367 et
1119 2340 1205 2374 ipsum
1220 2340 1295 2367 vidit.
1318 2341 1460 2376 Propterea
1476 2350 1563 2378 neque
1576 2345 1651 2379 ponit
1664 2350 1783 2382 tempus,

994 2385 1042 2412 sed
1056 2385 1179 2414 absolute
1189 2390 1215 2413 et
1229 2386 1366 2414 indeﬁnite
1380 2392 1502 2415 recenset
1512 2389 1627 2417 visiones
1644 2400 1650 2417 :
1667 2399 1727 2419 nam
1740 2401 1783 2421 re-

994 2432 1106 2460 risimilc
1121 2436 1161 2459 est
1174 2433 1270 2460 multas
1283 2432 1376 2460 fuisse.
1391 2432 1454 2461 Ideo
1467 2434 1583 2463 Joannes
1591 2444 1697 2472 quoque
1707 2438 1784 2472 dixit,

995 2478 1085 2506 Tertio
1097 2479 1152 2513 jam
1165 2479 1343 2506 manifestavit
1357 2480 1484 2514 seipsum.
1499 2480 1597 2509 Deinde
1613 2483 1678 2510 uisus
1692 2490 1729 2511 est
1739 2494 1785 2512 su-

994 2533 1041 2560 pra
1051 2525 1192 2561 quingentis
1205 2525 1326 2560 fratribus
1341 2525 1435 2561 (Joan.
1451 2526 1496 2554 21.
1526 2528 1537 2554 1
1551 2527 1572 2563 ).
1600 2528 1686 2564 Aliqui
1702 2531 1766 2558 illud
1777 2552 1784 2564 ,

996 2570 1188 2606 Supra,dicunt
1197 2579 1257 2598 esse
1267 2579 1346 2606 supra
1357 2579 1372 2598 e
1386 2571 1469 2600 cadis.
1482 2571 1540 2600 Non
1551 2574 1622 2601 enim
1633 2582 1712 2610 supra
1728 2581 1784 2604 ter-

993 2625 1052 2645 ram
1068 2617 1202 2652 gradiens,
1217 2617 1263 2644 sed
1279 2625 1395 2652 superne
1406 2622 1433 2645 et
1453 2625 1533 2654 supra
1547 2625 1627 2654 caput
1651 2621 1690 2648 eis
1710 2622 1783 2650 visus

993 2667 1043 2690 est.
1062 2662 1119 2690 Non
1139 2663 1225 2690 solum
1245 2663 1316 2690 enim
1332 2663 1438 2690 volebat
1459 2663 1547 2691 facere
1563 2665 1640 2692 fidem
1660 2673 1782 2695 resurre—

993 2709 1083 2741 ctioni,
1097 2709 1144 2736 sed
1157 2709 1237 2736 etiam
1253 2709 1439 2744 assumptioni.
1461 2709 1572 2744 Quidam
1586 2717 1676 2739 autem
1699 2713 1779 2746 illud,

992 2755 1079 2790 Supra
1091 2754 1241 2790 quingentis,
1255 2755 1346 2782 dicunt
1356 2755 1494 2790 plusquam
1504 2756 1666 2791 quingentis.
1677 2757 1718 2785 Es:
1729 2760 1781 2793 qui-

992 2802 1037 2829 bus
1047 2800 1121 2828 multi
1134 2805 1233 2828 omnem
1246 2809 1322 2836 usque
1334 2801 1428 2828 adhuc.
1439 2801 1503 2829 Nam
1515 2802 1576 2834 etsi,
1589 2802 1683 2837 inquit,
1699 2809 1780 2829 narro

992 2855 1036 2876 res
1062 2847 1195 2882 antiquas,
1216 2847 1302 2875 habeo
1329 2852 1416 2875 tamen
1440 2851 1521 2875 testes
1535 2846 1623 2874 adhuc
1646 2847 1777 2876 viventes.

1585 2895 1621 2925 21
