1986 3128
227 143 281 171 ῧέἴ

223 203 333 237 Quidum
347 207 428 230 mitem
445 201 610 228 dormirrtmt.
630 200 690 228 Non
713 199 790 231 dixit,
816 199 911 225 Mortui
932 202 1011 229 sunt;

223 252 280 282 seu,
292 250 464 280 Domn'ernnt,
488 247 538 274 hac
555 254 661 282 quoque
674 245 790 273 dictione
806 252 899 272 rursus
912 243 1012 271 confir-

223 303 299 322 mans
314 295 550 322 resurrectionem.
574 292 670 319 Deinde
689 293 756 319 uisus
769 290 927 317 elearobo.
951 289 1013 316 Mihi

223 343 328 371 videtur
342 342 441 374 dicere,
457 341 530 368 fratri
545 348 610 368 suo:
621 341 677 374 ipse
687 337 863 366 cnimdicitur
871 339 894 365 ci
906 345 1014 364 matmm

223 389 381 423 imposuisse
394 394 425 415 ac
435 387 520 422 ipsutn
533 385 682 417 ordinasse,
693 389 721 412 et
734 384 847 419 primttm
859 383 1013 418 episcopum

221 435 318 463 iecisse
330 434 515 470 Jerosolymis.
533 432 633 460 Deinde
650 433 771 469 apostolis
793 431 917 459 omnibus.
934 431 1016 458 Erant

221 481 292 508 enim
308 481 387 508 ctiant
412 479 457 507 alii
472 479 598 514 apostoli,
622 484 652 506 ut
677 477 856 513 septuaginta.
873 476 1016 504 Novissime
1030 490 1033 494 -

220 533 304 555 autent
313 527 425 554 omnium
436 531 564 562 tamquam
572 526 651 553 alicui
660 526 772 552 abortivo
784 525 850 552 visus
860 530 895 551 est
906 529 930 550 et
943 523 1014 550 mihi.

221 573 277 601 Hoc
292 573 402 600 verbum
419 572 578 599 modestiam
593 571 671 598 valde
685 570 764 605 sapit.
783 569 840 597 Non
865 570 936 597 enim
950 576 1016 603 quo-

220 620 292 646 niam
308 623 367 647 erat.
381 619 517 649 minimus,
533 621 751 652 proptereapost
761 615 827 642 alios
841 615 865 642 ei
877 615 949 641 visus
963 618 1014 641 est.

220 664 287 692 Nam
302 665 407 692 etiamsi
429 671 461 692 so
475 664 578 691 vocavit
598 662 732 694 ultimum,
747 662 826 696 longe
842 661 874 687 iis
896 660 940 695 qui
954 664 1015 686 ante

214 711 308 746 ipsum
322 712 438 742 fuerunt,
451 709 492 736 vel
505 709 591 744 potius
602 707 808 736 omnibus-visus
817 711 856 734 est
868 705 995 733 illustrior
1007 714 1014 732 :

221 765 272 784 nec
285 756 423 792 quingenti
438 755 535 782 fratres
548 754 649 782 Jacobo
667 754 775 780 fuerunt
796 752 931 784 meliores,
946 758 1015 785 quo-

219 803 293 829 niam
308 806 371 829 ante
386 801 459 828 illuni
473 801 513 828 eis
527 800 600 828 visus
610 804 660 827 est.
682 799 772 826 Etcur
785 805 837 824 non
847 796 928 824 simul
942 796 1016 823 visus

220 854 263 876 Mil.
275 847 421 876 omnibus?
431 847 467 875 Ut
481 847 542 875 fidei
555 846 657 874 semina
672 845 745 881 prius
755 844 875 879 rjaceret.
890 842 956 870 Nam
970 842 1015 876 qui

217 896 296 930 prior
309 894 384 927 vidit,
399 899 427 921 et
440 898 534 920 exacto
548 892 635 920 factus
645 896 687 919 est
698 890 816 922 certior,
835 889 900 921 aliis
910 895 1017 916 annun-

218 939 433 968 tiabat:deinde
454 946 543 967 sermo
566 937 735 973 praeveniens
749 934 930 963 constituebat
954 940 1015 960 eum

220 987 263 1020 qui
280 986 422 1019 audiebat,.
430 986 456 1012 in
464 991 566 1019 magna
578 983 660 1018 hujus
672 981 795 1010 miraculi
804 980 1015 1016 exspectatione,

219 1038 247 1060 et
259 1033 329 1059 viain
345 1031 484 1059 muniebat
497 1031 534 1058 ad-
544 1029 623 1057 lident
638 1034 700 1056 ante
715 1028 856 1056 visionem.
872 1027 1016 1062 Propterea

219 1084 308 1112 neque
320 1076 398 1104 simul
407 1076 480 1103 visus
491 1081 532 1103 est
544 1075 680 1105 omnibus,
692 1081 778 1108 neque
789 1073 815 1100 in
826 1073 901 1100 initio
914 1071 1015 1104 multis,

221 1125 269 1151 sed
283 1124 328 1151 uni
340 1123 390 1151 soli
402 1124 527 1158 primum.
536 1122 615 1157 eique
624 1121 742 1148 omnium
751 1119 894 1155 coryphato
907 1123 935 1146 ct
949 1118 1016 1145 ﬁde-

220 1169 336 1196 lissimo.
353 1169 520 1196 Fidelissima
536 1168 608 1194 enitn
635 1166 750 1194 maxime
764 1166 933 1200 anima-opus
947 1168 1014 1195 erat,

219 1222 280 1249 qua:
294 1215 377 1249 prima
393 1215 461 1241 hanc
472 1215 604 1248 acciperet
617 1213 758 1240 visionem.
772 1211 838 1239 Nam
850 1211 894 1246 qui
905 1210 1016 1245 aspicie-

218 1263 289 1290 banL
300 1267 439 1296 pOstqnam
453 1261 498 1288 alii
513 1261 644 1288 vidissent
666 1264 692 1286 et
715 1259 749 1285 ab
768 1259 834 1293 ipsis
848 1257 996 1285 audiissent
1007 1277 1014 1288 ,

220 1307 356 1335 habebant
369 1308 475 1334 illorum
491 1306 682 1337 testimottium,
695 1312 748 1331 nott
767 1311 860 1339 parum
875 1302 1016 1330 conferens

219 1354 254 1380 ad
269 1353 347 1381 ﬁdem
364 1352 522 1385 faciendam,
535 1357 562 1379 et
585 1358 740 1386 prteparans
753 1358 846 1378 eorum
872 1354 990 1377 mentem
1007 1357 1014 1374 :

221 1399 265 1434 qui
278 1404 367 1427 autem
379 1399 480 1434 pritttus
493 1398 588 1433 dignus
599 1403 640 1425 est
656 1397 762 1424 habitus
775 1397 819 1431 qui
830 1404 891 1423 etttn
902 1395 1014 1428 videret,

223 1453 328 1480 magna,
345 1445 507 1472 sicutantea
530 1444 595 1477 dixi,
620 1443 671 1470 ﬁde
686 1449 754 1477 opus
769 1441 884 1470 habebat
895 1462 902 1474 ,
919 1449 952 1468 ne
967 1441 1015 1467 ad-

219 1493 349 1525 mirabili,
363 1498 390 1519 et
404 1491 474 1526 quod
490 1499 598 1518 onmem
609 1495 717 1525 superat
728 1490 892 1524 opiniottetn,
905 1494 1015 1516 contur-

220 1540 332 1566 l-arctur
345 1537 508 1573 spectaculo.
524 1536 667 1571 Propterea
683 1536 798 1570 primum
807 1539 915 1570 apparet
924 1534 1014 1561 Petro.

223 1584 288 1611 Nam
303 1584 348 1618 qni
365 1581 616 1618 primusCltristunt
639 1586 681 1608 est
703 1580 851 1613 confessus,
863 1579 923 1615 jure
936 1580 1015 1607 etiam

222 1631 319 1664 dignus
331 1633 371 1655 est
380 1628 486 1655 habitus
500 1627 545 1662 qui
557 1627 658 1661 primus
669 1626 771 1653 videret
783 1626 1014 1653 resurrectionem.

223 1675 280 1702 Non
297 1678 406 1708 propter
423 1673 473 1700 hoc
485 1678 574 1700 autem
589 1675 701 1707 apparet
717 1671 766 1698 soli
777 1671 857 1698 Petro
868 1690 876 1704 ,
892 1670 939 1698 sed
949 1677 1016 1704 quo-

224 1720 295 1746 niam
309 1724 335 1746 et
350 1719 434 1754 ipsum
451 1723 604 1753 negaverat,
619 1725 650 1745 ex
664 1715 826 1744 abundantia
841 1723 903 1743 eum
917 1723 1015 1743 conso-

225 1768 282 1793 lans
294 1771 322 1794 et
334 1765 478 1793 ostendens
489 1772 541 1792 non
556 1772 616 1792 esse
629 1763 764 1799 repulsum
774 1784 782 1796 ,
795 1767 857 1790 ante
869 1762 938 1790 alios
953 1770 1014 1789 eum

225 1814 275 1841 bac
285 1813 410 1847 dignatus
421 1817 462 1839 est
475 1811 588 1843 visione,
605 1816 629 1837 et
645 1809 732 1845 primo
741 1816 806 1837 oves
820 1808 937 1836 tradidit.
954 1808 1018 1835 Pro-

225 1865 315 1894 pterea
328 1859 408 1886 etiam
434 1858 527 1894 primis
541 1857 615 1885 visus
629 1861 671 1884 est
691 1856 858 1883 mulieribus.
885 1855 1016 1889 Quoniam

226 1905 336 1932 minoris
351 1904 512 1932 conditionis
527 1908 584 1931 erat
598 1903 642 1930 hic
654 1909 743 1934 sexus,
761 1907 902 1937 propterea
922 1901 1018 1930 mulier

224 1952 288 1978 etin
299 1951 357 1985 ejus
372 1955 431 1977 ortu
446 1954 472 1977 et
488 1952 514 1976 in
537 1948 734 1976 resurrectione
753 1947 838 1982 prima
853 1948 932 1975 sentit
958 1954 1019 1982 gra-

226 1999 300 2025 tiam.
316 1997 378 2024 Post
393 1996 500 2023 Petrum
515 1999 603 2022 autem
619 1999 644 2021 et
657 1994 771 2029 sparsim
785 1993 1018 2028 unicuique'appa-

226 2048 284 2076 ret;
313 2047 339 2069 et
361 2041 504 2076 aliquando
529 2039 636 2075 quidem
662 2039 850 2074 paucioribus,
874 2038 1018 2074 aliquando

225 2093 314 2115 autem
328 2086 459 2121 pluribus,
482 2085 556 2120 ipsos
576 2084 646 2111 inter
659 2091 690 2111 se
712 2089 794 2111 testes
814 2089 841 2111 et
853 2083 1017 2111 doctores‘in

226 2132 400 2164 boefaciens,
427 2135 454 2158 et
478 2129 615 2165 apostolos
630 2129 745 2157 reddens
767 2129 819 2157 ﬁde
831 2130 926 2165 dignos
941 2130 967 2157 in
986 2130 1018 2157 iis

225 2187 285 2214 quin
297 2177 430 2204 dicebant.
444 2175 593 2202 Novissime.
601 2179 684 2202 autem
699 2175 812 2202 omnium
825 2180 952 2211 tamquam
965 2176 1018 2202 cui-

226 2225 286 2252 dam
296 2223 485 2250 abortivo-uisus
497 2225 534 2248 est
554 2221 626 2248 mihi.
636 2220 704 2254 Quid
718 2221 767 2248 sibi
782 2222 875 2249 volunt
896 2222 938 2249 hic
961 2222 1018 2249 hmc

227 2270 308 2298 verba
320 2267 488 2301 humilitatis,
499 2271 546 2294 aut
559 2274 702 2302 quamnam
717 2266 817 2295 habent
830 2267 1019 2295 occasionem?

227 2316 292 2344 Nam
305 2315 327 2342 si
343 2314 399 2341 vult
411 2321 439 2341 se
451 2320 512 2342 esse
522 2312 573 2340 ﬁde
581 2311 693 2348 dignum
705 2316 732 2340 et
746 2313 863 2348 seipsum
877 2312 976 2340 referre
991 2313 1017 2340 in

228 2369 367 2390 numerum
378 2361 483 2388 testium
491 2359 706 2392 resurnctionis,
717 2360 879 2387 contrarium
891 2359 1018 2394 facitejus

228 2407 298 2442 quod
306 2407 411 2435 volebat
421 2415 428 2433 :
437 2410 573 2441 oporteret
579 2405 651 2433 enim
657 2412 687 2432 se
695 2405 834 2438 extollere,
841 2409 869 2433 et
876 2405 1019 2433 ostendere

228 2461 288 2482 esse
303 2460 438 2487 magnum,
451 2451 522 2487 quod
535 2458 608 2486 saepe
623 2450 686 2478 facit
695 2458 756 2479 eum
772 2455 878 2486 tempus
891 2450 1016 2485 postulat.

228 2501 372 2535 Propterea
387 2499 459 2525 enim
488 2497 531 2524 hic
549 2505 654 2532 quoque
672 2495 792 2524 modeste
812 2496 936 2530 loquitur,
952 2504 1017 2532 quo-

227 2547 298 2574 niam
308 2545 359 2572 hoc
368 2551 424 2572 erat
434 2543 568 2575 facturus;
580 2543 626 2570 sed
636 2550 689 2570 non
699 2543 800 2576 statim,
812 2549 904 2570 verum
915 2550 1017 2570 eamea

227 2599 279 2626 qua
291 2599 339 2626 par
350 2595 391 2618 est
405 2590 555 2625 prudentia.
570 2589 637 2616 Nam
649 2597 709 2616 cum
725 2589 799 2624 prius
812 2588 934 2616 modeste
946 2595 1019 2617 esset

228 2638 364 2672 loquutus,
378 2636 442 2663 etin
457 2643 487 2663 se
502 2635 600 2662 multas
614 2633 794 2670 congessisset
806 2636 1016 2668 criminationes,

227 2689 291 2710 tunc
304 2689 347 2710 res
360 2689 423 2709 suas
440 2681 592 2715 ampliﬁcat.
612 2681 720 2715 Quare?
743 2681 776 2710 Ut
803 2689 863 2710 cum
892 2689 1016 2718 magnum

228 2728 364 2765 quidpiam
378 2732 406 2754 et.
419 2727 534 2754 sublime
548 2726 582 2754 de
596 2733 625 2754 se
639 2726 764 2761 loquutus
786 2727 874 2760 fuerit,
891 2733 920 2756 ut
940 2727 1015 2761 illud,

228 2776 291 2804 Plus
304 2783 380 2810 quam
390 2781 478 2802 omnes
486 2772 608 2805 laboravi,
623 2780 654 2800 ea
668 2774 771 2801 ratione
782 2779 855 2809 grata
866 2779 893 2802 et
908 2779 1015 2810 accepta

228 2822 260 2849 sit
272 2821 371 2853 oratio.
385 2819 456 2855 quod
470 2827 504 2848 ex
517 2818 632 2854 quadam
647 2819 746 2846 dictum
760 2819 795 2847 sit
813 2820 1015 2856 consequentia,

228 2877 279 2897 nou
296 2876 327 2896 ex
346 2866 513 2902 pweedeute
535 2865 668 2893 instituto.
686 2864 830 2899 Propterea
856 2867 937 2894 etiam
950 2868 1016 2895 seri-

591 143 618 172 S.
640 141 777 171 IOANNIS
796 140 1031 170 CHRYSOSTOMI
1052 141 1209 170 ARCHIEP.
1230 139 1498 169 CONSTANTINOI‘.

1806 147 1858 175 Γ)ὲὸ

1067 197 1132 225 bens
1153 198 1186 224 ad
1204 197 1384 231 Timotheum,
1407 207 1468 226 etnu
1492 204 1564 228 esset
1577 207 1670 236 magna
1685 201 1720 229 de
1733 208 1762 229 se
1772 202 1860 229 dictu.

1065 250 1121 274 rus,
1148 243 1220 277 prius
1236 244 1310 278 ponit
1330 251 1392 272 suas
1412 245 1613 273 criminationes
1627 246 1636 281 (
1648 247 1673 274 l.
1688 246 1756 274 Tim.
1772 249 1798 275 l.
1813 249 1856 275 ii.

1064 291 1162 324 seqq).
1181 289 1245 316 Nam
1259 290 1303 324 qui
1317 289 1350 316 de
1364 290 1424 317 aliis
1438 291 1545 325 quidem
1567 299 1691 327 magnum
1706 293 1769 328 qttid
1781 294 1857 325 dicit,

1066 334 1197 369 intrepide
1210 334 1328 369 loquitur
1339 339 1366 362 et
1378 343 1472 363 secure
1485 337 1544 372 :qui
1557 342 1644 364 autent
1656 345 1768 366 necesse
1778 339 1859 366 habet

1065 380 1182 415 seipsum
1192 381 1313 414 laudare,
1331 382 1446 410 maxime
1459 390 1522 410 vero
1538 391 1598 410 cum
1612 384 1731 419 seipsum
1754 385 1858 420 profert

1066 430 1172 458 testem,
1189 427 1291 461 pudore
1299 428 1414 455 afﬁcitur
1424 433 1457 456 et
1469 429 1613 456 erubescit.
1624 429 1686 456 Ideo
1698 430 1742 458 hic
1754 439 1860 466 quoque

1066 471 1160 500 beatus
1185 473 1301 508 seipsunt
1332 475 1406 509 prius
1429 475 1554 503 miserum
1570 477 1732 511 pronuntiat,
1747 483 1775 505 et
1797 483 1860 506 tttuc

1066 517 1130 545 illud
1145 526 1270 553 magnum
1290 520 1415 555 loquitur.
1430 521 1485 548 Hoc
1509 526 1598 549 autem
1615 522 1687 556 facit,
1703 527 1731 550 et
1744 523 1861 558 propria

1065 563 1152 591 laudis
1161 565 1308 592 molestiam
1319 573 1454 600 resceans,
1464 571 1555 602 etquae
1568 571 1733 602 postea-sunt
1746 569 1860 597 dicenda

1066 610 1129 637 hinc
1141 610 1193 638 ﬁde
1205 611 1282 646 digna
1293 611 1423 640 efﬁciens.
1445 612 1511 640 Nam
1535 613 1579 648 qui
1604 622 1664 649 qua:
1685 619 1748 642 sunt
1762 615 1862 649 probro

1065 655 1152 683 danda
1167 665 1228 683 etttn
1245 658 1354 686 veritate
1368 659 1469 692 retulit,
1486 664 1513 686 et
1528 659 1593 686 nihil
1608 661 1816 694 corum-celavit,
1833 666 1862 690 ut

1065 703 1138 737 quod
1154 703 1298 730 Ecclesium
1313 704 1349 730 sit
1371 709 1557 740 persequutus,
1580 705 1651 741 quod
1665 707 1744 734 ﬁdem
1758 707 1862 735 labefa-

1066 753 1140 777 ctare
1152 754 1275 783 conntus,
1290 750 1352 778 hinc
1366 751 1446 779 etiam
1459 752 1543 780 efficit
1558 756 1588 780 ut
1600 760 1660 788 quae
1673 758 1736 781 sunt
1745 753 1860 782 honesta

1065 795 1120 823 sint
1134 796 1244 824 minime
1254 803 1389 832 suspecta.

1102 843 1129 870 5.
1140 842 1285 871 Considera
1300 849 1389 872 autem
1403 852 1481 880 quam
1505 846 1614 880 insignis
1637 847 1671 874 sit
1685 846 1743 882 ejus
1755 847 1864 875 humili-

1067 888 1138 916 litus.
1152 888 1218 916 Nam
1234 897 1295 917 cum
1321 890 1443 924 dixisset,
1470 891 1615 919 Novissime
1640 897 1725 921 autent
1742 896 1863 921 omnium

1067 935 1134 962 visus
1147 940 1183 962 eu
1204 940 1226 962 et
1242 936 1314 969 mihi,
1331 944 1364 963 eo
1387 945 1441 964 nott
1457 937 1506 964 fttit
1520 942 1684 966 contentus:
1700 938 1777 966 Multi
1788 941 1863 967 enim

1067 981 1205 1013 novissimi,
1222 981 1317 1016 inquit,
1329 983 1414 1017 primi,
1437 987 1464 1010 et
1489 984 1566 1018 primi
1588 985 1718 1012 novissimi
1745 985 1862 1020 (Manli.

1067 1027 1112 1055 19.
1217 1027 1360 1063 Propterea
1388 1029 1509 1062 addidit,
1529 1029 1669 1065 Tamquam
1691 1032 1791 1059 cuidam
1813 1033 1864 1059 a6-

1067 1073 1156 1101 ortivo.
1181 1073 1272 1109 Neque
1299 1074 1342 1102 hic
1370 1075 1454 1108 stetit,
1475 1075 1522 1103 sed
1551 1084 1629 1104 suum
1657 1078 1739 1105 etiam
1759 1077 1866 1105 addidit

1066 1119 1196 1154 judicium
1225 1129 1231 1146 τ
1260 1119 1287 1146 9.
1318 1119 1373 1155 Ego
1399 1120 1465 1147 enim
1490 1129 1546 1148 sum
1579 1122 1698 1149 minimus
1731 1124 1865 1158 apostolo-

1068 1173 1145 1192 rum:
1159 1167 1201 1200 qui
1221 1175 1271 1193 non
1291 1174 1346 1193 sum
1365 1168 1457 1201 dignus
1479 1167 1564 1194 vocari
1586 1168 1727 1202 apostolus,
1742 1170 1866 1203 quoniam

1068 1217 1231 1248 persequutus
1251 1221 1306 1240 sum
1329 1211 1470 1240 Ecclesium
1492 1213 1551 1241 Dei.
1572 1214 1629 1241 Non
1651 1215 1734 1248 dixit,
1754 1215 1864 1242 Duode-

1067 1259 1120 1285 cim
1146 1259 1243 1291 solum,
1271 1259 1318 1287 sed
1332 1260 1412 1287 etiam
1431 1260 1544 1288 aliorum
1567 1260 1698 1287 omnium.
1727 1260 1789 1288 llmc
1811 1270 1865 1288 att-

1068 1310 1121 1332 tem
1143 1306 1231 1332 omnia
1252 1305 1372 1339 dicebat,
1387 1306 1466 1333 simul
1485 1311 1513 1333 et
1534 1312 1612 1334 tttens
1627 1306 1768 1340 modestia,
1783 1313 1810 1334 et
1823 1309 1867 1335 sic

1067 1358 1096 1379 ut
1111 1353 1164 1379 dixi
1177 1352 1299 1386 affectus,
1315 1357 1341 1379 et
1355 1353 1426 1388 quod
1439 1353 1581 1380 dicendum
1601 1358 1658 1381 erat
1673 1354 1753 1388 vprius
1768 1354 1867 1388 dispo-

1068 1406 1146 1432 nens,
1165 1404 1192 1426 et
1217 1404 1247 1433 ut
1269 1399 1403 1426 lubentius
1419 1400 1587 1434 exciperetur
1606 1399 1734 1427 efficiens.
1758 1400 1823 1427 Nam
1838 1401 1867 1428 si

1068 1450 1275 1480 prietergresms
1289 1445 1412 1477 dixisset,
1431 1445 1537 1473 Debetis
1553 1445 1616 1473 tnihi
1642 1446 1764 1478 credere,
1789 1447 1867 1481 quod

1068 1491 1191 1518 Christus
1218 1491 1411 1523 resurrexerit;
1443 1491 1494 1518 vidi
1524 1491 1596 1518 enitn
1626 1491 1724 1526 ipsum,
1749 1496 1776 1519 et
1801 1499 1867 1519 sum

1068 1536 1188 1564 omnium
1204 1536 1255 1564 ﬁde
1267 1535 1450 1571 dignissimus,
1466 1541 1493 1563 ut
1505 1537 1549 1572 qui
1570 1536 1630 1572 plus
1643 1536 1819 1564 laboraverim
1835 1537 1867 1564 id

1068 1581 1139 1617 quod
1154 1582 1292 1609 dicebatur
1305 1582 1386 1609 etiam
1407 1581 1562 1610 offendisset
1575 1589 1623 1609 eos
1637 1582 1682 1617 qui
1697 1582 1838 1610 audiebant
1857 1591 1866 1609 :

1069 1635 1140 1655 nunc
1155 1632 1244 1654 autent
1261 1627 1287 1654 in
1303 1627 1382 1655 rebus
1406 1627 1550 1655 humilibus
1570 1632 1597 1654 et
1622 1628 1734 1662 abjectis
1747 1629 1866 1663 prinmm

1068 1677 1199 1705 versatus,
1213 1677 1240 1700 et
1253 1673 1279 1700 in
1289 1673 1321 1700 iis
1330 1680 1388 1708 qua:
1399 1673 1584 1700 criminatione
1594 1673 1672 1708 digna
1685 1679 1761 1701 erant
1771 1682 1778 1706 ;
1791 1674 1869 1708 ejus-

1069 1719 1140 1746 modi
1170 1718 1332 1746 narrationis
1356 1719 1503 1754 amputavit
1527 1719 1712 1754 asperitatem.
1743 1725 1770 1746 ct
1792 1720 1867 1747 viam

1068 1766 1164 1794 muniit
1188 1765 1221 1792 ad
1249 1765 1394 1793 faciendam
1420 1765 1573 1793 testimonio
1596 1765 1686 1792 ﬁdem.
1708 1765 1863 1800 Propterea

1069 1819 1156 1847 neque
1168 1811 1264 1843 solum,
1280 1816 1309 1838 ut
1323 1811 1396 1843 dixi,
1406 1819 1435 1839 se
1445 1811 1600 1847 pronuntiat
1610 1819 1669 1839 esse
1683 1811 1817 1845 ultimum,
1833 1817 1867 1840 et.

1069 1857 1206 1892 indignum
1221 1856 1265 1892 qtti
1279 1857 1428 1891 appelletur
1436 1856 1583 1891 apostolus,
1595 1856 1644 1884 sed
1654 1856 1731 1884 all‘ert
1741 1864 1865 1889 causam,

1068 1903 1177 1935 dicens,
1202 1903 1329 1938 Quoniam
1349 1908 1513 1938 persequutus
1533 1911 1588 1930 sum
1609 1902 1762 1930 Ecclesium.
1783 1904 1866 1937 Atqui

1069 1949 1157 1976 omnia
1171 1948 1216 1976 illa
1231 1948 1337 1976 fuerant
1351 1949 1473 1980 remissa,
1484 1949 1531 1975 sed
1545 1953 1632 1976 tamen
1647 1948 1703 1984 ipse
1717 1956 1866 1983 numquam

1069 1998 1112 2022 est
1121 2002 1217 2022 eorum
1233 1994 1342 2026 oblitus,
1355 1994 1452 2022 volens
1465 1993 1607 2021 ostendere
1621 1995 1714 2029 gratia:
1728 1996 1867 2030 magnitn~

1069 2041 1169 2068 dinem.
1182 2039 1217 2068 Et
1233 2040 1291 2067 ideo
1308 2039 1453 2075 subjungit,
1465 2039 1558 2068 dicens
1573 2049 1579 2066 :
1597 2040 1641 2068 l0.
1661 2040 1754 2068 Gratia
1779 2046 1866 2068 autem

1070 2085 1118 2113 Dei
1129 2094 1184 2113 sum
1202 2085 1269 2120 quod
1287 2093 1353 2112 sitm.
1371 2085 1493 2112 Vidistin’
1518 2093 1624 2113 rursum
1638 2085 1716 2113 alium
1729 2093 1864 2113 summam

1070 2130 1263 2158 humilitatem?
1278 2130 1342 2157 Nam
1358 2130 1456 2157 delicta
1481 2130 1588 2165 quidem
1610 2130 1660 2158 sibi
1675 2131 1796 2159 attribuit
1806 2153 1814 2164 ,
1827 2139 1864 2159 ex

1069 2183 1142 2205 recte
1152 2182 1240 2204 autem
1255 2177 1330 2203 factis
1344 2177 1393 2203 sibi
1406 2176 1482 2208 nihil,
1498 2176 1545 2204 sed
1558 2182 1639 2204 totum
1656 2178 1712 2206 Deo
1722 2178 1864 2207 adscribit.

1071 2223 1171 2251 Deinde
1182 2230 1216 2250 ne
1231 2223 1273 2250 ltic
1287 2222 1434 2250 auditorem
1449 2223 1543 2250 reddat
1565 2223 1701 2258 supinum,
1725 2225 1801 2257 dicit,
1829 2225 1866 2252 Et

1069 2269 1152 2303 gratia
1159 2269 1213 2303 ejus
1226 2268 1252 2294 in
1263 2276 1302 2294 me
1313 2276 1390 2294 vacua
1397 2277 1447 2295 mm
1457 2269 1514 2303 fuit.
1526 2268 1562 2296 Et
1570 2269 1621 2296 hoc
1632 2277 1725 2297 rursus
1734 2270 1864 2298 demisse.

1069 2313 1127 2341 Non
1143 2313 1208 2340 dixit
1224 2314 1294 2340 ettim
1305 2333 1313 2345 ,
1337 2313 1446 2340 Ostendi
1461 2314 1578 2342 studium
1594 2323 1625 2342 ac
1640 2315 1806 2350 diligentiam
1819 2317 1865 2343 di-

1069 2367 1148 2394 gnam
1161 2359 1255 2394 gratia.
1271 2359 1318 2387 sed
1334 2359 1377 2386 illa
1396 2359 1482 2387 Vacua
1490 2368 1539 2387 mm
1550 2361 1608 2396 fuit.
1625 2360 1678 2388 Sed
1690 2361 1866 2389 abundantius

1070 2406 1121 2433 illis
1135 2406 1250 2433 omnibus
1274 2405 1396 2433 laboraui.

1105 2452 1184 2480 Pauli
1198 2453 1336 2480 humilitas.
1349 2452 1447 2480 —Non
1461 2452 1537 2486 dixit,
1548 2451 1613 2480 Sum
1628 2453 1787 2486 honoratus,
1803 2454 1864 2486 sed,

1070 2499 1195 2527 Labaravi
1209 2507 1218 2525 :
1231 2503 1328 2526 etcum
1343 2503 1433 2534 posset
1443 2499 1531 2526 dicere
1543 2503 1570 2526 et
1585 2499 1701 2533 pericula
1713 2503 1741 2526 et
1751 2506 1864 2532 mortes.

1070 2545 1178 2573 nomine
1203 2544 1301 2572 laboris
1325 2551 1417 2572 rursus
1441 2549 1568 2572 extenuat
1592 2545 1662 2580 quod
1681 2545 1784 2572 dictum
1811 2550 1863 2573 est.

1071 2591 1171 2619 Deinde
1186 2598 1279 2618 rursus
1300 2591 1378 2618 solita
1393 2595 1471 2618 utens
1487 2591 1649 2624 humilitate,
1677 2591 1729 2618 hoc
1754 2599 1864 2626 quoque

1069 2637 1123 2663 cito
1145 2636 1336 2670 praeterCnrrit,
1365 2640 1391 2662 et
1417 2640 1502 2662 totum
1525 2635 1579 2663 Deo
1591 2635 1728 2667 adscribit.
1747 2635 1862 2664 dit-ens:

1072 2681 1133 2709 Non
1142 2690 1187 2718 ego
1200 2689 1293 2715 autaut,
1309 2682 1353 2709 sed
1360 2682 1444 2717 gratia
1455 2681 1503 2708 Dei
1514 2690 1620 2709 mecum.
1633 2682 1702 2716 Quid
1712 2681 1763 2709 hac
1772 2682 1863 2709 anima

1071 2729 1150 2757 fuerit
1162 2727 1365 2756 admirabilius?
1391 2727 1455 2754 Nam
1469 2734 1529 2754 eum
1542 2735 1590 2762 per
1602 2732 1655 2755 tam
1669 2728 1753 2755 multa
1767 2735 1798 2755 se
1811 2727 1863 2755 de-

1071 2775 1222 2812 pressisset,
1238 2779 1265 2802 et
1287 2782 1367 2801 ttnttm
1383 2773 1510 2808 quiddam
1534 2773 1616 2801 altutn
1630 2774 1717 2801 solum
1732 2778 1807 2801 esset
1819 2773 1862 2800 ιο.

1071 2827 1178 2858 quutus.
1193 2829 1227 2849 ne
1242 2821 1292 2848 hoc
1305 2820 1413 2856 quidem
1427 2827 1504 2847 suum
1516 2827 1575 2847 esse
1587 2819 1662 2851 dicit.
1672 2824 1699 2848 et
1711 2827 1747 2847 ex
1759 2820 1793 2847 Iis
1802 2827 1864 2855 qua

1070 2871 1262 2903 prmesserum
1284 2869 1308 2889 et
1323 2871 1382 2900 qum
1398 2866 1493 2899 postea
1502 2866 1565 2890 sunt
1573 2865 1698 2898 soquuta,
1712 2865 1796 2894 altum
1811 2865 1863 2893 hoc
