2034 3109
148 167 202 194 599

147 220 259 247 verbum
271 220 438 254 deprimens,
451 219 530 254 idqtte
544 226 604 247 cum
618 227 650 245 ex
673 218 833 246 necessitate
857 216 890 244 ad
914 216 940 244 id

146 266 273 293 venisset.
292 265 359 293 Vide
380 271 470 293 autem
489 273 569 300 quatn
585 265 619 292 sit
641 264 732 299 largus
743 269 770 292 et
780 264 905 298 copiosus
916 263 942 290 in

147 310 236 338 verbis
252 311 422 339 humilitatis.
438 312 541 338 Etenim
555 310 698 338 Novissima
709 311 832 342 outnium,
846 309 941 344 inquit,

145 356 208 382 milii
221 357 288 383 uisus
300 362 336 384 est
346 365 355 389 ;
367 362 505 393 propterea
518 365 603 392 neque
613 365 702 384 secttm
717 357 791 392 ponit
804 357 884 384 alium
896 364 903 388 ;
916 361 944 383 et

147 402 293 436 Tamquam
304 404 408 430 cuidam
421 404 544 436 abortivo,
561 403 753 438 minimumque
765 410 795 430 se
808 410 867 430 esse
880 402 943 429 dicit

145 448 267 475 omnium
281 449 473 484 apostolorum,
489 454 577 476 etnec
588 456 648 476 csse
659 449 768 484 dignum
784 448 832 484 qui
845 449 881 475 sic
898 457 944 481 ap-

146 494 272 528 pelletur.
287 494 379 530 Neque
395 495 437 522 bis
454 495 503 522 fttit
525 498 677 527 contentus,
700 494 747 522 sed
775 501 809 521 ne
824 493 944 520 videatur

145 539 235 567 verbis
248 547 309 568 esse
321 539 442 573 humilis,
458 539 536 567 ati'ert
543 539 624 567 etiam
635 546 730 567 causas
739 544 765 566 et
773 539 943 566 dentonstra~

146 586 244 618 tiones,
258 585 332 620 quod
347 586 382 613 sit
405 585 513 620 quidem
527 585 676 618 abortivus,
688 584 812 620 quoniam
827 585 883 619 ipse
896 584 942 611 Je-

145 639 204 658 sum
220 631 287 658 vidit
301 630 453 666 posterior;
477 630 548 666 quod
574 635 663 658 autem
690 631 726 657 sit
748 630 873 665 indignus
897 629 943 664 qui

146 676 296 711 appelletur
304 677 451 711 apostolus,
464 677 591 711 quoniam
603 681 779 711 persequutus
790 680 832 703 est.
846 675 941 702 Eccle-

145 723 225 749 siam.
239 722 306 749 Nam
322 723 367 757 qui
392 727 494 750 temere
507 728 534 750 et
548 722 746 750 inconsiderate
759 726 801 750 est
823 722 940 755 humilis,

146 767 197 795 hoc
210 776 264 795 non
281 767 361 795 facit:
374 769 418 803 qui
429 773 516 795 autem
531 768 611 796 etiam
627 768 703 796 θῆαι-1
711 776 817 800 causas,
830 769 942 796 contrita

147 818 237 841 mente
246 814 336 841 omnia
349 814 474 849 loquitur.
487 815 668 849 Quamobrem
679 816 759 842 etiam
773 815 835 842 alibi
849 822 941 843 eorum

147 860 279 891 meminit.
293 859 384 887 dicens
399 869 405 887 :
420 859 536 887 Gratiam
552 866 634 888 autent
650 862 729 888 habeo
747 861 770 887 ei
780 862 823 896 qui
834 869 873 888 me
886 869 942 887 cor-

147 905 273 932 roborauit
284 904 397 936 Christo,
411 906 482 939 quoa‘
499 914 537 933 me
550 907 650 941 ﬁdelem
673 914 726 933 esse
747 907 940 939 existimaverit,

146 951 216 986 quod
225 959 265 978 me
279 951 314 977 ad
325 952 493 978 ministerium
510 953 632 986 posuerit,
646 954 689 988 qui
702 954 774 988 prius
793 962 861 980 erant
875 954 943 981 blas-

148 995 254 1031 phemus
267 1001 290 1023 et
300 1002 464 1031 persequatur
475 1003 497 1023 et
506 997 701 1025 contumeliosus
714 999 756 1034 (l.
768 999 833 1026 Tim.
843 1000 869 1026 1.
885 999 941 1034 12).

147 1041 237 1075 Quare
248 1046 337 1070 autem
352 1042 403 1069 hoc
416 1050 522 1078 quoque
537 1044 622 1070 altum
641 1044 752 1071 verbum
774 1049 814 1073 est
829 1045 942 1080 eloquu-

148 1092 201 1119 uts,
214 1087 395 1115 Abundantius
419 1088 482 1123 ipsis
495 1089 628 1117 laboraui?
654 1089 768 1118 Videbat
785 1095 889 1125 tempus
901 1090 942 1118 af-

148 1134 216 1160 ferre
242 1134 440 1161 necessitatem.
469 1134 534 1162 Nam
559 1135 582 1162 si
611 1135 661 1163 hoc
685 1143 737 1163 non
758 1137 880 1169 dixisset,
895 1136 943 1164 sed

148 1178 265 1213 seipsum
273 1179 359 1206 solum
372 1179 563 1213 vllipendisset,
574 1181 709 1215 quomodo
719 1182 850 1216 potuisset
859 1182 943 1210 libere

148 1227 176 1251 ct
184 1224 352 1251 conﬁdenter
366 1225 485 1259 scipsunt
499 1226 583 1253 citare
595 1226 628 1254 ad
641 1227 832 1260 testimonium,
843 1233 942 1256 etcum

115 1286 117 1288 τ
149 1269 207 1297 aliis
220 1277 382 1298 enumerare
396 1275 423 1298 et
438 1271 536 1304 dicere,
554 1272 615 1299 Sive
628 1273 695 1300 enim
707 1281 763 1308 ego,
782 1274 834 1301 sive
847 1274 896 1307 illi,
906 1275 943 1302 sic

149 1315 336 1348 pmdicamus.’
357 1315 464 1344 Testem
479 1318 549 1344 enim
571 1323 677 1353 oportet
695 1325 752 1346 esse
768 1319 820 1347 lide
833 1319 942 1354 dignum

148 1367 174 1389 ct
187 1369 322 1398 magnum.
336 1363 474 1397 Quomodo
487 1370 577 1392 autem
597 1366 659 1393 aliis
673 1367 852 1395 abundantius
865 1368 940 1395 labo-

148 1409 256 1441 raverit,
267 1410 383 1437 ostendit
401 1411 535 1446 superius,
559 1412 652 1440 dicens
667 1421 673 1439 τ
691 1413 730 1440 An
753 1422 803 1440 non
823 1414 944 1442 habemur

149 1459 295 1487 potestatem
312 1456 458 1483 comedendi
483 1462 506 1483 et
519 1457 619 1484 bibendi
632 1459 697 1485 sicut
712 1464 734 1485 et
748 1459 794 1486 alii
815 1460 944 1495 apostoli?

149 1503 175 1526 et
187 1507 290 1531 rursus.
305 1499 400 1528 Factus
410 1510 465 1528 rum
474 1502 515 1535 iis,
531 1503 575 1537 qui
585 1508 657 1530 erant
669 1504 725 1531 sine
738 1504 801 1540 lege,
817 1509 944 1541 tamquam

149 1554 226 1573 essem
238 1547 294 1574 sine
307 1548 361 1583 lege
374 1549 384 1583 (
396 1549 420 1575 l.
437 1548 497 1576 Cor.
513 1549 540 1576 9.
556 1550 583 1577 4.
605 1549 668 1585 21).
688 1550 737 1579 Ubi
752 1551 822 1579 enim
835 1557 943 1586 oporte-

150 1591 195 1619 bat
214 1593 358 1621 ostendere
370 1600 493 1622 exactam
514 1596 678 1631 diligentiam
699 1602 726 1625 et
742 1598 942 1632 perfectionem,

150 1646 245 1666 omnes
266 1640 402 1674 superavit
415 1649 421 1666 :
438 1645 465 1667 et
480 1641 523 1668 ubi
534 1642 709 1670 conveniebat
723 1650 752 1670 se
764 1643 905 1671 demittere
917 1649 944 1672 et

149 1683 208 1711 aliis
222 1686 433 1719 accommodare,
444 1686 469 1714 id
480 1694 586 1723 quoque
601 1687 764 1716 excellenter
778 1688 848 1716 fecit.
871 1689 944 1717 Νοτι-

150 1730 215 1757 1111111
230 1735 320 1759 autem
347 1732 450 1765 dicunt,
478 1732 548 1767 quod
565 1733 663 1760 missus
683 1734 718 1760 sit
744 1734 776 1761 ad
793 1740 902 1769 gentes,
917 1742 943 1763 et

152 1776 294 1803 maximam
308 1776 382 1804 orbis
398 1782 498 1811 partem
521 1778 679 1812 pervaserit.
695 1778 773 1807 Unde
784 1785 823 1807 tst
838 1782 942 1815 perspi-

149 1830 227 1849 cuum
241 1823 314 1858 quod
328 1823 456 1857 majorem
471 1825 582 1859 gratiam
596 1825 630 1852 sit
644 1831 812 1861 assequutus.
827 1826 855 1854 Si
870 1828 942 1854 enim

152 1869 213 1904 plus
227 1869 368 1902 laboravit,
381 1871 495 1906 amplior
507 1872 587 1898 etiam
598 1877 655 1899 erat
667 1873 750 1907 gratia
765 1882 770 1900 :
786 1874 942 1908 ampliorem

149 1919 238 1943 autem
246 1916 359 1951 gratiam
370 1921 411 1943 cst
420 1922 609 1952 consequutus,
621 1918 745 1952 quoniam
758 1919 842 1953 majus
855 1924 944 1947 osten-

149 1959 187 1988 dit
196 1960 315 1988 studium
332 1966 359 1988 et
373 1962 548 1997 diligentiam.
561 1962 655 1990 Vidisti
668 1963 812 1998 quomodo,
824 1972 871 1999 per
884 1973 944 2000 qua:

148 2006 211 2034 dum
231 2007 369 2035 contendit
382 2012 409 2036 et
424 2008 519 2036 nititur
540 2016 587 2036 sua
602 2009 762 2038 adumbrare
782 2015 809 2038 et
836 2017 942 2047 tegere,

149 2051 301 2080 ostenditur
311 2053 411 2088 primus
431 2054 570 2081 omnium?

185 2098 212 2125 6.
234 2097 296 2126 1111111
319 2106 368 2126 nos
394 2107 498 2134 quoque
524 2100 682 2132 audientes,
704 2100 800 2129 delicta
833 2103 944 2138 quidem

151 2149 243 2172 nostra
258 2145 428 2173 traducamus
444 2151 472 2174 et
482 2146 507 2173 in
522 2147 655 2181 publicum
676 2147 853 2182 proferamus,
870 2155 944 2178 recte

150 2196 239 2219 autem
256 2192 324 2220 facta
339 2193 483 2225 sileamus;
500 2198 527 2221 et
542 2193 564 2221 si
580 2199 684 2229 tempus
696 2195 884 2223 necessitatem
900 2196 943 2223 af-

152 2238 218 2264 ferat
228 2258 236 2271 ,
251 2245 282 2264 ca
298 2238 418 2266 modeste
433 2238 567 2272 dicamus,
585 2244 612 2266 et
625 2244 709 2267 totttm
723 2242 815 2275 gratia:
831 2242 944 2276 impute-

152 2291 220 2310 tnus.
236 2283 313 2317 Quod
328 2286 386 2319 ipse
398 2292 506 2320 quoque
520 2285 600 2318 facit,
617 2293 716 2321 susque
728 2287 815 2322 deque
830 2289 943 2323 primam

153 2327 259 2362 quidem
275 2335 350 2356 suam
364 2333 459 2356 notans
478 2330 558 2357 vitam
570 2351 577 2363 ,
593 2339 653 2366 quae
668 2336 756 2360 autem
771 2338 862 2367 postea
882 2339 945 2361 sunt

152 2379 315 2409 consequuta
327 2395 334 2405 ,
347 2375 441 2410 gratia:
455 2375 589 2410 imputans
599 2397 606 2409 ,
621 2381 650 2404 111
665 2377 736 2404 0111111
754 2386 787 2405 ex
805 2383 879 2413 parte
893 2387 945 2406 os—

153 2420 244 2448 tendat
266 2420 314 2448 Dei
334 2420 522 2456 benignitatem
543 2427 570 2449 et
589 2422 776 2457 clementiam,
798 2424 868 2459 qttod
884 2432 944 2452 cum

153 2465 213 2493 talis
222 2470 306 2498 esset,
319 2473 381 2493 eum
396 2467 553 2500 servaverit,
569 2471 596 2495 et
608 2475 701 2495 rursus
715 2474 849 2497 servatum
866 2471 943 2498 talem

152 2511 256 2539 fecerit.
267 2511 351 2538 Nemo
362 2519 427 2546 ergo
436 2519 468 2538 ex
480 2512 522 2543 iis,
534 2513 579 2547 qui
594 2518 655 2540 sunt
668 2513 693 2540 in
706 2514 772 2540 vitio
781 2535 788 2545 .
801 2514 924 2549 desperet
936 2524 944 2548 ;

152 2565 231 2584 nemo
244 2565 277 2585 ex
291 2557 334 2590 iis,
348 2558 393 2592 qui
408 2562 470 2585 sunt
485 2558 511 2585 in
525 2559 622 2586 virtute
632 2580 639 2592 ,
657 2560 772 2587 conﬁdo:
784 2568 791 2593 ς
804 2561 851 2588 sed
865 2567 892 2589 et
903 2562 946 2590 hic

152 2602 187 2630 sit
200 2603 326 2635 timidus,
341 2607 368 2630 et
383 2603 428 2630 illc
442 2608 581 2638 promptus
595 2609 620 2631 et
641 2604 748 2632 alacris.
768 2605 859 2641 Neque
872 2607 943 2635 enim

152 2649 196 2683 qui
213 2653 256 2677 est
271 2650 346 2685 piger
365 2655 393 2677 et
414 2658 506 2677 socors
521 2671 528 2683 ,
544 2650 661 2678 suflicict
680 2651 713 2678 ad
737 2653 896 2681 tnanendum
918 2655 944 2682 in

152 2695 268 2727 virtute;
286 2703 374 2730 neque
388 2695 433 2730 qui
455 2695 572 2723 studiutn
594 2696 702 2724 adhibet
716 2702 744 2725 et
761 2698 943 2733 diligentiam,

152 2740 202 2767 erit
216 2740 368 2768 imbecillus
387 2741 421 2767 ad
440 2740 595 2776 fugiendum
611 2741 713 2770 vitium.
736 2743 836 2771 Horum
856 2749 945 2773 autem

153 2787 292 2814 att-borum
307 2788 460 2823 exemplum
475 2793 518 2816 est
530 2788 626 2816 beatus
638 2788 731 2822 David,
749 2795 776 2817 ut
791 2791 848 2826 qui,
862 2799 945 2827 quan-

154 2832 188 2860 do
202 2841 295 2868 parum
307 2834 480 2867 dormitavit,
496 2834 574 2862 valde
587 2835 724 2867 ceciderit,
739 2841 766 2863 ct
777 2837 885 2871 quando
898 2836 946 2865 fuit

154 2885 350 2915 compunctus,
371 2881 404 2908 ad
427 2881 543 2916 priorem
571 2889 693 2910 reversus
713 2882 748 2909 sit
764 2883 942 2912 altitudinem.

625 159 657 188 lN
678 158 782 187 EPIST.
805 158 813 185 l
845 158 892 186 AD
910 158 988 186 COR.
1010 156 1125 185 HOMIL.
1146 155 1289 184 XXXHU.

1733 160 1785 188 550

996 216 1064 244 Sunt
1079 216 1150 244 enim
1174 220 1284 251 utraque
1299 223 1330 244 ex
1352 225 1428 252 tuque
1443 218 1528 250 mala,
1550 222 1577 245 et
1598 218 1741 253 desperare
1760 223 1789 247 et

997 263 1099 297 pigrum
1113 270 1174 289 esse
1194 269 1226 289 ac
1239 262 1416 298 negligentem
1431 271 1439 289 :
1456 272 1516 291 natn
1533 264 1598 291 illud
1611 265 1718 300 quidem
1734 266 1787 293 cito

997 309 1086 343 dejicit
1099 306 1137 335 ab
1150 309 1207 342 ipso
1222 309 1278 335 (‘:l!ll
1295 310 1394 337 fornice
1407 318 1414 341 ;
1429 310 1479 338 hoc
1492 316 1581 338 autem
1595 319 1647 338 non
1661 312 1788 346 permittit

997 360 1026 382 111
1038 354 1083 390 qui
1100 354 1170 390 jacet
1190 360 1320 389 resurgat.
1344 356 1485 390 l'ropterea
1502 358 1538 385 illi
1554 359 1662 394 quidem
1682 360 1789 387 dicebat

996 401 1103 432 Paulus,
1117 401 1168 434 Qui
1182 401 1280 428 videtur
1293 407 1370 435 stare,
1387 403 1469 430 videat
1483 413 1513 431 ne
1526 405 1600 432 cadat
1615 407 1653 441 (2.
1668 407 1727 434 Cor.
1741 408 1785 435 10.

997 446 1040 480 12)
1054 454 1061 475 ;
1077 446 1138 473 huic
1152 452 1240 473 autent
1253 468 1260 479 ,
1287 447 1371 474 Hodie
1386 449 1407 475 si
1422 457 1506 476 uocem
1521 452 1576 485 ejus
1588 452 1721 480 audieritis
1733 475 1740 485 ,
1756 462 1787 480 ne

996 490 1122 518 obduretis
1136 491 1215 519 corda
1237 497 1318 520 vestra
1339 492 1425 529 (Psal.
1441 495 1486 522 94.
1503 497 1530 531 8)
1544 505 1550 529 ;
1567 503 1594 524 ct
1609 506 1716 532 rursus,
1733 499 1786 526 Re-

996 537 1086 563 missas
1097 546 1187 565 manus
1200 542 1223 565 et
1235 538 1358 566 dissoluta
1370 549 1451 575 genua
1464 542 1551 577 erigite
1561 543 1652 579 (Hebr.
1671 545 1714 572 12.
1728 546 1786 582 12).

996 582 1062 609 Eum
1077 590 1182 617 quoque
1197 584 1241 619 qui
1258 585 1402 613 fornicatus
1418 586 1515 621 fuerat,
1530 596 1590 616 cutn
1605 590 1700 618 ductus
1714 598 1788 620 esset

996 629 1162 663 poenitentia,
1175 636 1315 665 propterea
1329 638 1444 666 recreat,
1457 642 1490 661 ue
1505 635 1584 663 nimia
1597 638 1786 668 absorberetur

997 673 1113 702 tristitia.
1128 675 1196 708 Quid
1211 684 1276 711 ergo
1290 677 1316 703 in
1335 678 1396 706 aliis
1410 680 1500 708 animo
1513 683 1636 717 attgeris,
1652 692 1669 712 o
1686 685 1766 714 homo
1779 689 1786 714 l

995 717 1060 745 Nam
1077 720 1099 746 si
1114 721 1140 747 in
1156 723 1280 756 peccatis,
1298 724 1342 750 ubi
1357 729 1398 752 est
1413 726 1485 753 utilis
1495 727 1581 755 solum
1597 729 1703 758 tristitia
1713 752 1722 764 ,
1736 733 1787 759 1111-

996 765 1143 794 moderatio
1156 776 1280 803 magnum
1303 771 1380 798 all'ert
1393 771 1521 802 damnum
1533 795 1540 806 ,
1554 775 1637 803 multo
1653 779 1737 813 magis
1760 780 1785 806 in

994 811 1064 838 aliis.
1073 812 1126 840 Cur
1136 814 1207 840 coitu
1221 814 1296 842 doles
1308 817 1318 842 ?
1329 824 1362 843 an
1374 818 1445 852 quod
1461 821 1600 852 pecuniam
1616 811 1787 856 perdideris?

995 856 1047 885 Sed
1060 859 1146 893 cogita
1161 867 1208 887 eos
1223 861 1267 895 qui
1288 869 1321 889 ne
1336 871 1405 898 pane
1418 865 1525 899 quidem
1541 867 1688 903 satiantur,
1707 875 1734 897 ct
1749 871 1788 898 ci-

996 902 1124 930 tissimam
1144 906 1260 939 accipies
1283 908 1505 938 consolationem.
1527 912 1559 939 Et
1584 913 1611 940 in
1626 902 1787 952 unoquoque

995 956 1099 984 eorum,
1115 958 1174 985 qua:
1187 958 1249 979 sunt
1262 955 1353 988 gravia
1367 960 1394 982 et
1408 964 1512 991 aspera,
1526 967 1560 986 ne
1572 960 1672 988 deﬂeas
1683 970 1713 989 ea
1727 969 1787 999 quat

995 995 1169 1030 acciderunt;
1185 999 1231 1025 sed
1246 1008 1294 1034 pro
1310 1002 1341 1028 iis
1351 1022 1358 1032 ,
1369 1011 1428 1037 qum
1444 1012 1496 1031 non
1510 1006 1665 1035 acciderunt
1679 995 1788 1044 aspera,

995 1048 1044 1077 age
1053 1044 1162 1077 gratias.
1179 1044 1297 1073 Habuisti
1319 1050 1445 1082 pecunias
1459 1055 1486 1077 et
1500 1052 1611 1080 amisisti
1623 1054 1634 1080 ?
1648 1054 1687 1083 Ne
1702 1056 1788 1092 lacry—

994 1089 1077 1115 meris
1089 1097 1137 1123 pro
1149 1090 1247 1118 damno
1261 1113 1266 1124 .
1287 1093 1334 1121 sed
1352 1102 1401 1128 age
1420 1098 1518 1131 gratias
1538 1106 1586 1133 pro
1601 1105 1723 1136 tempore
1733 1089 1786 1138 quo

995 1133 1028 1183 iis
1043 1135 1142 1169 potitus
1156 1144 1186 1164 es
1201 1146 1208 1164 :
1222 1138 1264 1165 dic
1284 1147 1345 1167 cum
1365 1141 1433 1170 Jobo
1446 1164 1452 1174 .
1479 1145 1510 1172 Si
1531 1145 1596 1173 bona
1611 1133 1754 1183 accepimus
1771 1159 1786 1176 a

995 1178 1115 1214 Domino,
1129 1189 1174 1209 cur
1185 1183 1253 1210 ntulit
1268 1193 1318 1212 non
1330 1187 1507 1217 sustinebimus
1525 1191 1585 1226 (Job
1600 1192 1626 1220 Ξ.
1640 1178 1683 1228 16.)
1696 1195 1707 1221 ?
1719 1196 1786 1224 Cum

995 1227 1047 1256 hoc
1060 1234 1148 1257 autem
1169 1231 1234 1259 illud
1257 1234 1338 1262 etiam
1352 1236 1492 1264 considera
1508 1247 1515 1265 :
1533 1240 1555 1266 si
1572 1240 1684 1269 amisisti
1704 1250 1784 1276 pecu-

996 1274 1071 1308 nias,
1089 1279 1117 1302 at
1129 1283 1226 1312 corpus
1246 1278 1353 1306 interim
1375 1280 1458 1310 habes
1477 1291 1571 1312 sanutn
1584 1305 1592 1318 ,
1612 1291 1639 1312 ct
1661 1274 1713 1314 non
1725 1296 1786 1317 eum

996 1325 1150 1354 paupertate
1163 1322 1198 1350 de
1213 1323 1272 1357 eius
1285 1332 1392 1360 quoque
1405 1327 1559 1357 lamentaris
1574 1331 1738 1361 infirmitate.
1754 1336 1789 1362 At

995 1369 1069 1393 tutttn
1084 1368 1164 1395 etiam
1181 1376 1279 1403 corpus
1293 1371 1410 1406 aliquam
1424 1381 1531 1408 passum
1547 1382 1585 1403 cst
1601 1385 1697 1406 noxam
1709 1381 1720 1405 '.’
1734 1380 1786 1409 Sed

995 1419 1048 1439 non
1064 1417 1105 1440 est
1124 1413 1166 1442 hic
1181 1415 1278 1443 fundus
1290 1418 1420 1445 malorum
1437 1419 1629 1455 humanorum,
1646 1425 1693 1452 sed
1710 1425 1786 1453 ferris

995 1457 1102 1485 interim
1122 1459 1148 1486 111
1169 1461 1260 1488 medio
1272 1461 1354 1490 dolio.
1373 1463 1449 1492 Multi
1464 1466 1535 1493 enim
1554 1475 1614 1495 eum
1631 1476 1787 1505 paupertate

995 1509 1026 1530 ac
1039 1503 1206 1532 mutilationc
1229 1506 1363 1535 luctantur
1377 1513 1405 1536 ct
1423 1517 1483 1537 cum
1501 1503 1639 1547 dmntonc,
1655 1503 1787 1544 et-errant

995 1548 1021 1575 in
1037 1548 1151 1577 desertis
1166 1559 1172 1577 :
1193 1551 1238 1578 alii
1255 1560 1347 1580 rursus
1364 1555 1416 1581 alia
1437 1557 1572 1590 patiuntur
1591 1558 1633 1587 his
1651 1561 1786 1595 graviora.

995 1593 1072 1621 Absit
1084 1595 1155 1622 enitn
1175 1602 1204 1623 ut
1218 1598 1350 1631 patiamur
1364 1609 1539 1637 qna-cumque
1562 1605 1616 1639 pati
1632 1593 1784 1640 possumus.

996 1639 1058 1667 Ilaec
1071 1648 1136 1675 ergo
1149 1649 1257 1677 semper
1276 1649 1403 1679 reputans
1413 1667 1421 1679 ,
1437 1655 1484 1674 eos
1497 1650 1581 1684 cogita
1595 1639 1638 1686 qui
1654 1653 1790 1686 patiuntur

994 1687 1128 1720 graviora,
1142 1691 1169 1715 et
1181 1687 1216 1715 de
1227 1689 1301 1717 nullo
1315 1697 1408 1718 eorum
1424 1693 1532 1727 doleas;
1545 1696 1592 1723 sed
1607 1699 1714 1732 quando
1725 1707 1788 1734 pec-

995 1733 1065 1757 earis
1077 1752 1084 1764 ,
1103 1737 1165 1760 tttnc
1184 1733 1270 1761 solum
1286 1735 1430 1770 ingemisce
1442 1759 1449 1772 ,
1465 1744 1528 1767 tunc
1547 1740 1696 1778 lucrymttt‘c
1712 1733 1788 1773 :rnon

995 1778 1142 1814 prohibeo,
1156 1780 1203 1808 sed
1227 1782 1317 1815 potius
1338 1784 1451 1818 lturlor;
1470 1790 1497 1813 et
1520 1791 1584 1816 tunc
1604 1798 1712 1825 quoque
1727 1799 1788 1820 cum

995 1824 1191 1859 moderatione,
1207 1828 1327 1862 cogitans
1340 1830 1411 1864 quod
1425 1832 1460 1858 sit
1474 1835 1603 1868 reversio,
1619 1837 1654 1863 sit
1668 1840 1790 1866 1110111161-

996 1869 1079 1897 liatio.
1097 1873 1131 1898 At
1152 1871 1229 1900 vides
1243 1873 1311 1902 alios
1325 1882 1385 1903 esse
1407 1876 1433 1903 in
1453 1877 1576 1911 deliciis,
1602 1886 1627 1909 te
1650 1888 1739 1910 autem
1763 1886 1789 1912 in

997 1922 1153 1952 paupertate
1165 1940 1173 1952 ,
1188 1919 1324 1956 aliumque
1335 1922 1485 1957 splendidis
1497 1924 1619 1955 indutum
1632 1930 1750 1958 vestibus
1762 1938 1791 1959 et

996 1963 1167 1997 conspicuum
1183 1965 1266 1993 esse?
1282 1966 1380 1994 Verum
1397 1976 1432 1995 nc
1445 1969 1503 1998 luce
1520 1972 1607 2000 solum
1622 1976 1788 2010 consideres,

996 2007 1044 2035 sed
1058 2009 1138 2036 etiam
1153 2017 1199 2037 eas
1213 2019 1273 2046 qua:
1287 2018 1349 2040 sunt
1363 2021 1395 2040 cx
1411 2014 1452 2042 bis
1467 2017 1613 2046 molestias.
1630 2021 1658 2047 111
1674 2007 1789 2057 pauper;

996 2057 1050 2082 tate
1066 2060 1155 2083 autem
1178 2065 1211 2084 ne
1226 2059 1381 2087 consideres
1403 2063 1488 2090 solum
1507 2065 1703 2096 mendicitatem
1716 2091 1724 2102 ,
1740 2071 1787 2098 sed

996 2099 1076 2127 etiam
1091 2108 1149 2128 eam
1164 2110 1223 2137 qua:
1238 2104 1300 2132 inde
1314 2107 1418 2141 capitur
1432 2109 1606 2145 voluptatem.

1033 2145 1197 2183 Paupertatis
1211 2150 1329 2185 felicitas.
1339 2167 1374 2172 —
1384 2153 1449 2181 Nam
1463 2156 1564 2184 divitia:
1578 2160 1684 2194 quidctn
1700 2162 1788 2190 lautam

997 2192 1095 2221 habent
1114 2195 1230 2229 larvam,
1247 2197 1352 2226 interna
1371 2205 1460 2228 autem
1479 2203 1557 2238 plena
1573 2192 1636 2233 sunt
1655 2209 1787 2243 caligine;

997 2245 1139 2275 paupertas
1159 2247 1248 2270 autem
1263 2249 1356 2272 contra
1371 2255 1379 2273 :
1397 2252 1424 2275 et
1437 2248 1460 2276 si
1477 2250 1686 2288 uniuscujttsqne
1701 2257 1789 2290 expli-

997 2286 1067 2313 caris
1078 2288 1269 2316 conscientiam
1280 2310 1288 2322 ,
1309 2291 1335 2318 in
1352 2292 1440 2320 anima
1456 2295 1562 2328 quidem
1583 2286 1706 2334 pauperis
1717 2286 1788 2329 111111-

998 2335 1051 2358 tam
1079 2332 1181 2361 videbis
1202 2336 1374 2364 securitatcm
1398 2343 1427 2366 ct
1449 2339 1620 2375 libertatem;
1635 2332 1675 2371 Vin
1698 2347 1787 2375 1111111111

997 2383 1085 2406 1111111111
1101 2378 1192 2407 divitis
1207 2382 1352 2417 tumultus,
1369 2385 1583 2419 perturbationes
1596 2395 1623 2417 et
1638 2391 1744 2419 ﬂuctus.
1759 2394 1787 2421 Si

997 2429 1085 2451 atttetn
1099 2424 1176 2454 doles
1192 2427 1286 2455 videns
1300 2428 1388 2464 ipsum
1402 2431 1532 2466 divitem,
1550 2434 1593 2462 ille
1607 2443 1714 2472 quoqtte
1730 2440 1790 2473 plus

998 2477 1077 2504 quam
1094 2476 1121 2498 tu
1135 2471 1208 2500 dolet
1218 2493 1226 2505 ,
1239 2474 1374 2509 aspiciens
1386 2484 1447 2504 eum
1463 2479 1507 2514 qui
1524 2484 1567 2508 est
1581 2481 1639 2516 ipso
1650 2471 1747 2512 ditior:
1763 2492 1791 2514 et

997 2516 1067 2543 sicut
1082 2521 1108 2544 tu
1124 2517 1198 2545 illurn
1213 2519 1301 2553 times,
1319 2521 1354 2548 ita
1369 2524 1426 2556 Ipse
1441 2531 1547 2560 quoque
1561 2527 1653 2562 alium,
1670 2535 1698 2557 et
1716 2532 1741 2558 in
1756 2540 1790 2559 eo

999 2565 1024 2590 te
1037 2563 1102 2590 nihil
1118 2565 1256 2598 praecellit.
1273 2567 1308 2594 At
1318 2567 1395 2596 doles
1406 2570 1499 2599 videns
1513 2573 1709 2611 magistratum,
1723 2586 1789 2613 quo-

999 2610 1069 2637 niatn
1082 2615 1108 2637 tu
1120 2618 1150 2638 es
1163 2612 1292 2646 privatus,
1306 2618 1333 2641 et
1347 2621 1378 2642 ex
1394 2615 1425 2643 iis
1438 2618 1482 2652 qui
1493 2626 1587 2653 parent
1601 2621 1722 2657 imperio.
1732 2610 1789 2652 -Sed

999 2655 1046 2682 tibi
1061 2657 1150 2684 veniat
1165 2657 1192 2684 in
1215 2664 1332 2687 mentem
1350 2665 1378 2688 et
1391 2662 1449 2689 dies
1475 2655 1671 2700 successionis:
1693 2671 1741 2698 sed
1765 2677 1792 2699 et

999 2705 1061 2728 ante
1077 2701 1151 2729 illum
1166 2703 1237 2731 dtem
1250 2706 1379 2733 ttunultus
1389 2728 1398 2740 ,
1412 2710 1527 2742 pericula
1540 2732 1547 2743 ,
1563 2712 1679 2746 labores,
1694 2716 1790 2744 adula-

1000 2746 1095 2779 tiones,
1112 2748 1207 2783 vigilia:
1219 2770 1228 2783 ,
1242 2757 1335 2779 omnes
1352 2753 1528 2783 calamitates.
1552 2756 1586 2784 Et
1606 2758 1663 2786 luec
1675 2760 1789 2789 dit-imus

999 2794 1069 2827 apud
1080 2801 1137 2825 eos,
1152 2795 1196 2829 qui
1211 2796 1305 2824 nolunt
1317 2798 1509 2835 philosophari.
1525 2802 1590 2830 Nam
1603 2805 1624 2832 si
1639 2805 1689 2833 hoc
1701 2808 1771 2835 scias
1781 2829 1790 2842 ,

1001 2847 1032 2866 ex
1052 2840 1110 2867 aliis
1129 2842 1273 2876 majoribus
1295 2852 1436 2879 possumus
1457 2853 1482 2875 te
1504 2851 1660 2879 consolari:
1681 2853 1786 2881 interim

1001 2894 1112 2915 necesse
1123 2893 1163 2915 est
1176 2898 1207 2917 ex
1219 2891 1396 2920 erassioribus
1406 2900 1494 2922 tecum
1505 2895 1664 2931 disceptare.
1679 2898 1789 2931 Quando
