2034 3109
220 130 276 160 ‘35!

228 197 294 224 ergo
307 188 407 217 videris
420 187 542 221 divitem,
557 189 644 223 cogita
659 188 706 215 illo
718 188 860 221 ditiorem,
876 194 903 216 et
917 189 1021 216 videbis

224 243 289 262 eum
304 235 394 263 itidem
408 239 437 263 ut
448 239 475 262 tu
484 242 513 263 es
523 241 583 262 esse
592 233 728 262 affectum.
742 234 804 262 Post
817 235 903 269 ipsmn
920 239 1020 268 autem,

228 282 314 317 cogita
326 282 406 309 etiam
419 289 480 309 etim
495 281 539 316 qui
551 285 593 308 est
608 286 632 307 te
645 280 802 315 pauperior,
817 287 844 308 et
854 288 933 315 quam
946 281 1021 308 multi

226 329 394 356 dormierunt
406 328 555 355 esurientes
570 348 576 359 ,
592 331 619 354 et
636 332 760 362 paternas
774 328 921 354 amiserunt
935 327 1020 354 facul-

229 379 295 402 tates
307 395 315 406 ,
330 379 357 401 et
380 374 500 401 ltabitant
523 375 549 400 in
570 381 680 401 carcere
693 395 699 406 ,
726 381 756 400 ac
771 373 890 408 quotidie
904 378 1018 401 ntortem

226 425 329 454 optant.
345 419 437 455 Neque
454 420 525 446 ettitn
548 420 629 446 attimi
650 419 834 454 :rgritudinem
856 424 999 454 paupertas
1011 440 1018 452 ,

221 473 313 500 neque
327 465 493 499 voluptatem
508 465 615 500 pariunt
626 464 736 497 divitiw,
750 465 796 492 sed
812 470 839 493 et
854 465 904 492 ltoc
916 470 942 493 et
957 465 1019 492 illud

225 511 302 538 nobis
317 511 386 538 solet
408 511 501 539 indere
513 512 650 546 cogitatio.
664 511 810 539 Cmtsidera
829 516 917 539 autem
931 512 965 538 ab
981 511 1020 539 in-

226 558 296 585 timis
311 558 459 593 incipiens,
476 558 521 592 qui
543 559 610 585 etnit
629 564 748 585 stercora
762 578 770 590 ,
788 558 860 586 dolet
873 564 900 586 et
913 558 1019 585 tristitia

225 603 352 637 afﬁcitur,
367 603 440 639 quod
455 611 508 631 non
523 603 556 630 sit
571 604 640 632 liber
650 604 685 631 ab
705 603 757 630 hoc
774 604 874 631 misero
884 624 891 637 ,
908 608 935 631 et
949 604 1020 639 quod

226 650 385 684 probrosum
399 657 460 678 esse
475 650 597 684 videtur,
608 650 697 678 studio
710 659 717 683 ;
729 649 776 677 sed
799 651 821 677 si
840 650 925 685 ipsum
940 657 972 677 eo
987 650 1016 676 li-

226 697 362 724 berareris
377 701 404 724 et
416 697 537 724 effeceris
551 701 581 723 ut
592 704 686 724 secure
698 696 816 724 abundet
828 697 908 724 rebus
925 704 1019 724 neces-

224 744 311 776 sariis,
327 751 419 771 rursus
432 743 533 770 dolebit
547 743 618 778 quod
632 750 684 770 non
698 743 775 777 plura
791 742 926 777 possideat
938 750 1019 777 quam

225 796 294 824 opus
312 789 364 821 sit;
382 794 409 817 et
427 790 448 816 si
464 789 540 824 plura
554 788 662 816 dederis
674 809 682 822 ,
704 788 777 815 volet
801 796 832 815 ea
854 795 914 816 esse
938 788 1019 823 duplo

224 836 344 870 majora;
360 842 392 863 ac
414 840 555 870 propterea
579 841 631 861 non
660 834 757 861 ntinori
780 834 914 861 afﬁcietur
927 834 1019 862 dolore

222 890 302 917 quam
317 882 392 917 prius
409 890 416 908 :
432 881 494 908 etsi
509 880 590 915 duplo
606 885 633 907 et
658 881 737 915 triplo
753 880 828 914 plura
847 880 870 906 ei
893 879 1017 913 dederis,

222 936 315 956 rursus
325 928 415 956 animo
427 933 550 963 angetur,
563 927 635 962 quod
649 935 704 954 non
714 932 789 962 gerat
804 927 996 962 rempublicam
1010 936 1016 954 :

222 981 250 1002 et
264 975 285 1002 si
303 974 354 1002 hoc
366 974 391 1002 ei
405 974 525 1009 prmbeas
536 994 543 1007 ,
563 973 683 1008 seipsum
696 973 777 1000 ducet
790 980 850 1000 esse
870 973 996 1000 miserum
1009 993 1016 1004 ,

222 1022 360 1056 quodnon
384 1021 484 1056 primas
502 1025 591 1055 partes
614 1023 704 1047 teneat
726 1018 754 1047 in
775 1019 931 1053 republica:
946 1018 1018 1046 hunc

223 1073 312 1095 autem
337 1067 468 1094 honorem
491 1071 651 1101 assequutus
668 1087 676 1099 ,
698 1066 770 1100 quod
793 1073 847 1092 non
876 1065 1016 1100 imperium

223 1113 352 1140 obtineat.
367 1112 483 1146 Quando
494 1117 582 1140 autem
603 1111 744 1146 intperiunt
766 1111 930 1144 obtinuerit,
947 1111 1017 1146 quod

223 1166 275 1185 non
291 1159 371 1186 totius
383 1158 471 1193 gentis
484 1167 490 1186 :
503 1157 610 1193 quando
621 1161 709 1184 autem
723 1157 803 1184 etiam
819 1157 900 1184 totius
912 1157 999 1192 gentis
1009 1177 1016 1188 ,

221 1204 293 1238 quod
307 1212 359 1231 non
376 1204 519 1231 multarunt
533 1203 653 1238 gentium
669 1210 675 1227 :
691 1203 798 1237 quando
811 1209 901 1230 autem
919 1202 1015 1229 multa-

222 1258 281 1278 runt
295 1250 425 1285 gcntium,
440 1249 510 1284 quod
527 1257 580 1276 tton
594 1249 725 1276 omnium.
737 1249 849 1282 Quando
865 1248 949 1275 factus
962 1249 1018 1276 fue-

222 1297 258 1323 rit
273 1296 376 1330 legatus
391 1301 437 1322 aut
460 1295 602 1329 przefectus
613 1315 620 1328 ,
643 1303 735 1322 rursus
755 1294 849 1322 dolore
862 1295 994 1322 afﬁcietur
1007 1316 1015 1329 ,

223 1343 294 1378 quod
309 1350 362 1369 non
380 1342 415 1369 sit
433 1349 480 1369 rex
494 1349 501 1374 ;
518 1345 545 1369 et
562 1341 585 1368 si
605 1342 637 1368 sit
654 1349 711 1375 rex,
728 1342 797 1376 quod
812 1349 865 1368 non
883 1342 976 1374 solus;
991 1347 1018 1370 et

221 1389 244 1415 si
259 1388 350 1421 solus,
364 1387 435 1423 quod
454 1395 506 1414 non
525 1387 700 1414 barbarorum
721 1395 845 1422 quoque,
869 1387 939 1422 quod
965 1396 1016 1415 non

222 1434 303 1461 etiam
320 1433 402 1460 totius
425 1433 498 1460 orbis
520 1437 618 1461 terrm:
634 1440 693 1459 cum
717 1437 806 1459 autem
823 1433 904 1459 totius
925 1434 1015 1466 orbis,

221 1487 270 1507 cur
284 1487 336 1506 non
351 1478 432 1506 etiattt
456 1478 569 1506 alterius
584 1478 676 1505 mundi
690 1479 701 1504 ’ἰ
718 1479 751 1505 Et
774 1479 812 1505 sic
835 1479 860 1505 itt
885 1478 1016 1506 inﬁnitum

221 1526 371 1561 procedens
385 1525 512 1559 Cogitatio
527 1545 534 1556 ,
559 1532 610 1550 tton
625 1525 689 1551 sinit
705 1532 765 1551 eum
779 1532 905 1559 umquam
920 1525 1015 1553 laetari.

258 1573 285 1599 7.
307 1571 429 1599 Vidistin‘
444 1571 579 1606 quontodo
592 1591 599 1604 ,
616 1571 720 1598 etiamsi
736 1578 768 1598 ex
794 1571 838 1598 \ili
862 1577 888 1598 et
913 1572 1017 1606 altjecto

222 1627 312 1654 regem
329 1618 433 1650 feCeris,
458 1625 511 1644 non
532 1617 604 1644 toilis
626 1617 708 1644 anittti
731 1617 916 1652 :rgritudinem
932 1639 939 1651 ,
965 1619 1016 1646 nisi

220 1665 374 1693 correxeris
387 1664 587 1699 cogitationem,
603 1672 662 1699 qua:
678 1665 781 1692 laborat
796 1666 906 1692 avaritia
921 1670 947 1692 et
960 1666 1017 1700 pln-

222 1720 249 1739 ra
276 1711 392 1738 habendi
413 1711 578 1745 cupiditate?
602 1712 658 1746 Agc
675 1732 682 1744 ,
705 1711 751 1738 tibi
774 1712 854 1739 etiam
876 1713 1014 1740 ostendam

220 1756 385 1784 contrarium
400 1777 407 1790 ,
424 1756 495 1791 quod
510 1757 614 1784 etiamsi
637 1765 650 1782 a
668 1757 801 1791 supremis
814 1757 847 1785 ad
863 1758 952 1785 inﬁma
967 1759 1016 1787 dc-

220 1803 329 1830 dnxeris
341 1810 402 1830 cum
416 1803 460 1836 qui
476 1806 517 1828 est
532 1802 672 1837 prudentia
687 1802 826 1837 prieditus,
843 1811 896 1830 non
913 1804 1016 1839 injicies

220 1851 247 1877 itt
263 1849 345 1876 animi
364 1848 550 1884 mgritudinem
571 1853 599 1876 et
612 1849 757 1875 tristitiam.
774 1849 807 1876 Et
820 1850 842 1876 si
856 1851 895 1877 vis
906 1850 1014 1878 easdent

219 1896 415 1924 descendamus
427 1895 513 1922 scalas
524 1915 532 1928 ,
545 1899 572 1922 et
588 1895 740 1930 priefectum
755 1903 770 1923 e
792 1896 856 1923 sede
880 1897 953 1924 urbis
966 1898 1014 1925 de-

219 1945 317 1978 iectum
336 1941 409 1977 priva
426 1941 470 1968 illa
484 1941 701 1976 dignitateilpse
714 1941 785 1968 enint
799 1941 855 1969 haec
871 1950 929 1977 quze
944 1943 1015 1970 dixi-

220 1998 278 2016 mus
292 1989 410 2023 eogitare
426 1988 448 2014 si
462 1987 538 2021 velit,
556 1987 621 2014 nihil
638 1987 698 2015 inde
711 1988 822 2015 dolebit.
837 1989 929 2024 Neque
943 1991 1013 2017 enint

219 2034 352 2069 repntabit
367 2041 398 2060 ea
419 2040 479 2066 qtm
496 2038 558 2060 sunt
573 2033 596 2060 ci
612 2033 700 2059 ablata
714 2054 721 2066 ,
746 2034 793 2060 sed
816 2042 846 2061 ea
870 2044 929 2070 qua:
952 2040 1014 2064 tunc

220 2081 308 2111 habet,
323 2087 420 2114 ncntpe
431 2079 542 2114 gloriam
556 2087 634 2113 qttattt
649 2079 728 2105 habet
743 2087 776 2106 ex
792 2087 824 2107 eo
835 2088 912 2115 quem
927 2083 1013 2116 gessit

219 2127 385 2162 magistratu.
401 2127 428 2153 Si
443 2131 532 2152 autent
553 2133 613 2152 eattt
629 2133 735 2160 quoque
749 2127 905 2161 abstuleris,
922 2129 1013 2156 animo

219 2173 353 2209 t‘epntabit
369 2173 498 2207 privatos,
515 2177 541 2199 et
557 2172 599 2206 qui
613 2172 645 2198 ad
661 2180 721 2199 eutn
736 2174 921 2208 magistratum
936 2184 1014 2202 num—

218 2229 298 2255 quam
312 2219 508 2251 ascenderunt,
524 2223 551 2245 et
565 2217 597 2244 ad
611 2218 822 2246 consolationem
839 2221 863 2247 ei
879 2221 1013 2249 sufficient

217 2268 318 2294 divitia:
332 2275 338 2293 :
356 2267 395 2293 sitt
411 2271 500 2293 autent
516 2265 550 2292 ab
568 2265 599 2292 iis
614 2273 721 2300 quoque
737 2274 828 2294 rursus
844 2274 904 2294 cum
926 2275 1010 2303 expu-

218 2314 291 2345 leris,
307 2312 488 2339 considerabit
509 2319 556 2338 eos
576 2311 620 2346 qtti
642 2311 788 2339 mediocria
812 2313 972 2347 possident:
989 2314 1010 2341 si

217 2366 307 2386 autem
317 2359 398 2386 etiam
413 2358 555 2385 abstuleris
571 2358 724 2390 mediocria,
739 2363 766 2385 ct
779 2359 802 2385 ei
817 2359 902 2386 solum
919 2368 1011 2387 neces-

217 2407 316 2433 sarium
333 2405 493 2441 impertieris
502 2405 667 2437 alintentnnt,
682 2406 779 2440 poterit
792 2407 881 2433 animo
893 2408 1011 2442 cogitare

217 2460 264 2480 eos
275 2473 281 2478 .
297 2452 342 2487 qui
355 2459 388 2478 ne
402 2451 427 2478 id
442 2451 548 2486 quidem
562 2452 698 2486 pessident
711 2472 718 2483 ,
735 2451 783 2478 sed
795 2460 855 2479 cum
869 2452 926 2488 jugi
941 2453 1010 2481 fame

217 2498 421 2530 conflictantur,
441 2503 466 2524 et
482 2498 507 2524 in
525 2504 634 2524 carcere
654 2497 783 2524 habitant.
798 2497 872 2532 Quod
891 2500 913 2525 si
928 2500 1008 2526 etiam

610 131 638 159 S.
661 130 800 159 JOANNIS
818 130 1053 160 CllBYSOSTOMl
1073 132 1232 160 ARClllEP.
1253 133 1519 163 CONSTANTINOP.

1817 137 1871 165 εδει

1076 190 1162 225 ipsum
1183 191 1209 217 in
1225 191 1333 218 domum
1357 191 1430 220 illam
1449 192 1557 220 duxeris
1568 212 1577 227 ,
1593 192 1684 220 animo
1697 200 1808 221 versans
1821 201 1870 222 eos

1075 236 1120 270 qui
1137 236 1237 263 morbis
1250 236 1372 264 laborant
1384 237 1588 272 ineurabilibus,
1602 239 1870 274 intolerabilibusque

1076 282 1212 310 doloribus
1225 303 1232 314 ,
1248 283 1348 310 videbit
1362 283 1446 310 multo
1460 291 1489 311 se
1505 284 1604 312 habere
1619 285 1725 312 melius.
1743 285 1777 312 Et
1801 286 1869 312 sicut

1077 332 1183 362 emptor
1205 328 1251 356 ille
1270 330 1397 357 stercoris
1407 337 1442 357 ne
1461 338 1507 357 rex
1523 330 1630 365 quidem
1654 331 1739 358 factus
1767 331 1870 359 fruetur

1073 373 1155 400 anitni
1171 374 1364 409 tranquillitate
1377 386 1385 403 :
1400 377 1434 402 ita
1448 377 1492 403 hic
1505 384 1621 411 quoque.
1638 384 1671 404 ne
1683 378 1704 404 si
1718 377 1797 404 fuerit
1810 378 1867 412 qni-

1073 418 1133 446 dem
1150 421 1176 446 in
1191 420 1318 452 vinculis,
1334 428 1458 456 umquam
1473 421 1582 448 dolebit.
1599 421 1689 457 Neque
1704 423 1783 457 igitur
1799 423 1867 450 divi-

1074 465 1117 492 tia:
1131 466 1285 500 voluptatis,
1301 475 1387 502 neqtte
1397 472 1538 502 paupertas
1548 473 1590 495 est
1602 476 1680 495 causa
1693 469 1774 496 animi
1786 470 1868 504 :egri-

1074 511 1183 544 tudinis,
1200 512 1247 539 sed
1265 520 1341 540 mens
1355 518 1445 540 nostra
1456 534 1463 546 ,
1480 514 1589 548 etquod
1601 515 1682 541 animi
1695 515 1780 542 nostri
1797 516 1866 542 oculi

1072 557 1182 584 minime
1195 558 1248 585 sint
1260 559 1329 593 puri,
1342 566 1428 594 neque
1441 567 1551 594 usquam
1566 560 1633 587 ﬁrmi
1647 560 1700 587 sint
1712 566 1738 587 et
1746 560 1866 591 stabiles,

1072 602 1119 629 sed
1141 603 1232 630 volent
1252 604 1284 631 ad
1311 604 1456 632 inﬁnitum.
1482 605 1514 632 Et
1537 605 1606 632 sicut
1626 606 1741 633 salubria
1758 606 1867 641 quidem

1071 656 1196 682 corpora,
1208 649 1312 676 etiatusi
1326 650 1384 677 solo
1398 657 1466 685 pane
1480 651 1602 683 alantur,
1616 651 1685 678 bene
1696 651 1789 678 affecta
1805 658 1867 679 sunt

1072 699 1097 721 et
1114 695 1269 727 luxuriant;
1289 696 1409 724 morbida
1425 701 1512 724 autern
1524 718 1530 728 ,
1547 698 1651 724 etiamsi
1669 698 1738 725 lauta
1755 703 1779 725 et
1795 699 1865 725 varia

1072 740 1193 767 fruantur
1205 749 1307 774 ntensa,
1321 749 1354 770 eo
1369 747 1430 769 sunt
1446 742 1620 770 imbecilliora
1635 752 1640 769 :
1659 743 1692 770 ita
1707 744 1787 770 etiam
1799 744 1868 770 solet

1071 785 1178 813 evenire
1199 786 1225 813 itt
1241 788 1340 815 anima.
1355 787 1405 821 Qui
1421 788 1510 822 pusilli
1528 788 1636 823 quidem
1650 793 1678 816 et
1691 788 1789 824 abjccti
1805 794 1867 816 sunt

1072 832 1165 865 animi,
1181 840 1214 859 ne
1225 832 1251 859 in
1267 832 1419 860 diademate
1428 833 1536 868 quidem
1548 839 1576 861 et
1592 833 1738 861 honoribus
1749 836 1793 869 qui
1807 842 1868 861 ver-

1072 878 1112 905 bis
1126 886 1177 905 non
1195 883 1307 913 possuttt
1317 880 1456 915 explicari,
1469 885 1582 914 possunt
1596 888 1656 908 esse
1671 881 1741 908 bono
1754 887 1781 909 et
1791 887 1866 908 tran-

1071 924 1153 959 quillo
1166 925 1257 952 animo
1271 934 1277 952 :
1295 925 1445 961 philosophi
1461 931 1550 954 autem
1564 931 1591 954 et
1610 927 1636 954 in
1660 927 1774 955 vinculis
1789 933 1816 955 et
1840 929 1865 955 in

1070 974 1162 997 catena
1176 976 1202 997 et
1214 971 1239 997 in
1256 976 1414 1006 paupertate
1424 979 1489 1006 pura
1503 971 1628 999 frttuntur
1641 973 1787 1007 voluptate.
1805 973 1867 1000 fla-e

1070 1024 1134 1051 ergo
1145 1017 1292 1052 cogitantes
1307 1037 1315 1051 ,
1338 1018 1498 1052 aspiciamus
1520 1024 1627 1053 semper
1648 1018 1682 1045 ad
1706 1019 1865 1047 deteriores.

1070 1062 1135 1089 Nam
1150 1068 1191 1090 est
1205 1063 1314 1098 quidem
1325 1064 1406 1092 etiam
1422 1064 1474 1092 alia
1488 1065 1639 1092 consolatio
1651 1086 1658 1098 ,
1680 1066 1726 1093 sed
1745 1066 1866 1100 philoso-

1071 1108 1148 1143 phica
1161 1129 1167 1140 ,
1184 1115 1211 1136 et
1224 1117 1283 1144 qua:
1299 1110 1444 1137 multorum
1455 1111 1569 1138 aliorum
1585 1116 1693 1146 superat
1707 1112 1866 1138 crassitudi-

1070 1162 1142 1180 nem.
1155 1154 1282 1188 Quzenam
1297 1163 1328 1181 ea
1343 1155 1404 1182 est?
1417 1155 1493 1190 Quod
1508 1156 1574 1183 nihil
1589 1161 1650 1184 suttt
1664 1157 1764 1183 divitim
1776 1178 1783 1189 ,
1798 1157 1865 1184 nihil

1071 1205 1225 1234 paupertas,
1241 1200 1474 1236 nihilignontinia,
1490 1202 1557 1229 nihil
1571 1203 1674 1237 honor;
1688 1203 1734 1229 sed
1751 1203 1776 1229 in
1792 1203 1866 1230 brevi

1071 1252 1202 1283 tempore,
1219 1253 1246 1276 et
1266 1249 1292 1276 in
1306 1249 1396 1277 verbis
1410 1251 1497 1277 solum
1524 1251 1594 1277 inter
1617 1258 1647 1277 sc
1671 1251 1782 1277 distant.
1800 1251 1866 1277 Cum

1071 1293 1120 1320 hac
1135 1299 1225 1321 autem
1240 1295 1291 1322 alia
1306 1302 1413 1330 quoque
1428 1301 1467 1323 est
1483 1295 1533 1323 hac
1548 1296 1651 1330 major,
1669 1304 1764 1330 nempe
1778 1296 1865 1323 futura

1069 1344 1096 1366 et
1110 1339 1178 1366 bona
1192 1345 1219 1368 et
1238 1341 1308 1368 mala
1321 1341 1441 1376 cogitare
1454 1362 1461 1373 ,
1476 1349 1507 1368 ea
1522 1350 1581 1377 qua:
1595 1350 1656 1369 vere
1680 1348 1741 1369 sunt
1757 1343 1826 1369 mala
1841 1348 1868 1370 et

1069 1393 1130 1419 qua:
1145 1393 1208 1413 vere
1229 1386 1298 1413 bona
1310 1407 1318 1420 ,
1339 1391 1366 1414 et
1387 1387 1421 1415 ab
1441 1387 1493 1415 illis
1505 1388 1627 1424 accipere
1640 1389 1865 1415 consolationem.

1070 1431 1123 1459 Sed
1138 1433 1263 1467 qttoniant
1275 1454 1283 1466 ,
1303 1434 1373 1461 sicut
1385 1434 1459 1468 prius
1473 1434 1538 1466 dixi,
1555 1435 1628 1461 nmlti
1650 1440 1712 1461 sunt
1727 1435 1805 1470 longe
1822 1443 1866 1462 re-

1070 1480 1135 1506 moti
1151 1479 1185 1506 ab
1203 1480 1357 1514 hujusmodi
1377 1480 1510 1513 doctrina,
1528 1485 1668 1515 propterea
1692 1488 1802 1508 necesse
1819 1480 1867 1508 ha-

1071 1525 1175 1552 buimus
1188 1526 1213 1553 itt
1225 1526 1376 1561 ltujustnodi
1387 1527 1526 1554 immorari
1538 1527 1718 1560 sermonibus,
1731 1531 1760 1553 ul.
1772 1528 1866 1555 ordine

1069 1573 1102 1599 ad
1124 1573 1173 1600 Itos
1193 1581 1299 1608 qttoque
1312 1573 1476 1601 deducamus
1488 1581 1536 1601 eos
1551 1575 1595 1609 qui
1613 1575 1655 1600 illa
1676 1581 1865 1610 susceperunt.

1069 1618 1133 1659 llzec
1147 1626 1212 1654 ergo
1226 1620 1316 1646 omnia
1330 1625 1497 1654 reputantes,
1512 1621 1584 1647 onmi
1599 1628 1632 1647 ex
1645 1625 1718 1655 parte
1733 1629 1782 1648 nos
1794 1621 1865 1656 ipsos

1070 1672 1264 1700 componamus
1276 1685 1284 1698 ,
1302 1671 1328 1692 et
1352 1673 1496 1700 numquam
1519 1665 1668 1693 delebimus
1684 1667 1719 1694 ob
1737 1667 1794 1695 hate
1808 1669 1865 1695 ino~

1071 1711 1170 1745 pinata.
1194 1711 1286 1746 Neque
1301 1712 1372 1738 enim
1388 1712 1410 1738 si
1429 1712 1454 1738 in
1471 1712 1585 1747 imagine
1597 1713 1743 1741 viderimus
1757 1715 1862 1747 divites,

1069 1764 1116 1783 cos
1130 1763 1190 1783 esse
1203 1756 1351 1784 dixerimus
1366 1756 1485 1784 beandos
1498 1763 1524 1784 et
1539 1758 1703 1786 mmulandos
1715 1768 1722 1792 ;
1736 1764 1764 1786 ut
1779 1768 1865 1796 neque

1069 1802 1207 1830 mendicos
1224 1803 1278 1830 illic
1292 1803 1413 1838 depictos
1423 1824 1430 1836 ,
1447 1803 1567 1831 infelices
1580 1811 1606 1832 et
1621 1806 1799 1834 miserabiles.
1814 1809 1864 1834 At-

1068 1848 1111 1883 qui
1127 1848 1163 1876 illi
1178 1854 1240 1876 sunt
1254 1848 1387 1876 ﬁrmiores
1399 1854 1427 1877 et
1441 1849 1592 1876 stabiliores
1608 1851 1640 1878 iis
1657 1852 1700 1886 qui
1717 1857 1780 1878 sunt
1794 1853 1862 1887 apud

1069 1901 1118 1921 nos
1132 1894 1251 1922 divites:
1274 1895 1357 1930 magis
1377 1895 1449 1922 enim
1475 1896 1500 1922 in
1524 1895 1625 1930 pictura
1652 1902 1743 1924 manet
1766 1898 1840 1925 dives
1855 1921 1862 1931 ,

1068 1949 1147 1976 quam
1162 1942 1187 1968 in
1200 1942 1255 1976 ipsa
1277 1949 1367 1969 rerum
1388 1946 1493 1969 natura.
1517 1942 1583 1968 Nam
1608 1942 1652 1969 ille
1667 1943 1775 1978 quidem
1792 1953 1863 1979 sa-pe

1067 1988 1149 2015 etiam
1164 1988 1196 2015 ad
1212 1993 1319 2015 centum
1335 1995 1421 2015 annos
1442 1988 1481 2015 sic
1496 1996 1628 2023 apparens
1646 1989 1781 2017 duraverit
1798 2000 1805 2018 :
1821 1992 1862 2019 ltic

1067 2039 1155 2060 autent
1172 2041 1233 2060 cum
1247 2041 1281 2060 tte
1295 2041 1394 2060 annum
1409 2033 1525 2068 quidem
1539 2043 1618 2061 unum
1638 2035 1663 2062 in
1677 2036 1732 2062 suis
1748 2036 1861 2064 faculta-

1068 2079 1138 2106 tibus
1152 2087 1181 2106 se
1194 2079 1295 2106 deliciis
1311 2079 1476 2113 expleverit,
1492 2086 1603 2114 repente
1619 2081 1741 2116 privatus
1753 2088 1795 2110 est
1805 2091 1861 2110 ont-

1066 2125 1154 2152 nibus.
1177 2125 1240 2153 llaec
1253 2133 1317 2160 ergo
1330 2126 1419 2153 omnia
1443 2131 1598 2161 reputantes
1611 2148 1618 2161 ,
1635 2129 1708 2155 omni
1732 2137 1765 2156 ex
1787 2134 1860 2164 parte

1066 2172 1218 2199 muniamus
1233 2172 1314 2198 animi
1327 2173 1443 2206 quietem
1457 2177 1484 2199 et
1499 2173 1717 2208 tranquillitatem
1731 2175 1859 2202 adversus

1067 2217 1292 2244 inconsideratam
1317 2218 1473 2250 tristitiam,
1494 2222 1524 2244 ut
1545 2223 1573 2245 et
1594 2219 1674 2245 vitam
1697 2227 1857 2253 praesentem

1067 2264 1243 2298 transigatttus
1254 2271 1314 2290 cum
1328 2263 1473 2298 voluptate,
1487 2269 1514 2290 et
1525 2263 1594 2291 bona
1610 2265 1696 2292 futura
1712 2273 1859 2301 consequa-

1065 2317 1133 2341 ntur,
1145 2309 1230 2344 gratia
1242 2314 1268 2336 ct
1279 2310 1444 2344 benignitate
1455 2310 1559 2337 Domini
1576 2312 1659 2338 nostri
1674 2312 1736 2339 Jesu
1749 2312 1857 2346 Christi,

1064 2363 1124 2383 cum
1138 2363 1191 2390 qtto
1205 2356 1289 2390 Patri,
1306 2356 1439 2392 simulque
1452 2362 1546 2383 sancto
1562 2357 1671 2391 Spiritui
1686 2358 1771 2392 gloria
1784 2381 1791 2391 ,
1808 2361 1855 2386 im-

1065 2402 1178 2436 perium,
1194 2402 1293 2435 honor,
1312 2410 1382 2431 ttunc
1394 2408 1421 2430 et
1434 2411 1541 2438 semper
1553 2425 1560 2436 ,
1575 2410 1601 2432 et
1616 2405 1642 2432 in
1658 2407 1756 2433 srccula
1771 2415 1856 2434 saccu-

1064 2449 1160 2476 lorunt.
1178 2449 1274 2476 Amen.

381 2547 1845 2565 Ἢ

834 2589 1006 2622 HOMILIA
1028 2593 1183 2624 XXXIX.

210 2663 278 2691 Car.
302 2663 344 2690 15.
365 2671 392 2689 v.
416 2663 457 2689 il.
480 2662 540 2689 Sive
554 2661 620 2688 enim
631 2668 677 2695 ego
689 2682 698 2694 ,
714 2661 764 2687 sive
778 2661 836 2693 illi,
855 2663 890 2688 sic
907 2663 1004 2697 ρνίειίὶ-

250 2717 338 2735 cantus
352 2729 359 2740 ,
374 2713 398 2735 et
412 2709 447 2734 sic
462 2707 615 2735 credidistis.

252 2756 278 2781 1.
301 2754 443 2789 Postquam
469 2753 606 2788 apostolos
629 2752 729 2779 extulit
742 2757 769 2780 et
783 2761 812 2780 se
833 2754 952 2788 dcjecit,
979 2761 1008 2783 et

214 2799 311 2828 deinde
321 2809 415 2828 rursus
426 2807 505 2835 supra
518 2799 576 2826 illos
583 2807 614 2826 se
623 2798 726 2831 extulit,
742 2803 771 2826 ut
781 2799 902 2827 efﬁceret
914 2809 1006 2836 :equa-

212 2847 313 2874 litatcm
326 2847 335 2880 (
349 2847 526 2881 atqualitatcnt
540 2846 610 2874 cnitn
622 2845 719 2878 effecit,
735 2852 765 2873 se
779 2851 806 2874 et
817 2848 934 2875 melioris
947 2857 1007 2876 esse

1062 2665 1223 2693 conditionis
1238 2666 1384 2696 ostendens
1403 2673 1430 2695 et
1452 2669 1593 2697 deterioris
1606 2671 1632 2705 ),
1649 2677 1676 2698 et
1698 2680 1728 2699 ea
1753 2675 1856 2701 ratione

1063 2719 1092 2738 se
1102 2712 1221 2739 reddens
1237 2712 1288 2740 ﬁde
1304 2713 1431 2748 dignum;
1449 2723 1482 2742 tte
1496 2716 1535 2742 sic
1550 2716 1657 2750 quidem
1671 2725 1718 2745 eos
1733 2719 1854 2753 dimittit,

1037 2772 1041 2775 ι
1064 2757 1111 2784 sed
1127 2766 1219 2786 rursus
1231 2766 1261 2786 se
1272 2766 1331 2786 eum
1347 2759 1400 2787 illis
1413 2761 1560 2796 conjungit,
1575 2762 1697 2790 indicans
1711 2772 1782 2797 eam,
1796 2773 1855 2800 qum

1063 2808 1104 2830 est
1115 2804 1260 2832 secundum
1274 2804 1419 2839 Christum,
1434 2808 1614 2835 concordiam.
1628 2809 1685 2836 Non
1700 2815 1788 2838 tamett
1804 2811 1854 2839 hoc

1064 2850 1101 2876 sic
1118 2850 1180 2876 facit
1196 2856 1223 2877 ut
1239 2851 1360 2878 videatur
1382 2853 1422 2880 eis
1437 2860 1497 2880 esse
1513 2854 1633 2888 ahjectus
1645 2875 1653 2888 ,
1679 2856 1726 2883 sed
1750 2861 1778 2884 ut
1799 2858 1854 2893 ipse
