2034 3109
245 131 296 158 555

246 193 300 213 tum
316 186 351 214 sit
365 185 520 221 mysterium
540 187 672 217 suscepta:
693 181 783 208 carnis
804 179 1032 215 dispensationis?

246 233 311 260 Nam
333 233 356 260 si
372 237 492 259 mortuus
514 238 565 258 non
589 229 674 264 potuit
691 235 847 261 resurgere,
868 234 954 262 neque
968 226 1033 253 abo-

245 279 319 305 litmn
334 283 373 305 est
389 282 537 312 peceatum,
559 282 644 309 neque
659 282 731 301 mors
755 278 796 300 est
811 277 945 307 perempta
956 291 964 304 ,
984 279 1033 299 nec

245 324 362 351 ablatum
378 328 418 350 est
443 322 611 349 maledictum
623 342 630 353 ,
657 326 682 348 et
699 327 750 346 non
770 319 856 345 solum
876 326 925 346 nos
945 317 1033 345 inania

243 369 462 403 przcdicarimus,
478 367 524 394 sed
542 375 587 393 vos
602 374 708 401 quoque
721 365 872 392 credidistis
885 364 983 392 inania.
1001 364 1033 391 Et.

243 423 296 442 non
310 414 395 441 solum
412 414 473 441 hinc
488 413 606 440 ostendit
630 413 820 440 absurditaten‘t
840 411 934 439 horum
949 411 1032 438 malo-

243 468 301 487 rum
315 461 468 495 dogmatum
482 479 489 491 ,
505 459 552 486 sed
567 459 647 486 etiam
663 458 761 485 acriter
773 457 911 489 decertat,
925 456 1029 484 dicens:

244 506 287 533 15.
309 505 457 532 lnvenimnr
470 510 555 532 autent
568 509 591 531 ct
605 504 665 539 fulsi
678 509 751 530 testes
765 502 826 535 Dei,
851 502 969 537 quoniam
983 506 1032 529 tes—

241 552 372 578 timonium
394 552 504 578 diximus
530 551 650 578 adversus
674 550 757 577 Deum
784 550 851 584 quod
874 549 1031 576 suscitaverit

240 597 368 624 Christum
381 605 391 624 :
405 605 476 630 quem
492 604 542 623 non
564 596 692 624 suxcituvit
705 616 712 627 ,
733 596 754 622 si
775 595 866 622 mortui
879 603 929 621 non
948 602 1031 621 resur-

241 648 311 678 gunt.
332 643 359 670 Si
373 648 462 670 autem
479 643 528 670 hoc
542 646 583 670 est
595 641 740 669 absurdum
755 643 763 676 (
777 646 818 668 est
832 641 904 668 enim
926 641 971 668 Dei
986 648 1031 667 ac-

239 689 342 716 cusatio
355 694 381 716 et
393 689 523 716 calumnia
537 691 545 722 )
557 709 565 722 ,
581 694 675 716 etnon
686 688 808 715 excitavit
823 693 851 714 ut
864 687 961 719 dicitis,
976 695 1028 714 non

240 737 291 763 hoc
304 737 389 763 solutn
400 758 407 768 ,
421 737 468 764 sed
483 737 566 763 multa
581 737 660 763 etiam
675 735 728 762 alia
743 739 888 769 sequentur
902 734 1028 761 absurda.

241 782 273 809 Et
283 783 338 817 ipsa
353 790 444 810 rursus
455 783 606 814 confirmat,
618 786 644 808 et
656 781 768 808 assumit
778 781 872 808 dicens
884 789 890 806 :
904 780 946 807 16.
961 779 1030 806 Nam

239 829 262 854 si
281 829 374 854 mortui
396 837 446 854 non
461 832 619 863 resurgunt,
642 835 722 862 neque
745 827 860 853 Christus
881 827 1027 853 resurrexit.

238 873 302 899 Nam
316 873 337 900 si
355 873 404 901 hoc
418 881 471 901 tton
482 879 538 901 erat
553 872 668 900 facturus
678 894 685 905 ,
701 881 734 900 ne
745 872 897 900 advenisset
909 872 1028 907 quidem.

238 918 293 945 lloc
306 925 394 946 autem
409 927 460 946 non
475 919 559 952 dicit,
576 919 623 946 sed
639 919 733 951 linem,
751 926 846 952 nempe
859 918 917 952 ejus
936 926 1026 945 resur-

237 965 381 992 rectionem
396 985 404 998 ,
428 973 474 999 per
490 965 573 999 ipsam
595 972 689 992 omnes
705 964 823 991 trahens.
848 965 889 990 l7.
912 965 986 998 Quod
1006 966 1028 992 si

237 1010 351 1037 Christus
365 1019 415 1037 non
427 1011 572 1043 resurrexit,
590 1018 655 1037 uana
664 1015 701 1037 est
711 1010 774 1044 ﬁdes
785 1015 874 1037 vestra.
891 1010 920 1036 Ei
933 1031 941 1043 ,
955 1011 1025 1046 quod

236 1061 277 1083 est
292 1056 461 1084 manifestum
477 1061 504 1084 et
518 1056 551 1084 tle
566 1064 618 1091 quo
633 1061 737 1083 constat
750 1077 756 1088 ,
773 1056 942 1083 continenter
953 1056 1027 1084 addit

235 1102 334 1130 Christi
349 1103 571 1130 resurrectionem
584 1123 591 1134 ,
616 1110 648 1130 ex
663 1110 696 1130 eo
709 1103 778 1136 quod
799 1108 840 1130 est
862 1103 956 1130 fortius
968 1124 975 1135 ,
1000 1104 1028 1131 id

235 1149 334 1181 etiam,
360 1150 430 1184 quod
455 1150 559 1176 videtur
581 1157 642 1177 esse
667 1149 829 1177 imbecillum
848 1154 874 1176 et
895 1149 1002 1177 dubium
1015 1172 1024 1184 ,

234 1195 348 1222 reddens
365 1195 478 1222 validum
493 1200 520 1222 ct
535 1195 714 1222 manifestum.
745 1195 834 1221 Adhuc
850 1196 909 1222 estis
921 1196 947 1222 in
963 1204 1023 1230 pec-

233 1241 295 1268 catis
309 1241 405 1268 uestris.
426 1241 492 1268 Nam
506 1242 528 1268 si
545 1249 597 1267 non
613 1241 759 1268 resurrexit
772 1262 779 1274 ,
795 1249 844 1269 nec
858 1247 900 1269 est
915 1242 1022 1276 quidem

231 1291 353 1313 mortuus
369 1295 376 1313 :
392 1286 516 1314 siautem
540 1294 592 1313 non
611 1290 653 1313 est
674 1292 795 1313 mortuus
807 1307 813 1318 ,
843 1295 891 1314 nec
906 1288 1024 1315 abolevit.

231 1331 339 1365 quidem
354 1337 490 1365 peccatum
504 1340 510 1362 ;
527 1331 585 1366 ejus
601 1332 672 1359 enim
688 1339 759 1358 mors
778 1337 818 1359 est
833 1332 944 1360 abolitio
958 1341 1022 1368 pec-

230 1378 280 1404 cati
298 1387 304 1403 :
321 1377 386 1404 Ecce
399 1378 468 1405 enim
484 1399 491 1410 ,
507 1377 611 1412 inquit,
635 1377 724 1413 Agnus
747 1377 793 1405 Dei
812 1379 855 1414 qui
870 1379 937 1406 tollit
960 1388 1019 1414 pet:-

230 1429 313 1450 rntunt
325 1424 414 1451 mundi
429 1424 517 1460 (Joan.
535 1425 560 1452 1.
578 1425 636 1459 ‘29).
650 1424 791 1458 Quomodo
805 1429 893 1453 autent
911 1426 1022 1453 tollens?

230 1469 325 1497 Morte.
340 1470 373 1497 Et
388 1470 447 1497 ideo
460 1471 540 1498 etiam
556 1470 660 1498 vocavit
674 1472 778 1505 Agnutn
791 1492 798 1504 ,
815 1477 843 1498 ut
857 1473 901 1506 qui
915 1473 1022 1500 occide-

230 1520 313 1542 retur.
334 1515 363 1543 Si
377 1520 466 1543 autem
487 1524 538 1543 non
555 1517 717 1548 resurrexit,
735 1525 820 1551 neque
836 1517 885 1545 fuit
899 1518 1021 1551 occisus;

229 1562 250 1588 si
268 1571 320 1590 non
345 1563 395 1589 fuit
409 1563 514 1590 occisus
524 1582 531 1594 ,
558 1570 646 1597 neque
661 1567 798 1597 peceatum
815 1567 857 1590 est.
871 1564 998 1591 abolitum
1011 1572 1020 1596 ;

229 1610 251 1636 si
267 1618 319 1637 non
334 1609 381 1636 fuit
397 1609 537 1642 abolitmn,
551 1609 577 1636 in
589 1617 621 1637 eo
635 1609 716 1642 estis;
728 1610 850 1637 siautem
863 1610 889 1637 in
901 1618 933 1637 eo
943 1611 1019 1644 estis,

231 1656 327 1683 frustra
342 1655 544 1690 prtcdicavimus
557 1664 564 1688 ;
576 1656 598 1682 si
621 1656 718 1682 frustra
740 1655 952 1690 pnedicavimus,
967 1656 1022 1682 fru-

231 1707 286 1729 stra
301 1702 461 1730 credidistis.
475 1702 600 1737 Alioquin
613 1706 701 1728 autem
717 1710 788 1728 mors
803 1709 909 1736 quoque
930 1706 1022 1729 manet

229 1748 404 1779 immortalis,
427 1748 449 1775 si
464 1756 515 1774 non
537 1747 693 1775 resurrexit.
712 1748 739 1774 Si
755 1747 826 1775 enitn
841 1748 897 1782 ipse
914 1755 1020 1783 quoque

229 1793 353 1820 detentus
367 1794 415 1820 fuit
428 1802 443 1820 a
458 1798 544 1821 morte
556 1814 563 1827 ,
581 1798 608 1821 et
627 1793 747 1821 dolorem
762 1794 820 1827 ejus
842 1802 894 1820 non
917 1794 996 1821 solvit
1011 1802 1018 1826 ;

228 1840 362 1874 quomodo
385 1840 451 1867 alios
466 1848 560 1868 omnes
576 1840 717 1871 liberavit,
733 1840 777 1875 qui
795 1841 851 1874 ipse
867 1841 954 1868 adhuc
967 1841 1019 1868 de-

229 1887 383 1914 tineltatur?
406 1886 438 1913 Et
454 1887 514 1914 idco
533 1886 669 1921 subjungit
686 1895 692 1912 :
712 1887 753 1913 18.
777 1885 844 1920 Ergo
865 1891 888 1912 et
901 1887 945 1922 qui
957 1887 1019 1913 dor-

230 1933 337 1959 mierunt
359 1933 385 1959 in
404 1932 516 1965 Christo,
532 1933 669 1967 perierunt.
690 1932 725 1958 Et
738 1931 802 1967 quid
817 1932 895 1964 dico,
913 1932 1017 1966 inquit,

229 1979 262 2005 de
277 1979 351 2006 vobis
364 2001 370 2010 ,
386 1986 445 2006 cum
460 1978 541 2005 etiam
556 1978 592 2005 iiIi
607 1986 702 2005 omnes
716 1978 859 2012 perierint,
875 1978 919 2013 qui
935 1983 1018 2005 tottttu

229 2026 411 2057 Confecerunt,
428 2029 455 2052 et
470 2025 557 2051 futuro
570 2045 577 2056 ,
593 2024 663 2058 quod
677 2029 718 2051 est
732 2024 875 2057 incertum,
892 2033 942 2050 non
958 2029 1019 2051 sunt

229 2071 343 2104 amplius
356 2070 467 2104 subjecti
481 2071 492 2096 τ
514 2069 580 2097 lllud
595 2074 700 2102 autent,
718 2068 750 2095 In
761 2069 861 2096 Christo
874 2091 880 2102 ,
897 2075 942 2096 aut
955 2070 1020 2096 dicit

232 2118 258 2144 in
277 2117 328 2144 tide
341 2137 348 2150 ,
376 2120 422 2143 aut
443 2116 487 2150 qui
513 2120 620 2149 propter
634 2115 719 2149 ipsum
734 2119 796 2142 sunt
834 2116 929 2142 mortui
942 2137 950 2147 ,
974 2116 1018 2151 qui

232 2163 314 2189 multa
338 2162 523 2188 sustinuerunt
543 2161 660 2195 pericula
673 2182 679 2189 .
696 2160 740 2195 qui
755 2161 850 2187 multas
865 2161 936 2196 passi
958 2167 1020 2188 sunt

228 2207 407 2239 afﬂictiones,
430 2208 474 2242 qui
497 2207 608 2241 ingreSsi
630 2211 692 2233 sunt
713 2214 760 2240 per
783 2207 851 2233 riam
865 2211 1016 2241 augustam.

228 2252 278 2280 Ubi
295 2260 365 2280 nunc
375 2257 434 2279 sunt
450 2252 562 2279 scelesta
574 2259 618 2279 ora
633 2252 852 2281 Manichzcorum.
868 2252 912 2286 qui
928 2252 1020 2279 dicunt

229 2306 290 2325 cum
307 2298 396 2325 dicere
410 2305 468 2324 eatn
482 2305 541 2331 qua:
558 2297 600 2324 hic
612 2303 654 2324 est
666 2297 888 2324 resurrectionem
900 2318 907 2330 ,
923 2305 1020 2332 nempe

229 2345 413 2371 liberationem
428 2351 442 2370 a
459 2345 590 2378 peccato?
611 2344 689 2370 Densi
705 2344 776 2370 enim
791 2344 833 2371 isti
855 2348 881 2372 et
900 2344 1018 2371 continui

230 2399 260 2417 ac
275 2390 406 2425 reciproci
427 2390 576 2426 syllogismi
599 2390 664 2417 nihil
691 2390 809 2418 iudicant
835 2399 930 2418 corutn
961 2398 1020 2425 quac

228 2436 264 2464 illi
279 2436 386 2468 dicunt,
411 2436 458 2463 sed
475 2435 499 2462 id
524 2436 593 2470 quod
615 2443 664 2463 nos
679 2436 803 2463 dicimus.
828 2436 929 2463 Dicitur
948 2436 1019 2463 cnim

228 2482 389 2509 resurrectio
404 2481 461 2515 ejus
475 2481 546 2516 quod
561 2482 657 2509 cecidit
671 2481 816 2509 restitutio.
840 2482 873 2508 Et
888 2481 948 2509 ideo
964 2481 1019 2510 frc-

227 2532 340 2564 queutcr
363 2528 491 2559 resumit,
516 2535 568 2554 nou
595 2529 679 2555 solum
703 2528 795 2555 dicens
819 2528 1017 2561 resurrexisse,

227 2575 276 2602 sed
296 2576 375 2602 etiam
403 2574 523 2605 addens.
550 2574 593 2601 Ea:
616 2575 730 2602 mortuis.
752 2575 785 2602 Et
797 2575 928 2602 Corinthii
954 2583 1019 2602 sane

229 2630 282 2650 nott
296 2622 454 2649 dubitabant
476 2623 510 2649 dc
531 2622 690 2649 remissione
705 2627 892 2656 peccatorum,
914 2623 960 2650 sed
985 2623 1019 2650 de

228 2669 424 2696 resurrectione
430 2675 583 2702 οοτνοι-υιιι.
592 2667 718 2700 Ωιιίυιιαιιι
727 2674 815 2695 autem
825 2669 934 2696 omnino
944 2673 1020 2704 urget

229 2715 377 2741 necessitas
388 2735 394 2746 ,
412 2718 441 2740 ut
464 2713 485 2740 si
503 2713 625 2740 homines
641 2721 692 2739 non
709 2713 761 2740 sint
775 2714 905 2748 ejusmodi
922 2719 950 2741 ut
964 2723 1017 2742 non

229 2762 340 2793 pccc’cnt
350 2780 357 2792 ,
375 2767 409 2786 uc
422 2759 544 2786 Christus
556 2758 663 2792 quidem
678 2759 712 2785 sit
725 2759 878 2794 ltujusmodi
890 2761 901 2787 ’ἶ
913 2760 980 2788 Nam
996 2762 1018 2788 si

230 2814 282 2832 non
306 2813 377 2833 esset
401 2805 593 2838 suscitaturus,
620 2813 787 2841 consequens
811 2813 882 2835 esset
906 2808 1015 2841 dicere,

228 2851 280 2877 (Zur
292 2851 373 2884 venit,
390 2856 415 2878 et
428 2858 535 2879 carnem
548 2852 661 2886 {tt-Cepit,
678 2857 703 2879 et
716 2852 860 2880 resurrexit
873 2854 883 2879 1’
895 2854 927 2882 dc
940 2854 1016 2882 nobis

585 125 615 154 S.
634 123 772 153 JOANNIS
789 120 1022 151 CIIBYSOS’FOMI
1042 120 1199 148 ARCIIIEP.
1220 122 1487 151 CONS'FAN'HNOP.

1829 127 1882 155 356

1090 183 1178 206 autem
1191 180 1310 207 minime.
1325 180 1390 208 Nam
1403 186 1429 208 et
1444 181 1613 216 peccantibus
1627 181 1777 210 hominibus
1788 189 1814 210 et
1827 192 1879 212 non

1089 226 1261 259 peccantibus
1274 246 1281 259 ,
1295 233 1356 254 cum
1376 227 1430 253 Deo
1446 234 1554 261 semper
1568 232 1608 254 est
1620 228 1690 263 quod
1706 227 1732 255 in
1747 237 1808 257 eum
1825 238 1883 258 noll-

1086 272 1164 298 cadat
1180 277 1315 307 precatum
1327 293 1334 304 ,
1349 279 1377 300 et
1395 281 1443 300 nos
1458 274 1531 300 illum
1547 281 1599 301 non
1615 275 1751 310 sequimur
1763 297 1771 310 ,
1791 285 1878 312 neque

1087 315 1137 344 hoc
1162 317 1195 344 ad
1221 318 1284 345 illud
1317 319 1513 353 reciprocatur.
1540 319 1609 347 sicut
1632 320 1657 348 in
1682 323 1878 350 resurrectione

1087 369 1239 396 corporum.
1260 363 1305 390 19.
1328 364 1358 390 Si
1380 364 1405 390 in
1422 364 1469 391 hac
1481 365 1531 391 vita
1544 369 1640 392 tantum
1654 366 1680 392 in
1701 366 1803 394 Christo
1821 376 1878 402 spe-

1086 413 1170 435 rantes
1182 417 1278 438 sumus.
1294 410 1486 437 miserabiliores
1498 419 1583 438 sumus
1596 412 1710 439 omnibus
1722 413 1875 440 hominibus.

1120 453 1147 480 5.
1164 454 1231 487 Quid
1247 454 1314 482 dicis
1324 476 1330 485 .
1344 463 1360 482 ο
1376 455 1479 483 Paule?
1493 457 1627 491 quomodo
1642 457 1666 484 in
1684 458 1732 485 hac
1748 459 1800 486 vita
1814 467 1875 493 spe-

1085 503 1175 526 rantes
1187 507 1290 533 SlilllllS,
1303 500 1323 527 51
1339 508 1450 535 corpora
1464 509 1517 529 non
1530 507 1681 537 resurgunt,
1695 511 1755 530 cum
1769 510 1875 532 maneat

1084 545 1171 572 anima
1187 551 1214 573 et
1232 546 1267 573 sit
1280 547 1458 575 immortalis?
1472 549 1602 582 Quoniam
1618 549 1643 576 si
1656 555 1761 578 maneat
1775 552 1873 583 anima,

1084 595 1111 617 et
1133 592 1229 618 millies
1250 593 1284 620 sit
1305 593 1461 621 immortalis
1475 615 1483 626 ,
1499 594 1569 622 sicut
1585 600 1625 622 est
1647 604 1738 623 revera
1752 618 1760 629 ,
1775 598 1875 632 absque

1084 643 1164 663 carne
1179 644 1231 664 non
1255 638 1368 672 accipiet
1383 638 1450 666 bona
1467 640 1510 666 illa
1526 640 1668 668 incﬂ‘abilia
1681 662 1688 674 ,
1705 642 1772 669 sicut
1789 651 1873 678 neque

1084 683 1215 716 punietur.
1239 682 1331 710 Omnia
1353 685 1418 710 enim
1441 686 1667 721 manifestabuntur
1688 692 1745 714 ante
1764 689 1875 716 tribuunt

1083 727 1176 754 Christi
1185 749 1191 759 ,
1207 733 1233 755 ut
1245 730 1352 764 accipiat
1364 731 1531 766 unusquisque
1543 740 1598 767 quae
1611 741 1655 767 per
1674 741 1766 769 corpus
1779 737 1872 770 gessit,

1082 773 1132 799 sive
1144 774 1208 799 bona
1218 795 1225 806 ,
1241 775 1292 801 sive
1306 775 1373 802 mala
1391 775 1427 810 (2.
1442 776 1501 804 Cor.
1519 777 1545 804 5.
1563 777 1617 812 10).
1634 778 1777 813 Propterea
1792 781 1874 813 dicit,

1083 818 1112 846 Si
1128 820 1154 846 in
1167 820 1214 846 hac
1227 822 1275 847 rita
1291 826 1388 848 tantum
1401 823 1427 849 in
1442 822 1541 850 Christo
1559 830 1687 859 sperantes
1706 834 1811 860 sumus,
1823 829 1873 854 mi-

1081 866 1240 893 serabiliores
1258 875 1345 893 stonus
1364 868 1483 894 omnibus
1501 868 1654 896 hominibus.
1675 871 1703 898 Si
1725 872 1797 898 enim
1820 880 1871 900 non

1082 912 1196 946 resurgit
1209 919 1305 946 corpus
1315 933 1325 946 τ
1340 913 1491 941 incoronata
1507 919 1596 942 manet
1610 916 1696 943 anima
1711 922 1784 944 extra
1801 918 1872 946 illam

1081 957 1272 986 beatitudinem
1289 967 1347 993 qua:
1367 966 1408 987 est
1431 961 1456 987 in
1477 961 1549 988 cadis
1565 970 1571 987 :
1587 962 1609 988 si
1624 967 1712 990 autem
1728 964 1777 991 hoc
1794 965 1828 991 ita
1842 973 1873 992 se

1081 1004 1171 1037 habet,
1188 1010 1251 1032 tunc
1264 1005 1329 1032 nihil
1344 1007 1453 1034 omnino
1466 1014 1678 1042 consequemur:
1693 1009 1714 1035 si
1732 1014 1794 1036 tunc
1806 1010 1872 1038 nihil

1079 1058 1287 1086 consequemur,
1301 1052 1326 1078 in
1341 1053 1463 1087 prmsenti
1477 1058 1539 1081 sunt
1552 1056 1788 1084 remuneratiOnes.
1803 1056 1871 1090 Quid

1079 1104 1153 1131 ergo,
1169 1098 1263 1132 inquit.
1281 1097 1330 1125 hac
1344 1099 1446 1126 ratione
1461 1099 1540 1127 fuerit
1555 1100 1631 1127 nobis
1645 1101 1797 1129 infelicius?
1810 1103 1872 1130 chc

1079 1149 1166 1172 autem
1182 1145 1288 1172 diccbat
1301 1166 1308 1178 ,
1320 1145 1398 1172 simul
1415 1150 1441 1173 et
1455 1153 1502 1173 eos
1515 1146 1677 1174 conﬁrmans
1690 1155 1721 1175 ac
1733 1149 1873 1177 stabiliens

1078 1192 1104 1219 in
1121 1199 1153 1220 co
1168 1193 1239 1227 quod
1256 1193 1352 1220 dicitur
1365 1193 1398 1221 de
1418 1195 1614 1222 resurrectione
1627 1203 1780 1231 corporum,
1797 1202 1824 1225 et
1836 1198 1872 1226 de

1078 1237 1221 1265 immortali
1235 1238 1276 1265 illa
1289 1239 1341 1266 vita
1356 1240 1529 1274 persuadens,
1542 1249 1575 1268 ne
1586 1242 1770 1270 existimarent
1780 1248 1871 1272 nostra

1077 1284 1166 1312 omnia
1180 1285 1289 1312 dissolvi
1303 1289 1330 1312 ct
1342 1285 1466 1313 desinere
1482 1287 1507 1313 in
1523 1287 1656 1321 przcsenti.
1669 1288 1734 1315 Nam
1747 1296 1808 1316 cum
1823 1298 1873 1324 per

1077 1330 1254 1364 prtcccdcntia
1269 1331 1334 1357 satis
1349 1331 1535 1359 confirmasset
1547 1333 1616 1368 qttod
1630 1334 1735 1361 volebat
1748 1339 1775 1362 et
1789 1335 1872 1363 dixis-

1076 1380 1127 1408 set,
1140 1375 1170 1402 Si
1183 1376 1276 1402 mortui
1289 1384 1339 1402 non
1350 1382 1493 1412 resurgunt,
1505 1385 1583 1412 neque
1592 1377 1706 1406 Christus
1718 1383 1871 1413 resurrexit;

1075 1421 1096 1448 si
1109 1427 1192 1448 autem
1208 1421 1323 1448 Christus
1344 1431 1394 1449 non
1412 1425 1564 1456 resurrexit,
1583 1425 1709 1458 periimus
1720 1446 1727 1457 ,
1742 1431 1769 1453 ct
1783 1426 1872 1454 adhuc

1074 1474 1168 1494 sutuus
1191 1467 1218 1494 in
1243 1468 1359 1501 peccatis
1374 1477 1380 1494 :
1396 1476 1489 1495 rursus
1511 1468 1561 1496 hoc
1585 1478 1691 1504 quoque
1714 1471 1849 1507 subiungit
1863 1494 1869 1504 ,

1075 1514 1214 1548 exagitans
1230 1514 1335 1541 illorttm
1351 1515 1540 1549 arrogantiam.
1556 1515 1666 1548 Quando
1682 1517 1752 1543 enim
1769 1523 1809 1544 est
1823 1526 1871 1545 ue-

1074 1558 1219 1586 ccssarium
1241 1559 1348 1594 aliquod
1369 1559 1464 1594 dogma
1487 1561 1686 1589 introducturus
1699 1582 1705 1594 ,
1723 1568 1793 1590 metu
1811 1565 1868 1598 pri-

1074 1613 1146 1632 mum
1161 1605 1278 1640 percellit
1290 1606 1379 1633 cordis
1393 1615 1485 1634 eormn
1501 1607 1625 1636 duritiem
1642 1619 1648 1635 :
1661 1610 1732 1644 quod
1747 1610 1790 1637 hic
1803 1619 1870 1645 quo-

1074 1659 1125 1686 que
1139 1651 1212 1684 fecit,
1229 1657 1257 1679 ut
1271 1653 1314 1687 qui
1330 1658 1357 1679 et
1372 1653 1495 1688 superius
1509 1661 1539 1681 ea
1555 1655 1721 1690 disperserit,
1738 1661 1765 1683 et
1779 1657 1870 1684 attinnt

1073 1699 1167 1725 anxios
1183 1699 1338 1732 reddiderit,
1356 1703 1384 1726 ut
1399 1700 1442 1734 qui
1458 1700 1492 1728 ab
1506 1701 1630 1728 omnibus
1646 1703 1826 1735 excidissent;
1843 1710 1871 1732 et

1074 1751 1145 1771 nunc
1159 1752 1252 1772 rursus
1265 1745 1359 1775 aliter.
1375 1750 1401 1772 et
1416 1753 1444 1773 ut
1465 1747 1580 1774 maxime
1598 1748 1722 1779 doleant.
1741 1749 1810 1777 idem
1828 1751 1869 1777 Γει-

1073 1791 1147 1817 ciens
1160 1798 1190 1817 ac
1205 1790 1298 1818 dicens
1313 1801 1319 1817 ε
1337 1791 1531 1820 Miserabih'ores
1547 1802 1634 1822 sumus
1650 1796 1765 1822 omnibus
1786 1797 1870 1823 [tomi-

1073 1836 1146 1862 nibus
1156 1856 1164 1869 ,
1180 1836 1201 1863 si
1217 1841 1277 1870 post
1292 1841 1330 1863 tot
1346 1837 1411 1864 bella
1426 1843 1452 1865 et
1471 1843 1571 1866 mortes
1584 1845 1611 1867 ct
1625 1841 1693 1867 mala
1710 1841 1868 1869 innumera-

1074 1881 1135 1909 bilia
1147 1903 1154 1914 ,
1172 1883 1252 1908 tantis
1271 1882 1347 1909 bouis
1367 1883 1450 1910 simus
1466 1884 1604 1918 privandi,
1622 1890 1649 1913 et
1664 1886 1731 1913 intra
1749 1895 1870 1920 pra-scus

1074 1931 1177 1962 tempus
1192 1933 1281 1955 nostra
1297 1929 1444 1956 consistant
1458 1938 1464 1956 :
1477 1931 1566 1957 omnia
1581 1931 1650 1958 enim
1666 1933 1781 1966 pendent
1796 1942 1810 1959 a
1825 1942 1871 1962 re—

1073 1974 1247 2002 surrectione.
1260 1974 1436 2008 Quamobrem
1449 1976 1510 2003 hinc
1520 1985 1624 2012 quoque
1633 1983 1674 2005 est
1683 1980 1867 2014 perspicuum,

1073 2019 1143 2054 quod
1158 2028 1210 2046 non
1222 2021 1375 2054 loqueretur
1386 2021 1418 2048 de
1432 2022 1557 2056 peccatis,
1569 2023 1616 2050 sed
1627 2023 1661 2051 de
1671 2025 1871 2053 resurrectimte

1073 2073 1215 2101 corporum
1227 2087 1234 2099 ,
1252 2072 1279 2094 et
1296 2067 1329 2095 de
1345 2069 1396 2095 vita
1420 2069 1544 2103 praesenti
1564 2073 1591 2097 et
1613 2069 1710 2097 futura.
1726 2071 1772 2099 20.
1789 2071 1871 2098 Nunc

1073 2118 1156 2139 autent
1171 2113 1286 2140 Christus
1300 2115 1436 2141 resurrexit
1451 2123 1467 2141 a
1481 2117 1595 2146 mortuis,
1609 2116 1728 2149 primitiw
1740 2118 1872 2145 dormien-

1073 2160 1145 2186 tium.
1167 2160 1310 2195 Postquam
1330 2161 1448 2189 ostendit
1465 2167 1530 2196 qttot
1550 2163 1618 2189 tnala
1633 2163 1756 2192 oriantur
1768 2173 1800 2192 ex
1817 2173 1869 2198 eo,

1073 2205 1143 2240 quod
1159 2213 1211 2232 non
1227 2207 1350 2234 credatur
1370 2208 1531 2235 resurrectio
1543 2229 1551 2241 ,
1571 2216 1663 2236 rursus
1683 2211 1780 2245 repetit
1796 2212 1870 2246 quod

1073 2252 1173 2279 dictum
1187 2257 1237 2284 est,
1251 2258 1278 2280 et
1290 2252 1355 2280 dicit
1368 2262 1375 2280 :
1391 2253 1468 2280 Nunc
1481 2260 1564 2281 autent
1577 2254 1691 2282 Christus
1703 2259 1845 2284 resurrexit
1855 2267 1872 2284 α

1073 2299 1199 2330 mortuis;
1214 2300 1341 2326 contitnto
1357 2299 1467 2333 addens,
1484 2300 1505 2326 Α
1521 2301 1634 2333 mortuis,
1651 2307 1679 2328 ιιι
1697 2302 1806 2330 obturet
1823 2312 1871 2332 ora

1074 2343 1271 2372 haueticorum.
1296 2344 1419 2372 Primitiaz
1438 2354 1524 2372 eorum
1542 2347 1585 2381 qui
1600 2347 1767 2375 dormierunt.
1784 2348 1814 2376 Si
1830 2354 1873 2376 est

1073 2396 1160 2418 autem
1186 2392 1325 2426 pritnilim,
1344 2399 1391 2419 eos
1413 2400 1518 2427 quoque
1540 2397 1646 2427 oportet
1667 2401 1821 2429 resurgere.
1844 2395 1873 2422 Si

1073 2442 1162 2464 autem
1171 2437 1394 2464 resurrectionem
1406 2438 1507 2465 diceret
1517 2437 1701 2466 liberationem
1712 2447 1725 2466 a
1739 2440 1871 2474 peccatis,

1073 2490 1153 2509 nemo
1167 2487 1255 2510 autem
1270 2487 1310 2510 est
1324 2482 1424 2517 absque
1445 2488 1554 2517 peccato
1569 2483 1648 2517 (nam
1668 2484 1765 2512 Paulus
1781 2486 1851 2513 dicit
1864 2506 1872 2518 ,

1074 2529 1150 2556 Nihil
1161 2529 1223 2555 mihi
1232 2530 1345 2556 conscius
1357 2537 1422 2562 sum,
1433 2529 1478 2556 sed
1490 2537 1539 2556 nou
1550 2530 1576 2556 in
1587 2530 1634 2556 hoc
1646 2531 1801 2564 iustificam:
1815 2540 1873 2558 smn

1071 2573 1112 2610 [1.
1127 2575 1186 2603 Cor.
1204 2576 1229 2603 4.
1246 2575 1290 2612 4])
1303 2584 1309 2608 ;
1324 2575 1458 2610 quomodo
1476 2580 1555 2603 erttttt
1571 2576 1651 2611 aliqui
1665 2577 1710 2611 qui
1725 2583 1874 2613 resurgant

1073 2622 1219 2649 secundum
1235 2627 1350 2649 vestram
1371 2621 1553 2648 sententiam?
1569 2621 1662 2649 Viden”
1677 2630 1737 2649 eum
1754 2631 1818 2651 esse
1833 2625 1874 2651 lo-

1073 2673 1184 2704 quutum
1197 2668 1230 2696 de
1240 2668 1416 2703 corporibus?
1431 2668 1463 2694 Et
1474 2673 1500 2695 ut
1513 2668 1563 2695 hoc
1575 2668 1626 2696 ﬁde
1636 2668 1744 2704 dignum
1756 2670 1872 2704 faceret,

1073 2716 1200 2744 continuo
1214 2716 1351 2743 Christum
1366 2715 1473 2742 adducit
1488 2716 1514 2742 iu
1536 2715 1650 2743 medimn
1661 2737 1668 2748 ,
1683 2716 1728 2750 qui
1745 2716 1770 2743 in
1787 2725 1874 2745 carne

1073 2762 1218 2790 resurrexit
1235 2770 1240 2788 :
1255 2761 1351 2788 deinde
1363 2761 1443 2788 ctiam
1457 2761 1534 2788 ali'ert
1547 2769 1664 2789 causam.
1679 2762 1744 2789 Nam
1759 2767 1789 2788 ut
1803 2763 1872 2796 dixi,

1073 2808 1180 2845 quando
1194 2808 1315 2836 enuntiat
1328 2807 1453 2842 quidem,
1469 2815 1577 2835 causam
1598 2814 1686 2836 autent
1709 2818 1760 2836 non
1783 2811 1868 2840 dicit.

1076 2863 1128 2883 non
1143 2859 1194 2883 tant
1210 2855 1286 2883 facile
1301 2863 1315 2882 a
1331 2854 1421 2882 multis
1434 2853 1582 2883 admittitur
1591 2859 1617 2883 ct
1630 2856 1756 2890 probatur
1769 2856 1871 2883 oratio.
