2021 3117
146 144 200 171 537

147 200 278 234 Qtttnnam
289 204 331 228 est
341 208 404 235 ergo
419 201 518 228 causa?
531 201 574 227 21.
591 201 716 233 Quoniam
727 200 827 236 quidem
843 209 887 236 per
899 202 944 228 Ito-

148 254 242 272 mmem
255 254 333 279 mors,
345 251 369 273 et
380 255 424 281 per
437 247 562 274 hominem
572 248 721 273 resurrectio
735 252 900 275 mortuorum.
917 247 944 274 Si

147 299 240 321 autem
252 300 300 328 per
312 294 457 327 hominem,
471 301 519 329 per
529 302 590 322 eum
603 295 683 341 plane
691 295 735 330 qui
747 294 826 322 habet
836 302 942 328 corpus.

150 339 219 366 Vide
232 347 313 374 porro
326 340 384 375 ejus
397 340 545 373 solertiam,
557 341 602 376 qui
613 339 693 368 etiam
705 341 784 368 aliter
795 341 944 368 orationem

147 383 234 410 efﬁcit
256 385 444 412 necessariam.
468 384 533 412 Nam
555 393 635 418 eum,
651 385 696 420 qui
718 385 766 412 fuit
785 389 943 420 superatus,

149 435 259 464 oportet
272 435 300 457 et
315 435 475 465 prostratam
497 431 647 458 instaurare
667 439 698 458 ac
719 439 844 466 reparare
867 435 945 457 natu-

148 484 207 504 ram
220 498 228 510 ,
244 482 270 504 et
286 478 371 512 ipsum
386 478 491 505 vincere
507 486 514 504 :
529 478 568 505 sic
583 479 654 505 enim
675 478 801 512 probrum
818 484 944 504 excusso-

149 524 195 551 rit.
219 524 365 551 Videamus
388 528 475 552 atttcm
498 532 641 559 quamnam
665 524 729 551 dicit
752 529 873 551 mortem.
897 522 942 550 Ἡ.

151 570 225 597 Sicut
240 571 313 598 enim
327 571 354 598 in
367 571 449 598 Adam
462 579 548 598 omnes
561 572 713 604 moriuntur,
727 572 763 598 ita
773 575 796 597 et
808 570 833 596 in
845 569 944 597 Christo

151 624 239 643 autne:
261 617 464 651 viviﬁcabuntur.
493 617 581 651 Quid?
600 624 747 649 omnesne,
767 616 811 643 dic
832 622 942 651 quaeso,

151 662 250 689 mortui
265 667 328 689 sunt
343 662 367 689 in
389 662 472 690 Adam
492 667 578 690 morte
598 661 720 697 peccati?
732 661 866 697 quomodo
880 667 944 695 ergo

151 706 208 734 Noe
219 707 308 742 justus
328 708 354 734 itt
374 708 545 743 generatione
558 708 626 735 sua?
641 707 774 743 quomodo
787 706 944 734 Abraham?

152 753 287 787 quomodo
301 753 351 781 Job
362 754 373 780 ?
386 755 521 789 quomodo
535 755 577 781 alii
593 754 708 781 omnes?
723 753 791 786 Quid
807 761 887 785 vero,
901 753 953 785 die,

151 807 228 834 rogo,
239 807 369 828 omnesne
384 801 587 828 viviﬁcabuntur
598 801 623 827 in
634 800 760 828 Christo?
782 800 812 827 Et
827 800 869 826 ubi
882 804 944 826 sunt

152 845 196 879 qtti
217 845 385 873 abducuntttr
409 847 434 874 in
458 846 627 882 gehennam?
643 846 709 874 Nam
727 847 749 874 si
771 846 822 873 hoc
836 846 942 881 quidem

151 891 251 918 dictum
266 898 307 919 est
321 892 354 919 de
369 900 490 927 corpore,
507 897 559 921 stat
580 893 649 928 quod
665 893 762 920 dicitur
776 901 783 918 :
798 892 838 919 sin
854 896 942 918 autem

152 937 184 964 de
204 937 306 972 jttstitia
328 943 355 966 et
378 944 487 974 peccato
499 959 507 972 ,
527 947 703 974 nequaquam.
722 939 821 970 Deinde
835 946 868 965 ne
882 945 942 965 cum

151 984 269 1012 atulieris
281 991 447 1012 communem
466 986 680 1018 viviticationem,
695 985 774 1013 etiam
790 989 943 1020 peccatores

151 1030 318 1058 existimares
330 1038 390 1059 esse
404 1032 509 1064 salvos,
529 1031 666 1066 subjunxit
682 1041 688 1058 :
704 1031 749 1058 25.
766 1031 943 1065 Uuusqu’sque

150 1080 235 1103 autem
250 1077 278 1103 in
295 1085 340 1104 suo
352 1077 449 1104 ordine.
464 1078 529 1104 Nam
544 1078 669 1112 quoniam
685 1077 808 1104 audivisti
823 1084 943 1104 resurre-

151 1122 277 1156 ctionem,
290 1130 324 1150 ne
336 1123 472 1151 existimes
482 1130 576 1150 omnes
586 1124 679 1150 eadem
691 1123 796 1157 assequi
808 1126 836 1149 ct
848 1122 941 1149 iisdem

152 1168 210 1195 frui.
227 1168 292 1195 Nam
306 1170 328 1195 si
341 1169 368 1196 in
382 1169 510 1204 supplicio
523 1177 575 1196 non
588 1177 682 1196 omnes
694 1168 786 1196 eadem
798 1168 940 1203 patientur,

150 1215 196 1242 sed
211 1222 305 1250 magna
321 1220 362 1243 est
375 1215 534 1247 diﬂerentia,
550 1215 634 1242 multo
647 1215 730 1250 magis
746 1214 789 1242 ttbi
805 1218 867 1241 sttnt
881 1221 943 1248 pec-

150 1265 254 1288 catores
266 1265 293 1288 et
305 1261 389 1295 justi,
407 1261 492 1296 major
506 1261 558 1288 erit
577 1261 712 1288 distantia.
732 1260 857 1287 Primitiae
869 1260 942 1287 Clui-

149 1311 201 1333 stus
212 1314 221 1333 :
232 1306 324 1334 deinde
334 1307 353 1334 ii
365 1308 406 1342 qui
419 1312 477 1334 sunt
491 1307 602 1339 Christi;
618 1307 668 1333 hoc
681 1311 732 1337 est,
748 1306 840 1333 lidcles
854 1310 881 1333 et
896 1305 941 1340 qui

148 1357 208 1380 sunt
222 1353 327 1388 probati
337 1357 364 1380 ct
379 1353 455 1380 homo
468 1352 682 1380 existimationis.
699 1351 743 1379 2.5.
760 1351 858 1379 Deinde
870 1351 938 1385 ﬁm‘s.

148 1399 212 1426 Nam
227 1399 333 1434 quando
350 1399 386 1426 illi
403 1400 599 1427 resurrexer'int
612 1420 619 1431 ,
634 1407 677 1426 res
691 1406 785 1425 omnes
801 1398 879 1425 tinem
893 1405 939 1425 ac-

147 1446 246 1480 cipient
262 1454 269 1473 :
284 1453 336 1472 non
350 1445 419 1473 sicut
432 1453 502 1472 nuttc
521 1449 660 1480 postquam
675 1443 852 1471 resurrcxerit
863 1442 939 1470 Chri-

147 1496 213 1530 stus,
227 1492 317 1519 omnia
331 1491 418 1518 adltttc
431 1490 533 1518 sunt'iu
549 1497 688 1525 suspenso.
706 1489 738 1517 Et
752 1489 812 1516 ideo
826 1488 937 1521 addidit,

147 1538 179 1564 In
194 1539 249 1572 ejus
261 1538 383 1570 adventu,
398 1543 426 1564 ut
441 1537 527 1564 discas
541 1537 626 1571 ipsum
643 1536 714 1571 loqui
727 1535 761 1562 de
774 1535 820 1561 illo
835 1540 938 1568 tempo-

146 1591 184 1611 re.
198 1583 263 1611 Cum
280 1584 412 1610 tradiderit
425 1591 530 1618 regnum
544 1582 598 1609 Deo
611 1587 636 1609 et
651 1581 723 1608 Patri
735 1591 744 1613 ;
760 1589 815 1608 cum
829 1588 937 1607 evacua-

144 1631 205 1656 ιιρινὶι
220 1637 319 1656 omnem
333 1629 514 1664 principatum,
529 1633 688 1662 potestatem,
702 1632 726 1654 et
740 1626 864 1653 virtutem.

177 1675 203 1700 4.
221 1674 271 1701 llic
284 1679 386 1702 attente
399 1674 517 1702 animum
531 1673 655 1700 adhibete
666 1693 674 1705 ,
688 1678 714 1700 et
727 1672 814 1699 videte
827 1679 860 1698 tte
874 1670 936 1706 quid

145 1727 189 1745 ros
201 1719 308 1754 eﬂ'ugiut
322 1727 415 1748 eorum
430 1727 489 1754 quas
504 1719 637 1747 dicuntur.
654 1719 701 1746 Est
714 1719 784 1746 enitn
798 1717 873 1744 nobis
889 1725 936 1752 pu—

144 1773 193 1800 gna
207 1773 269 1793 cum
285 1766 399 1793 inimicis
413 1775 420 1793 :
435 1766 495 1793 ideo
509 1765 582 1801 prius
595 1769 636 1792 cst
650 1764 798 1792 exercenda
813 1763 936 1791 deductio

144 1812 176 1839 ad
197 1812 344 1839 absurdum
360 1821 367 1839 :
384 1812 453 1847 quod
477 1819 549 1846 saepe
570 1811 650 1838 etiam
675 1811 737 1838 iacit
760 1810 859 1838 Paulus
874 1819 880 1836 :
896 1810 935 1837 sic

143 1859 214 1887 enim
235 1860 351 1887 maxime
367 1867 427 1894 quae
442 1859 551 1892 dicunt,
566 1858 732 1893 apparebunt
747 1857 823 1884 nobis
837 1857 934 1891 depre-

144 1907 229 1932 hensu
253 1905 351 1933 facilia.
375 1905 429 1933 Eos
450 1913 515 1940 ergo
538 1904 652 1940 primtttn
677 1911 800 1939 rogemus
818 1904 880 1938 quid
900 1903 936 1931 sit

142 1950 212 1985 quod
227 1950 328 1978 dictum
342 1955 392 1984 est,
405 1951 468 1978 Cum
479 1950 611 1978 tradiderit
623 1958 727 1985 regnum
742 1949 795 1976 Deo
806 1954 828 1976 et
840 1949 927 1976 Patri.

141 1997 207 2024 Nam
226 1997 250 2024 si
266 1996 292 2024 id
305 1997 500 2025 inconsiderate
513 1997 695 2031 acceperimus
705 2016 712 2028 ,
728 2000 754 2023 et
768 2003 821 2022 non
836 1999 865 2023 ut
879 1996 934 2023 Deo

142 2044 277 2076 convenit,
291 2051 343 2070 non
357 2043 421 2071 illud
436 2048 526 2078 postea
543 2043 650 2071 habebit
663 2051 670 2070 :
684 2050 745 2070 nam
761 2043 805 2078 qui
821 2043 864 2070 alii
881 2047 934 2070 tra-

142 2089 218 2122 didit,
232 2089 375 2117 desinitde
384 2094 481 2117 caetero
495 2090 551 2124 ipse
566 2089 591 2117 id
606 2093 707 2117 tenere.
722 2089 776 2117 Nec
785 2090 837 2117 erit
847 2090 932 2117 solunt

142 2134 192 2162 hoc
204 2135 361 2168 absurdum,
375 2135 422 2163 sed
432 2135 512 2163 etiam
526 2135 596 2170 qttod
609 2143 643 2163 ne
659 2135 703 2163 ille
714 2135 820 2171 quidem
834 2135 878 2171 qui
889 2143 933 2162 ac-

141 2182 229 2216 cepit,
249 2182 402 2209 invenietur
420 2181 518 2210 habere
539 2182 690 2217 priusquam
706 2183 849 2217 acceperit.
864 2182 933 2217 Ergo

140 2228 290 2256 secundum
305 2228 366 2256 illos
378 2236 464 2264 nequc
476 2229 555 2256 Pater
564 2235 622 2257 erat
636 2229 690 2256 l‘tex
701 2234 788 2261 antea,
803 2234 830 2256 et
843 2234 933 2257 nostra

141 2275 329 2310 persequitur;
347 2283 432 2310 neque
445 2275 527 2303 Filius
537 2280 627 2310 postea
644 2275 699 2303 lies
713 2283 772 2303 esse
785 2276 932 2310 apparebit.

142 2319 283 2353 Quomodo
293 2328 357 2356 ergo
369 2321 425 2356 ipse
436 2321 543 2357 quidem
554 2321 617 2349 dicit
627 2321 661 2349 de
677 2322 763 2355 Patre,
777 2321 854 2349 Pater
865 2331 934 2350 meus

142 2375 219 2401 usque
226 2375 293 2395 nunc
305 2372 434 2402 operatur,
442 2372 464 2395 et
474 2376 519 2403 ego
529 2376 620 2404 operor
629 2367 716 2403 (Joan.
727 2369 753 2396 5.
767 2369 824 2403 i7)?
831 2369 864 2397 de
876 2369 934 2404 ipso

141 2417 230 2440 autem
242 2412 310 2440 dicit
324 2413 432 2446 Daniel,
448 2413 563 2449 Regnum
582 2414 636 2448 ejus
646 2434 654 2446 ,
669 2422 775 2449 regnum
794 2421 915 2441 mternum
925 2436 932 2449 ,

141 2460 208 2494 quod
221 2468 272 2487 non
285 2460 422 2494 prateribit
434 2460 513 2495 (Dan.
529 2460 557 2487 2.
572 2460 638 2495 ιω
651 2460 744 2488 Viden’
756 2468 834 2496 quam
851 2462 932 2489 multa

141 2505 261 2532 oriantur
275 2505 402 2539 absurda,
416 2509 443 2533 et
454 2513 532 2540 quam
543 2513 605 2533 cttm
617 2505 764 2540 Scripturis
778 2507 931 2541 pugnantia,

141 2559 200 2578 etttn
212 2552 345 2586 quispiam
353 2559 413 2586 quae
422 2551 546 2579 dicuntur
556 2552 670 2579 humane
680 2551 829 2586 acceperit?
839 2552 933 2586 Quem-

143 2605 201 2624 nam
217 2602 309 2624 autem
323 2597 367 2625 hic
378 2597 442 2624 dicit
454 2597 575 2624 evacuari
588 2601 615 2624 et
624 2597 724 2625 aboleri
737 2598 933 2632 principatum?

142 2643 352 2677 augeloruntne?
372 2642 459 2670 Absit.
481 2643 516 2669 At
533 2642 671 2670 ﬁdelium?
687 2642 725 2670 Ne
745 2643 795 2670 hoc
814 2643 931 2678 quidem.

142 2688 193 2715 Sed
214 2687 380 2723 quemnam?
401 2688 558 2715 Daamonum
570 2709 577 2720 ,
592 2688 626 2716 de
645 2695 699 2724 quo
717 2688 778 2715 dicit
795 2696 802 2716 :
819 2688 879 2716 Non
898 2693 933 2716 eu

142 2735 210 2760 uobis
224 2734 371 2761 colluctatio
384 2734 504 2761 adversus
517 2742 618 2761 carnem
626 2739 650 2761 et
660 2736 818 2770 sanguinem,
830 2735 874 2762 sed
886 2734 933 2761 ad-

142 2787 225 2806 rersus
240 2779 410 2814 principatus,
423 2779 543 2807 adversus
556 2785 699 2814 potestates,
713 2781 833 2809 adversm
844 2781 933 2808 mundi

143 2829 248 2851 rectores
262 2823 424 2851 tenebrarum
438 2824 515 2860 hujus
529 2825 615 2852 siccati
631 2825 737 2860 (Epltes.
752 2826 779 2853 6.
795 2826 850 2862 i2).
866 2826 932 2854 Nam

144 2876 212 2898 nunc
227 2869 336 2905 quidem
356 2876 408 2897 non
428 2875 490 2897 sttnt
505 2870 581 2905 plene
599 2870 696 2898 abolita
712 2878 760 2899 nec
774 2871 861 2899 adhuc
874 2879 932 2900 ces—

648 144 680 172 lN
701 144 810 172 EPIST.
832 145 841 171 1
876 145 920 172 ΑΙ)
938 145 1016 174 Coit.
1041 146 1155 176 HOMIL.
1178 148 1298 177 XXXIX.

1741 153 1792 182 558

1000 209 1061 231 sant
1073 213 1080 236 ;
1096 205 1121 232 in
1133 205 1222 233 multis
1233 208 1303 234 enim
1315 208 1379 235 locis
1390 215 1550 243 operantur;
1563 214 1624 238 tunc
1636 216 1723 238 autem
1735 220 1793 240 ces-

1000 250 1105 276 sabunt.
1121 250 1166 277 ‘25.
1184 251 1288 286 Oportet
1307 254 1372 280 enim
1393 255 1465 281 illum
1488 264 1609 290 regnare,
1623 257 1702 284 donec
1716 263 1792 292 ponat

996 302 1084 322 omnes
1099 295 1213 324 inimicas
1231 299 1276 324 sub
1297 299 1400 333 pedibus
1416 301 1473 335 ejus
1494 301 1595 328 Rursus
1610 301 1672 329 hinc
1686 310 1792 338 quoque

999 339 1070 367 aliud
1085 341 1170 368 oritur
1184 342 1346 376 absurdum,
1363 346 1412 372 nisi
1429 346 1454 374 id
1471 355 1577 382 quoque
1591 349 1788 382 acceperimus,

999 392 1027 413 ut
1042 387 1096 414 Deo
1109 389 1244 416 convenit.
1260 390 1324 417 Nam
1346 392 1408 418 illttd
1420 414 1428 425 ,
1446 393 1531 420 Donec
1544 414 1550 423 .
1565 399 1607 420 est.
1628 393 1686 421 finis
1701 399 1728 422 ct
1741 394 1789 421 de-

1000 434 1214 469 terminationis;
1238 437 1263 462 in
1289 438 1341 464 Deo
1361 443 1449 466 autent
1471 440 1520 467 hoc
1535 448 1587 467 non
1603 446 1655 468 est.
1669 441 1713 468 26.
1731 441 1790 468 No-

998 479 1100 506 uissima
1114 481 1216 508 inimica
1231 482 1371 510 destruetur
1384 493 1460 512 mars.
1474 485 1613 518 Quomodo
1627 487 1790 514 nm‘issitna?

999 523 1062 551 Post
1077 533 1180 557 omnes.
1196 532 1256 562 post
1268 529 1411 560 diabolum,
1430 537 1488 564 post
1505 531 1555 558 alia
1568 531 1668 558 omnia.
1684 532 1788 559 Etenim

998 570 1077 597 etiam
1094 571 1119 598 in
1134 568 1209 600 initio
1223 573 1328 600 intravit
1345 575 1486 602 novissima
1501 586 1507 603 :
1521 577 1593 610 prius
1607 577 1677 604 enittt
1691 577 1789 604 diaboli

998 616 1138 643 consilium
1161 622 1189 645 et
1213 619 1390 646 inobetlientia
1403 642 1410 651 ,
1424 625 1451 648 et
1472 627 1534 649 tunc
1551 629 1633 649 mors.
1657 623 1789 650 l’olcstalc

998 668 1062 697 ergo
1083 671 1152 691 ttunc
1173 673 1278 700 quoque
1301 671 1342 693 est
1362 667 1477 699 abolita,
1492 675 1522 695 rc
1541 674 1628 695 autem
1647 670 1701 704 ipsa
1716 675 1788 697 tunc.

1000 709 1092 736 Omnia
1102 711 1168 737 enim
1179 712 1282 747 subjecit
1293 713 1337 739 sub
1351 714 1454 748 pedibus
1467 715 1530 748 ejus.
1543 713 1606 742 Cum
1617 721 1699 742 autem
1710 717 1788 745 dicat.

997 755 1042 782 27.
1059 755 1150 783 Omnia
1165 758 1275 792 subjecta
1289 764 1345 784 sunt
1361 759 1392 791 ei,
1408 759 1462 786 sine
1477 760 1552 786 dubio
1566 766 1656 794 prtvler
1668 768 1733 790 eunt.
1747 761 1790 795 qui

997 801 1101 836 subjecit
1117 804 1138 829 ei
1153 805 1247 830 onmin.
1262 804 1305 830 ‘28.
1323 803 1385 831 Cum
1406 810 1490 831 autem
1509 801 1620 840 subjecta
1640 806 1732 839 fuerint
1751 805 1790 832 illi

997 847 1092 880 omnia,
1109 852 1168 875 tunc
1183 854 1205 875 et
1219 849 1272 883 ipse
1287 849 1368 876 Filius
1384 850 1510 885 subjectus
1525 851 1572 877 erit
1585 851 1634 882 illi,
1649 851 1692 886 qui
1706 851 1789 885 subje-

997 893 1030 918 cit
1050 893 1097 919 sibi
1122 894 1216 922 omnia.
1234 895 1312 929 Atqui
1327 900 1404 923 antea
1421 904 1472 923 non
1494 896 1598 923 Patrem
1612 896 1716 924 dicebat
1730 904 1790 924 esse

997 939 1041 972 qui
1062 939 1190 974 subjecit,
1211 940 1257 967 scd
1275 941 1359 975 ipsum
1376 949 1506 969 cvacuare
1520 947 1545 968 ct
1561 942 1669 970 abolere
1687 951 1692 968 :
1709 942 1769 970 Cum
1780 964 1787 975 ,

998 985 1099 1019 inquit,
1115 987 1271 1012 evucuaverit
1285 995 1382 1013 omnem
1398 988 1607 1024 principatumyet
1622 993 1788 1023 potestatem,-

996 1034 1023 1057 et
1037 1038 1129 1057 rursus
1140 1051 1146 1063 ,
1165 1031 1268 1066 Oportet
1290 1032 1359 1058 enim
1379 1033 1461 1066 ipsum
1480 1041 1601 1068 regnare,
1618 1033 1697 1060 donec
1712 1038 1788 1068 ponat

996 1083 1081 1101 omnes
1101 1076 1216 1103 inimicos
1235 1077 1281 1103 sub
1304 1077 1407 1111 pedibus
1425 1079 1489 1112 ejus.
1509 1078 1648 1112 Quomodo
1663 1086 1727 1113 ergo
1746 1079 1788 1106 ltic

996 1120 1060 1147 dicit
1080 1121 1204 1148 Palrem?
1217 1122 1271 1149 Nec
1291 1122 1340 1149 hoc
1354 1127 1394 1149 est
1415 1123 1499 1150 solunt
1518 1124 1588 1158 quod
1610 1124 1713 1151 videtur
1728 1132 1788 1152 esse

996 1165 1117 1198 dttbiurtt,
1132 1167 1180 1194 sed
1194 1169 1273 1195 etiam
1290 1168 1360 1202 quod
1383 1174 1454 1196 metu
1470 1169 1547 1196 valde
1559 1170 1675 1196 absurdo
1690 1175 1730 1197 est
1746 1170 1787 1197 af-

996 1211 1091 1245 fectus,
1103 1217 1130 1240 et
1142 1221 1206 1240 usus
1219 1219 1260 1241 est
1272 1215 1439 1242 correctione
1452 1215 1556 1248 dicens,
1574 1215 1669 1242 Prteter
1680 1225 1734 1242 eum
1745 1217 1789 1252 qui

994 1259 1018 1286 ei
1032 1260 1138 1293 subiecit
1152 1261 1237 1287 omnia
1247 1281 1254 1293 ,
1271 1266 1404 1296 tamquam
1420 1263 1551 1297 aliquibus
1572 1263 1786 1297 suspicantibus,

995 1313 1058 1332 num
1074 1305 1152 1333 Pater
1164 1313 1270 1341 quoqtte
1283 1307 1427 1341 aliquando
1441 1308 1617 1342 subjiceretur
1630 1309 1698 1336 Filio
1712 1317 1718 1335 :
1734 1317 1788 1343 quo

994 1350 1056 1384 qttid
1071 1350 1150 1378 fuerit
1169 1352 1254 1386 magis
1267 1352 1384 1380 alienum
1399 1360 1413 1379 a
1428 1353 1550 1380 ratione?
1563 1353 1614 1381 Sed
1632 1358 1720 1382 tamen
1737 1355 1786 1381 hoc

994 1396 1090 1423 timuit.
1104 1396 1172 1430 Quid
1185 1404 1250 1432 ergo
1262 1399 1324 1424 est?
1338 1399 1436 1425 etenitn
1451 1399 1543 1426 multas
1554 1399 1681 1434 deinceps
1694 1407 1788 1427 occur-

993 1447 1055 1469 runt
1068 1444 1230 1477 qua-stiones
1244 1452 1251 1469 :
1263 1444 1309 1471 sed
1322 1445 1439 1471 anitnum
1453 1445 1517 1472 mihi
1531 1445 1664 1472 adhibete.
1681 1446 1785 1473 Etenim

993 1488 1057 1516 mihi
1074 1497 1184 1517 necesse
1199 1495 1241 1517 est
1257 1491 1370 1525 primunt
1387 1491 1476 1518 dicere
1490 1491 1566 1518 Pauli
1580 1499 1690 1526 scopum
1705 1497 1733 1519 et
1746 1493 1786 1520 in-

991 1535 1114 1562 stitutum
1130 1541 1156 1563 et
1171 1537 1312 1564 consilium
1323 1557 1329 1569 ,
1347 1538 1419 1572 qttod
1440 1537 1538 1572 ubique
1552 1538 1650 1565 videris
1662 1539 1785 1572 resplen-

990 1580 1066 1614 dere,
1080 1585 1107 1609 et
1121 1586 1182 1608 tunc
1195 1582 1290 1609 aﬂerre
1302 1583 1462 1610 solutionem
1477 1592 1484 1611 :
1498 1590 1559 1610 nam
1573 1583 1624 1610 hoc
1634 1591 1740 1619 quoque
1752 1583 1785 1612 ad

990 1627 1154 1654 solutionem
1179 1628 1255 1655 nobis
1278 1628 1390 1656 confert.
1414 1629 1478 1662 Qua:
1502 1633 1543 1656 est
1565 1637 1630 1664 ergo
1652 1630 1784 1657 sententia

991 1672 1063 1700 Pauli
1076 1693 1082 1704 .
1097 1678 1121 1700 et
1138 1674 1198 1709 quis
1210 1679 1251 1701 est
1266 1682 1324 1701 mos
1337 1674 1416 1709 ejus?
1430 1675 1515 1702 Aliter
1532 1675 1663 1710 loquitur,
1677 1675 1785 1711 quando

989 1719 1107 1755 loquitur
1120 1720 1154 1747 de
1169 1720 1223 1747 sola
1240 1720 1389 1753 divinitate,
1403 1725 1430 1748 et
1447 1721 1525 1748 aliter
1539 1721 1645 1756 quando
1658 1722 1784 1750 acciderit

989 1771 1018 1793 ut
1039 1766 1163 1802 loqttatttr
1181 1766 1216 1794 de
1235 1771 1368 1802 suscepta:
1380 1768 1469 1795 carnis
1489 1767 1701 1802 dispensatione.
1716 1767 1782 1795 Nam

988 1812 1095 1848 quando
1120 1820 1228 1840 carnem
1253 1813 1480 1848 apprehenderit,
1506 1813 1540 1840 de
1565 1817 1663 1840 ca-tcro
1688 1821 1783 1841 secure

988 1858 1076 1884 omnia
1097 1858 1213 1893 loquitur
1227 1858 1335 1885 humilia
1350 1863 1377 1885 ct
1391 1858 1506 1893 ahjecta,
1522 1859 1660 1886 conlidens
1675 1866 1781 1893 nempe,

987 1903 1057 1938 quod
1073 1911 1104 1931 ea
1120 1904 1154 1931 sit
1169 1908 1229 1937 apta
1245 1909 1272 1931 et
1291 1904 1386 1931 idonea
1408 1903 1441 1931 ad
1462 1904 1660 1939 suscipiendum
1676 1912 1706 1932 ea
1721 1911 1781 1939 quas

986 1948 1120 1976 dicutttur.
1136 1949 1279 1976 Videamus
1292 1957 1356 1984 ergo
1372 1949 1414 1977 hic
1428 1956 1535 1984 quoque
1555 1957 1588 1977 an
1610 1950 1733 1985 loquatur
1746 1950 1781 1977 de

987 1996 1043 2024 sola
1057 1996 1204 2028 divinitate,
1217 2003 1249 2022 an
1262 2003 1321 2022 cum
1336 1996 1424 2022 carnis
1439 1999 1569 2030 susceptas
1580 1995 1779 2031 diSpensationc

986 2042 1021 2069 de
1035 2042 1093 2076 ipso
1108 2041 1165 2068 haec
1178 2042 1298 2069 enuntiet
1319 2049 1378 2076 quae
1397 2041 1462 2068 dicit
1477 2050 1483 2068 :
1500 2042 1553 2068 imo
1566 2049 1630 2069 vero
1644 2041 1721 2076 prius
1734 2048 1779 2068 os-

987 2088 1127 2116 tendamus
1142 2088 1247 2115 ubinatn
1264 2087 1324 2120 hoc,
1341 2089 1410 2122 quod
1424 2088 1488 2118 dixi.
1506 2088 1608 2116 fecerit.
1624 2088 1663 2115 Ad
1677 2087 1779 2123 Philip-

987 2142 1082 2170 penses
1095 2134 1215 2161 scribens
1226 2134 1290 2161 dicit
1303 2142 1309 2160 :
1323 2133 1373 2167 Qui
1384 2142 1438 2160 cum
1452 2135 1478 2160 in
1491 2135 1571 2168 forma
1587 2133 1634 2161 Dei
1645 2139 1715 2165 esset,
1729 2142 1779 2161 non

985 2181 1102 2217 rapinam
1124 2181 1259 2208 arbitratus
1277 2185 1313 2207 est
1333 2189 1387 2208 esse
1407 2189 1433 2207 se
1454 2180 1508 2207 Deo
1525 2181 1645 2216 mquulem
1656 2201 1662 2213 ,
1679 2180 1723 2207 sed
1737 2188 1778 2207 lc-

986 2227 1069 2261 ipsum
1083 2227 1218 2254 exinanivit
1232 2227 1296 2254 serui
1307 2229 1415 2262 formam
1429 2227 1564 2262 accipiens,
1577 2227 1601 2254 in
1615 2227 1780 2253 similitudine

987 2273 1116 2300 hominum
1129 2273 1221 2308 factus,
1233 2278 1256 2300 et
1266 2273 1349 2308 ﬁgura
1363 2274 1477 2300 inventus
1491 2279 1517 2300 ut
1534 2273 1626 2305 homo;
1638 2273 1779 2300 humiliavit

986 2320 1106 2354 seipsum,
1118 2319 1233 2346 obediens
1248 2320 1329 2354 [actus
1343 2328 1422 2355 usque
1436 2320 1470 2346 ad
1484 2324 1599 2352 mortem,
1615 2324 1718 2347 mortem
1731 2328 1778 2346 au-

987 2369 1035 2391 tem
1054 2365 1143 2391 crucis.
1162 2365 1323 2400 Quapropter
1337 2364 1405 2392 Deus
1420 2365 1538 2392 exultavit
1553 2366 1626 2392 illum
1642 2365 1778 2401 (Philipp.

986 2411 1013 2439 2.
1028 2411 1077 2438 6-9
1093 2411 1113 2446 ).
1131 2411 1252 2438 Vidistin‘
1264 2412 1398 2446 quomodo
1409 2433 1415 2443 ,
1432 2412 1538 2447 quando
1552 2411 1585 2439 de
1599 2412 1655 2439 sola
1669 2412 1776 2447 quidem

987 2457 1144 2492 loquebatur
1157 2457 1306 2490 divinitate,
1322 2457 1363 2484 illa
1379 2465 1471 2491 magna
1487 2458 1564 2491 dixit,
1578 2465 1638 2485 eum
1652 2458 1678 2484 in
1694 2458 1776 2485 forma

987 2502 1034 2530 Dei
1047 2509 1117 2534 esse,
1132 2507 1159 2529 et
1173 2502 1312 2537 aequaliter
1324 2502 1454 2533 Genitori,
1469 2507 1496 2529 et
1510 2502 1558 2536 ipsi
1573 2507 1656 2530 totum
1677 2502 1780 2530 adscri—

986 2548 1025 2576 bit
1037 2557 1044 2575 :
1056 2549 1162 2584 quando
1177 2553 1265 2575 autem
1286 2549 1403 2576 ostendit
1423 2548 1468 2576 tibi
1482 2556 1544 2576 eum
1557 2557 1665 2576 carnem
1684 2556 1778 2576 susce~

986 2596 1058 2629 pisse
1070 2616 1077 2628 ,
1098 2603 1189 2622 rursus
1208 2595 1339 2629 depressit
1360 2595 1533 2623 orationem?
1549 2596 1604 2623 Nisi
1625 2597 1696 2622 enim
1719 2595 1776 2622 h:rc

986 2640 1128 2672 diviseris,
1151 2648 1246 2675 magna
1269 2646 1309 2668 est
1330 2641 1504 2675 repugnantia
1524 2649 1615 2668 eorum
1633 2649 1692 2676 qua:
1707 2641 1777 2668 dicta

987 2691 1058 2714 sunt.
1075 2686 1141 2713 Nam
1155 2686 1178 2713 si
1195 2687 1250 2714 Deo
1269 2691 1328 2714 erat
1348 2687 1458 2722 mqualis
1470 2708 1477 2720 ,
1498 2688 1632 2722 quomodo
1652 2687 1779 2714 exultavit

987 2741 1058 2767 eum,
1074 2733 1119 2768 qui
1133 2738 1174 2760 est
1187 2733 1237 2761 sibi
1251 2733 1380 2768 :cqualis?
1392 2734 1413 2760 si
1428 2739 1484 2761 erat
1499 2734 1524 2760 in
1540 2734 1623 2760 forma
1640 2733 1697 2766 Dei,
1709 2740 1776 2767 quo-

987 2779 1066 2807 modo
1079 2779 1128 2814 ipsi
1142 2779 1249 2806 donavit
1264 2780 1382 2808 nomen?
1396 2788 1455 2807 nam
1471 2780 1514 2814 qtti
1528 2779 1619 2811 donat,
1631 2780 1655 2805 ci
1666 2779 1711 2813 qui
1723 2786 1777 2804 non

988 2826 1069 2854 habet
1082 2826 1164 2853 donat
1177 2833 1184 2852 :
1197 2830 1224 2852 ct
1235 2825 1278 2860 qui
1293 2826 1391 2853 exultat
1402 2847 1409 2858 ,
1425 2833 1484 2853 eum
1503 2825 1547 2860 qui
1569 2825 1641 2859 prius
1655 2826 1712 2850 erat
1727 2823 1775 2848 hn-

989 2873 1060 2900 milis
1074 2872 1183 2900 exultat.
1201 2871 1352 2899 invenietur
1365 2879 1428 2906 ergo
1443 2878 1502 2899 esse
1515 2869 1687 2906 imperfectus
1699 2874 1724 2896 ct
1740 2869 1776 2895 in-
