2021 3117
233 136 286 164 359

234 195 328 230 digens
341 216 347 226 ,
362 193 515 229 priusquam
534 191 701 219 altitudinent
716 189 851 224 acceperit
865 193 891 215 et
907 194 1003 215 nomen
1019 194 1027 213 :

234 247 259 269 et
275 241 325 268 alia
342 239 545 267 innumerabilia
561 237 621 264 ltiuc
636 241 780 271 sequentur
791 235 904 262 absurda
916 233 1029 261 corolla-

234 288 283 314 ria.
298 286 351 314 Sed
366 287 387 313 si
401 285 490 313 carnis
501 289 632 318 susceptae
644 282 780 309 addideris
789 281 1027 315 dispensationem,

235 341 286 361 non
311 333 435 368 peccabis
458 332 514 358 lucc
539 331 640 357 dicens.
664 330 725 358 Haec
748 334 836 356 autent
861 328 903 355 ltic
923 335 1029 362 quoque

234 380 319 414 cogita
333 400 339 412 ,
356 384 382 406 et
394 386 455 405 cum
469 377 520 404 hoc
532 376 645 403 censilio
659 376 750 410 accipe
764 383 823 410 qum
837 374 906 401 dicta
920 378 992 400 sunt.

270 426 298 452 5.
315 424 379 451 Cum
401 423 442 450 his
462 427 550 449 autem
574 422 640 449 alias
654 429 760 456 qunque
781 421 901 447 dicemus
922 426 1027 446 causas.

236 472 343 498 Interim
365 474 453 497 autem
476 469 541 496 illttd
562 477 673 496 necesse
695 473 738 495 est
763 467 870 500 dicere,
887 466 957 502 quod
972 471 999 493 et
1013 473 1029 492 τι

237 517 319 545 Paulo
331 517 413 543 verba
429 516 528 543 tiebant
541 515 574 542 de
593 514 799 545 resurrectimte,
815 521 875 548 qua:
890 512 1029 539 videbatur

236 564 293 590 ﬁeri
310 571 363 590 non
381 569 470 597 posse,
485 566 512 589 et
527 569 586 596 qure
607 562 716 588 tniuitue
729 559 889 587 credebatur
903 567 910 585 :
922 563 947 585 et
962 557 1031 584 scri-

237 611 318 638 bebat
330 609 364 636 ad
378 608 543 640 Corinthios,
556 607 598 634 uhi
617 607 704 642 plures
716 610 792 633 erant
808 603 972 640 philosophi,
983 603 1028 637 qui

236 664 343 690 semper
351 655 496 682 irrideltant
505 661 535 680 ea
547 662 603 688 quzc
614 658 673 680 snttl
687 651 848 686 huiusmodi.
857 650 960 677 Etenim
969 656 1028 676 cum

237 705 263 730 in
277 704 337 730 aliis
360 703 429 729 inter
443 709 471 729 se
485 701 676 729 colliderentur
688 721 695 732 ,
712 700 737 726 itt
761 699 811 726 ltoc
823 699 948 733 dogmate
963 703 1030 724 tam-

237 757 315 784 qttam
332 756 386 776 uno
400 756 447 776 ore
465 755 560 775 omnes
580 747 770 781 conspirabant
781 766 788 778 ,
805 749 955 772 statuentes
976 752 1028 770 tton

236 803 297 823 esse
312 794 548 822 resurrectiottcttt.
574 793 611 819 De
635 791 785 826 huiusmodi
809 799 873 824 ergo
886 797 966 817 causa
982 789 1029 816 dc-

237 846 359 873 cerlans,
375 840 417 867 cui
438 839 505 866 adeo
522 846 576 865 non
589 837 708 865 creditur
719 842 747 864 et
761 845 820 872 qua:
835 836 962 863 irridetur
976 839 1029 862 tattt

238 892 347 922 propter
362 885 562 921 prtejudicatam
577 884 746 919 opiniouent,
764 891 843 918 quam
868 887 979 917 propter
991 881 1028 908 rei

238 931 440 962 difficultatem;
457 935 483 957 et
506 930 600 956 volens
616 930 729 964 probare
753 929 778 955 id
795 929 852 955 fieri
869 935 957 962 posse,
975 927 1030 961 pri-

239 985 310 1004 ntttttt
326 977 375 1003 ltoc
389 974 453 1003 facit
464 984 498 1003 ex
511 975 611 1002 Christi
626 975 822 1002 reSnrrct'tione
837 983 843 1000 :
857 978 884 1001 et
897 981 958 1000 cunt
971 980 1029 1000 eant

239 1024 450 1050 (itEIIIOIISll‘aSScl
465 1025 492 1047 rt
506 1029 538 1047 ex
552 1020 690 1055 prophetis
701 1026 728 1047 et
743 1028 775 1047 ex
791 1020 823 1046 iis
838 1019 882 1054 qui
898 1019 1028 1050 viderant,

238 1073 264 1095 et
277 1076 307 1094 ex
325 1067 356 1094 iis
371 1067 415 1102 qui
431 1066 613 1098 crediderant,
629 1070 770 1100 postquam.
784 1066 887 1099 accepit
901 1065 950 1091 sibi
966 1073 1031 1091 con-

238 1122 341 1141 cessaut
356 1113 388 1140 ad
403 1113 550 1140 absurdum
565 1112 751 1139 deductionettt
764 1133 771 1145 ,
787 1112 914 1145 deinceps
936 1112 1031 1146 probat

240 1161 376 1187 hominum
393 1160 616 1186 resurrectionem
631 1166 638 1184 :
657 1157 726 1184 Nam
736 1158 757 1184 si
773 1158 865 1184 mortui
878 1165 928 1183 non
944 1164 1030 1183 resur-

239 1210 317 1240 gunt,
333 1204 416 1239 inqttit
428 1225 435 1236 ,
461 1212 491 1230 ne
505 1203 618 1230 Christus
644 1203 745 1238 quidem
767 1203 912 1229 resurrexit.
930 1202 1031 1229 Deinde

240 1259 299 1278 cum
322 1250 450 1277 continuo
474 1250 498 1276 itt
517 1249 729 1284 prmcedentibus
749 1256 842 1275 eorum
865 1248 1030 1282 frequenteut

239 1297 357 1324 dedisset
380 1295 583 1330 probationem,
605 1295 682 1322 aliter
697 1302 790 1321 rttrsus
811 1299 1030 1328 argumentatur,

239 1351 299 1370 eam
312 1349 411 1369 vocans
427 1342 568 1376 primitias,
580 1347 606 1368 et
620 1341 764 1368 ostendens
779 1347 839 1367 eunt
853 1340 963 1367 abolere
974 1347 1032 1367 om-

241 1397 301 1416 ttetn
314 1389 493 1423 principatum
515 1392 542 1415 et
564 1392 721 1422 potestatem
735 1391 761 1414 et
777 1387 902 1414 virtutem
917 1391 944 1413 et
958 1393 1032 1412 mor-

242 1441 294 1463 tem
311 1434 494 1462 novissimam.
510 1433 650 1467 Quomodo
664 1440 740 1468 ergo,
758 1432 861 1467 inquit,
876 1431 956 1458 fuerit
969 1432 1034 1458 abo-

241 1482 303 1514 lita,
319 1481 369 1508 nisi
385 1481 458 1515 prius
471 1480 589 1507 autiserit
611 1469 670 1513 time
685 1478 798 1506 habebat
813 1477 939 1512 corpora?
955 1477 1033 1504 Post-

240 1535 321 1563 qttant
336 1534 400 1561 ergo
413 1533 507 1560 magna
520 1525 644 1558 loquutus
664 1528 705 1551 est
720 1523 753 1551 de
766 1523 923 1558 Uuigenito,
939 1530 1034 1557 nempe

242 1574 313 1608 qttod
328 1572 408 1599 tradit
420 1578 531 1605 regnum
543 1591 549 1602 ,
568 1570 619 1597 hoc
632 1573 683 1602 est,
698 1568 769 1603 quod
792 1568 849 1602 ipse
863 1576 895 1595 ca
909 1567 1032 1600 conﬁcit,

241 1623 270 1646 et
284 1619 341 1653 ipse
362 1617 433 1644 bello
448 1616 530 1642 vineit
541 1636 548 1648 ,
562 1620 588 1642 et
603 1615 690 1641 omnia
708 1614 820 1648 pedibtts
841 1614 896 1640 Sitis
909 1613 1033 1647 subjicit;

243 1665 378 1699 subjunxit
392 1663 530 1697 corrigens
542 1662 686 1688 multorum
703 1660 915 1688 incredulitatem
930 1669 936 1686 :
952 1659 1035 1693 Opor-

243 1715 276 1737 tet
289 1718 345 1736 eum
361 1716 475 1744 regnare,
491 1707 569 1734 donec
583 1707 692 1741 pomerii
707 1714 792 1732 omnes
805 1705 920 1732 inimicos
931 1705 976 1732 sub
990 1713 1035 1741 pe-

243 1756 316 1782 dibus
329 1756 390 1782 suis.
417 1754 474 1781 Non
499 1753 579 1780 finem
603 1761 684 1787 regno
706 1753 846 1786 imponens
867 1752 935 1778 dixit
950 1751 1034 1783 illud,

247 1802 351 1834 Donec,
366 1800 413 1827 scd
429 1799 480 1827 ﬁde
495 1799 604 1834 dignum
620 1798 721 1825 faciens
737 1798 763 1825 id
775 1797 846 1833 quod
860 1798 962 1825 dictum
976 1802 1034 1831 est,

244 1852 313 1874 etut
328 1847 398 1873 bono
412 1846 467 1872 sint
489 1845 577 1872 animo
599 1848 627 1871 et
648 1843 784 1871 confidant
808 1851 962 1879 procurans.
976 1843 1035 1871 Non

245 1893 316 1919 enim
333 1896 471 1926 postquam
488 1890 631 1924 audivisti,
655 1890 757 1925 inquit,
773 1897 833 1916 eum
849 1897 908 1917 esse
920 1890 1036 1917 abolitu-

245 1947 304 1972 runt
319 1945 424 1965 omnem
442 1937 619 1972 principatum
641 1941 667 1964 et
682 1940 842 1971 potestatem
855 1941 883 1964 et
897 1937 1034 1969 virtutem,

246 1992 273 2013 ιιι
288 1986 423 2012 diaboluttt
438 1989 465 2011 et
481 1989 534 2011 tant
556 1979 654 2010 multas
678 1983 830 2010 daemonum
852 1987 975 2011 catervas
987 2004 994 2015 .
1011 1988 1038 2010 et

247 2032 393 2059 infidelium
419 2032 509 2058 turbas
523 2051 529 2062 ,
554 2035 580 2058 et
605 2030 698 2057 tttortis
721 2030 905 2065 tyrannidem,
926 2035 953 2057 et
967 2030 1037 2057 mala

245 2078 349 2108 omnia.
367 2077 461 2104 timeas
473 2098 480 2108 ,
499 2081 632 2111 tamquam
649 2077 706 2110 ipse
720 2077 755 2103 sit
778 2076 899 2103 infirmus
912 2081 938 2104 et
952 2076 1037 2104 imbe-

245 2125 323 2150 cillus
336 2133 342 2150 ε
359 2123 445 2150 donec
459 2122 530 2149 enim
547 2121 639 2149 fecerit
662 2122 719 2148 lucc
734 2122 823 2149 omnia
835 2142 842 2153 ,
857 2127 963 2156 oportet
975 2129 1036 2149 eum

246 2177 358 2205 regnare
371 2178 376 2195 :
391 2177 443 2196 nntt
456 2169 506 2195 hoc
517 2167 619 2200 dicens,
631 2167 701 2202 qttod
714 2173 854 2202 postquam
869 2168 972 2201 fecerit,
985 2176 1036 2194 non

245 2215 386 2251 regnabit,
402 2214 449 2241 sed
466 2213 530 2240 illud
546 2213 662 2248 probans
676 2234 683 2246 ,
699 2213 769 2247 quod
785 2214 888 2240 etiamsi
901 2222 954 2241 non
968 2221 1038 2241 uuttc

247 2263 344 2289 factum
360 2263 404 2292 sit,
417 2260 527 2286 omnitto
540 2260 575 2286 sit
586 2259 713 2286 futurutn.
728 2259 786 2287 Non
799 2259 869 2287 eniut
883 2259 1038 2288 conscindi-

246 2313 289 2334 tttr
303 2307 361 2341 ejus
383 2313 494 2341 regnum
511 2314 517 2332 :
532 2305 685 2332 dominatur
705 2306 776 2333 enim
797 2310 824 2333 et
845 2311 939 2341 potetts
954 2311 995 2333 est
1010 2311 1038 2333 et

247 2358 355 2384 manet,
371 2351 457 2378 donec
479 2351 567 2378 omnia
584 2357 658 2378 recte
672 2351 830 2379 confecerit.
855 2352 930 2379 Hunc
949 2357 1036 2379 autent

247 2405 349 2425 morem
361 2397 495 2424 inveneris
508 2398 587 2423 etiam
602 2398 627 2424 itt
645 2397 732 2425 Veteri
748 2398 896 2432 Scriptura,
911 2402 939 2425 ut
951 2406 1037 2433 quan-

245 2447 280 2473 do
295 2446 375 2478 dicit,
398 2445 505 2472 Verbum
525 2451 607 2472 (mtem
626 2445 726 2472 Domini
748 2451 831 2472 manet
850 2446 877 2472 in
898 2451 1038 2478 meritum;

245 2498 287 2524 et.
303 2492 343 2519 Tn
363 2497 447 2519 autem
468 2492 535 2518 idem
559 2493 613 2527 ipse
634 2500 676 2523 es,
694 2498 715 2519 et
730 2493 790 2519 nimi
805 2493 841 2518 tui
855 2501 905 2518 non
920 2493 1037 2527 deﬁcient

245 2539 255 2575 (
271 2539 342 2566 Pal-tl.
359 2538 420 2566 “8.
435 2538 485 2570 89;
503 2543 525 2565 et
542 2538 602 2565 101.
617 2538 653 2565 28
666 2539 685 2572 ).
704 2539 765 2566 Ilaec
786 2544 874 2566 autem
889 2539 953 2567 dicit
975 2548 1037 2575 pro-

246 2586 324 2620 pheta
339 2605 347 2618 ,
363 2591 389 2612 et
413 2592 473 2620 qua:
497 2590 558 2611 sunt
583 2585 752 2619 hujusutodi,
768 2585 875 2620 quando
899 2590 990 2613 narrat
1004 2586 1037 2614 de

244 2632 334 2663 rebus,
350 2639 409 2666 qum
423 2631 502 2666 longo
517 2635 576 2664 post
592 2636 712 2665 tempore
725 2636 786 2659 sunt
798 2632 924 2666 gerendae
935 2637 964 2659 et
977 2640 1037 2660 om-

245 2679 308 2705 nino
323 2677 417 2704 futura:
430 2697 437 2710 ,
453 2677 615 2704 crassiorum
636 2677 786 2704 auditorum
801 2678 941 2712 expellens
957 2679 1035 2705 timo-

244 2731 311 2750 retn.
337 2722 413 2756 Quod
436 2726 525 2749 autent
548 2721 612 2748 illud
631 2721 715 2748 Donec
729 2727 755 2749 et
771 2722 872 2757 Usque,
889 2724 911 2750 si
933 2723 968 2751 de
982 2724 1036 2751 Deo

243 2769 385 2801 dicantur,
410 2775 463 2794 tton
489 2768 542 2794 sint
557 2767 637 2794 \erba
662 2767 740 2795 tinent
765 2769 957 2803 significantia,
974 2770 1036 2798 audi

243 2814 306 2848 quid
323 2813 393 2841 dicat
408 2813 448 2840 :A
463 2812 556 2840 sarculo
572 2818 595 2840 et
609 2821 687 2848 usque
698 2814 722 2839 in
734 2815 854 2841 swculum
868 2821 894 2842 tu
909 2824 935 2843 es
947 2815 1033 2851 (Psal.

243 2862 285 2888 S‘J.
302 2860 347 2895 ‘2);
365 2864 392 2887 et
408 2860 514 2892 iterum,
534 2859 587 2895 Ego
601 2868 656 2887 sum
670 2860 767 2897 (limati.
781 2862 809 2889 3.
831 2863 884 2898 I-i);
898 2868 935 2897 et,
952 2863 1037 2892 Donec

593 131 621 161 S.
642 130 780 159 JOANNIS
797 127 1031 158 CHRYSOSTOMI
1051 127 1207 156 ARCIHEP.
1227 129 1493 159 CONSTANTINOP.

1825 134 1878 162 360

1081 189 1263 215 contumaci-itis
1277 197 1324 224 ego
1336 198 1391 216 sum
1405 189 1483 225 (lsat‘.
1498 191 1542 217 46.
1558 191 1598 226 ι).
1616 191 1761 226 Propterea
1775 196 1802 219 et
1816 193 1877 219 ulti-

1080 241 1149 261 mant
1164 235 1238 268 ponit
1252 240 1365 263 mortetn
1377 257 1384 269 ,
1397 241 1426 263 ut
1438 245 1470 264 ex
1486 237 1599 264 aliorunt
1615 237 1725 265 victoria
1742 238 1795 266 hoc
1807 246 1876 273 quo-

1080 287 1131 314 que
1146 279 1222 307 facile
1237 281 1360 308 admittat
1385 282 1407 309 is
1422 282 1467 316 qtti
1491 290 1543 309 non
1560 283 1654 311 credit.
1680 283 1796 318 Quando
1810 292 1874 319 ergo

1080 326 1226 359 diabolum,
1243 328 1286 362 qtti
1298 333 1411 355 mortent
1428 329 1539 360 invexit,
1554 330 1702 362 sustulerit,
1720 331 1807 358 multo
1821 339 1877 358 uta.

1079 372 1120 406 gis
1134 372 1191 405 ejus
1207 379 1275 406 opus
1293 372 1427 400 dissolvet
1448 381 1480 401 ac
1495 374 1651 409 perfringct.
1668 375 1799 408 Quoniam
1813 383 1876 410 ergo

1079 417 1104 443 ei
1120 418 1208 444 omnia
1226 417 1366 451 attribuit,
1391 418 1462 454 quod
1478 421 1649 448 evacuaverit
1668 421 1835 456 principatus
1850 427 1876 448 et

1081 469 1245 499 potestates,
1280 466 1350 500 quod
1374 475 1484 502 regnum
1504 472 1577 495 recte
1602 469 1714 502 gesserit
1738 473 1767 496 et
1789 468 1876 495 admi-

1080 510 1217 543 nistrarit,
1239 511 1300 538 dico
1321 517 1410 539 autem
1437 512 1554 540 fidelium
1575 514 1705 545 salutem,
1728 514 1803 541 orbis
1825 517 1878 541 ter-

1081 563 1117 582 ra:
1133 563 1225 590 pacem
1235 577 1243 589 ,
1259 557 1390 585 malorum
1405 558 1569 586 deleti0uem
1585 559 1658 595 (hoc
1670 560 1742 587 enim
1766 564 1809 587 est
1833 567 1875 587 re-

1079 610 1160 637 gnum
1177 607 1250 630 recte
1270 604 1388 638 gessisse
1401 609 1428 631 et
1450 605 1654 633 administrasse
1667 626 1674 638 ,
1692 611 1806 633 mortem
1820 606 1875 633 dis-

1079 649 1211 685 solvisse)
1224 658 1231 682 ;
1257 658 1344 684 neque
1367 651 1450 682 dixit,
1466 652 1536 685 quod
1551 652 1628 679 Pater
1643 660 1691 687 per
1716 653 1817 687 ipsum,
1830 652 1876 679 sed

1080 696 1151 731 quod
1174 697 1230 731 ipse
1252 697 1393 724 evacuabit
1416 702 1443 725 ct
1464 698 1582 725 abolebit
1605 703 1632 726 et
1655 699 1713 733 ipse
1729 703 1811 733 ponet
1827 698 1875 725 sub

1082 743 1191 777 pedibus
1208 743 1274 774 suis,
1288 751 1375 778 ncqtte
1389 751 1499 778 usquam
1515 745 1636 772 meminit
1646 745 1734 772 Patris
1750 753 1756 771 :
1770 745 1826 780 jam
1841 745 1873 771 li~

1081 789 1163 819 ttulit.
1179 797 1212 816 ne
1225 789 1360 816 videretur
1375 790 1531 824 quibusdam
1545 799 1559 817 a
1576 791 1681 818 ratione
1700 790 1877 818 alienioribus

1080 839 1126 861 aut
1138 835 1223 868 major
1235 835 1313 862 Patre
1335 842 1394 862 esse
1406 835 1489 863 Filius
1501 857 1508 868 ,
1518 841 1563 862 aut
1572 836 1679 871 aliquod
1692 836 1762 863 aliud
1776 836 1876 871 princi-

1081 881 1153 914 piuttt
1174 881 1319 915 ingenitum
1333 889 1340 912 ;
1355 887 1382 908 et
1398 887 1539 916 propterea
1560 882 1611 910 sibi
1623 890 1723 910 cavens
1735 888 1763 910 et
1776 890 1833 910 rem
1850 882 1875 909 in

1082 931 1137 952 tttto
1151 927 1296 960 collocans,
1314 927 1379 955 lenit
1392 935 1424 955 ac
1439 929 1541 963 mitigat
1559 929 1769 963 magnitudinem
1783 936 1875 956 eorunt

1081 981 1140 1008 quae
1153 973 1222 1000 dicta
1236 978 1308 1004 sunt,
1326 973 1420 1001 dicens
1435 982 1441 1000 :
1457 973 1550 1001 Omnia
1564 975 1630 1000 enim
1650 975 1733 1010 posuit
1748 974 1794 1001 sub
1808 974 1878 1008 pelli-

1081 1020 1127 1046 bus
1146 1020 1218 1052 suis;
1244 1027 1288 1047 res
1310 1026 1399 1054 gestas
1422 1029 1515 1048 rursus
1539 1021 1610 1048 Patri
1635 1021 1808 1053 adseribens,
1824 1028 1877 1048 non

1082 1069 1216 1100 tamquam
1232 1066 1266 1092 sit
1281 1065 1413 1100 impotens
1427 1071 1454 1093 et
1467 1067 1617 1094 imbecillus
1629 1066 1713 1093 Filius
1731 1067 1879 1101 (quomodo

1081 1112 1153 1138 enim
1168 1116 1249 1143 esset,
1265 1111 1297 1139 de
1312 1120 1365 1146 quo
1380 1118 1432 1139 tam
1447 1112 1529 1139 multa
1546 1113 1606 1139 tttlit
1618 1113 1782 1145 testimonia,
1798 1117 1826 1139 et
1836 1113 1878 1140 cui

1081 1157 1204 1184 attribuit
1216 1157 1304 1184 omnia
1320 1165 1379 1192 quae
1392 1158 1463 1185 dicta
1484 1157 1587 1194 sunt?)
1602 1158 1648 1185 sed
1673 1163 1786 1193 propter
1799 1166 1878 1193 quam

1082 1203 1135 1230 dixi
1146 1210 1265 1236 causam,
1277 1208 1305 1230 et
1317 1208 1345 1230 ut
1357 1204 1514 1231 ostenderet
1530 1204 1602 1231 Patri
1615 1209 1641 1231 et
1654 1204 1721 1231 Filio
1732 1212 1793 1232 esse
1805 1212 1879 1231 cem-

1083 1249 1172 1276 utunia
1186 1257 1245 1283 qua:
1262 1249 1328 1276 facta
1343 1255 1406 1276 sunt
1421 1257 1469 1284 pro
1484 1251 1571 1277 nobis.
1585 1250 1652 1277 Nam
1668 1250 1738 1285 quod
1754 1250 1811 1284 ipse
1828 1250 1878 1276 sibi

1083 1294 1219 1321 suffecerit
1242 1294 1275 1321 ad
1300 1296 1390 1322 omnia
1418 1295 1468 1322 sibi
1495 1295 1679 1330 subjicienda,
1703 1296 1765 1323 audi
1786 1303 1879 1323 rursus

1083 1340 1193 1367 Paulum
1209 1340 1344 1368 dicentem
1359 1349 1365 1366 :
1382 1341 1431 1373 Qui
1447 1341 1638 1376 transﬁgurabit
1658 1350 1751 1376 corpus
1774 1341 1880 1368 humili-

1084 1388 1143 1414 tatis
1156 1392 1257 1418 nostrw,
1269 1393 1295 1413 ut
1309 1388 1340 1414 sit
1351 1389 1481 1422 conformo
1492 1388 1593 1422 corpori
1606 1387 1694 1422 gloria:
1706 1395 1760 1414 ante
1769 1409 1775 1419 ,
1790 1395 1880 1414 secun-

1085 1434 1145 1460 dum
1158 1434 1345 1468 operationem.
1360 1441 1409 1467 qun
1427 1433 1503 1460 etimit
1526 1434 1604 1468 possit
1627 1434 1680 1468 ipse
1698 1434 1822 1467 subjicere
1833 1433 1880 1460 sibi

1085 1479 1171 1506 omnia
1185 1478 1314 1514 (Philipp.
1331 1479 1358 1505 5.
1371 1477 1429 1514 21).
1445 1478 1546 1506 Deinde
1560 1479 1640 1505 etiam
1657 1486 1720 1506 usus
1733 1484 1775 1506 est
1787 1486 1880 1505 corre-

1085 1524 1173 1551 ctione
1186 1523 1277 1551 dicens
1292 1532 1298 1549 :
1311 1523 1374 1550 Cum
1387 1529 1470 1550 autem
1495 1524 1578 1557 dicat,
1595 1524 1680 1551 omnia
1694 1524 1808 1558 subjecta
1822 1529 1879 1551 sunt

1086 1571 1108 1597 ei
1117 1592 1124 1603 ,
1141 1570 1195 1598 sine
1207 1570 1282 1597 dubio
1297 1575 1388 1605 printer
1402 1567 1458 1597 eum
1470 1571 1513 1605 qui
1534 1571 1640 1605 subjecit
1660 1571 1683 1598 ei
1699 1572 1805 1603 omnia;
1820 1571 1881 1598 ltinc

1086 1623 1192 1651 quoque
1205 1616 1238 1643 de
1253 1616 1388 1651 Unigcuiti
1402 1616 1486 1651 gloria
1512 1624 1565 1643 non
1580 1624 1689 1651 parvum
1705 1616 1794 1644 feretts
1808 1618 1882 1643 testi-

1087 1663 1222 1690 monium.
1235 1663 1262 1690 Si
1277 1663 1348 1689 ettint
1372 1663 1467 1690 fuisset
1488 1663 1576 1690 minor
1589 1684 1596 1696 ,
1611 1668 1638 1690 et
1654 1663 1733 1698 longe
1756 1663 1880 1694 interior,

1089 1717 1232 1744 numquam
1245 1717 1306 1737 eum
1331 1709 1458 1737 subiisset
1481 1709 1525 1737 ltic
1546 1715 1644 1737 metus.
1661 1710 1754 1744 Neque
1768 1709 1820 1737 ltoc
1835 1710 1883 1736 fttit

1087 1760 1248 1789 contentus,
1264 1756 1312 1783 sed
1326 1755 1398 1783 aliud
1410 1757 1491 1783 etiam
1505 1757 1529 1783 ei
1540 1756 1630 1789 addit,
1647 1756 1753 1784 dicens.
1764 1756 1830 1784 Nam
1850 1765 1882 1783 ne

1088 1802 1219 1837 quispiam
1236 1802 1419 1836 suspicaretur
1432 1807 1459 1829 et
1479 1802 1603 1834 diceret,
1619 1803 1687 1837 Quid
1700 1807 1755 1830 tum
1766 1823 1773 1835 ,
1790 1803 1813 1830 si
1829 1811 1881 1829 tton

1089 1849 1225 1883 subjectus
1240 1849 1275 1876 sit
1291 1849 1389 1876 Pater?
1400 1848 1450 1876 hoc
1465 1857 1516 1876 tton
1533 1850 1622 1877 obstat
1634 1850 1777 1884 quominus
1788 1849 1883 1877 fortior

1088 1897 1123 1924 sit
1137 1896 1221 1923 Filius
1237 1895 1356 1922 :veritus
1378 1895 1485 1930 impiam
1509 1896 1579 1923 hanc
1604 1896 1782 1931 suspicionem
1793 1917 1802 1929 ,
1815 1904 1882 1930 qun-

1091 1942 1160 1969 niam
1177 1949 1225 1977 per
1240 1941 1304 1968 illud
1318 1948 1371 1968 non
1384 1941 1449 1968 satis
1470 1946 1575 1976 poterat
1591 1943 1641 1969 hoc
1661 1941 1803 1968 ostendere
1813 1962 1820 1974 ,
1836 1940 1884 1967 atl-

1091 1988 1158 2016 didit
1171 1996 1204 2015 ex
1214 1987 1296 2014 multa
1307 1987 1468 2014 abundantia
1480 1986 1561 2014 :Cum
1574 1992 1656 2014 autent
1666 1987 1778 2020 subiecta
1791 1987 1883 2022 fuerint

1090 2035 1129 2062 illi
1143 2034 1243 2067 omnia,
1255 2038 1314 2060 tunc
1334 2039 1357 2060 et
1371 2034 1424 2068 ipse
1439 2033 1520 2060 Filius
1535 2034 1660 2068 subjectus
1671 2034 1718 2060 erit
1728 2033 1884 2065 itti;oslen-

1090 2081 1158 2109 deus
1172 2080 1229 2116 ejus
1244 2087 1365 2115 magnam
1388 2087 1446 2106 cum
1469 2080 1548 2107 Patre
1568 2079 1757 2112 concordiam,
1773 2084 1801 2106 et
1814 2078 1883 2113 quod

1088 2128 1113 2155 is
1128 2131 1170 2154 est
1193 2126 1352 2161 principium
1373 2125 1503 2153 bonorttm
1517 2125 1635 2152 omttium
1650 2129 1679 2152 et
1692 2132 1772 2152 causa
1787 2125 1882 2159 prima,

1091 2173 1135 2208 qui
1149 2180 1211 2199 cum
1225 2172 1325 2206 genuit,
1337 2172 1382 2206 qui
1395 2175 1448 2198 tam
1460 2171 1541 2197 tnulta
1558 2174 1646 2205 potest
1667 2175 1694 2198 et
1710 2175 1784 2197 recte
1804 2170 1882 2205 gerit.

1127 2218 1154 2245 6.
1175 2218 1203 2245 Si
1220 2222 1308 2244 autem
1325 2217 1399 2252 plura
1415 2217 1482 2244 dixit
1504 2224 1583 2251 qttam
1606 2224 1650 2244 res
1665 2216 1818 2251 postulabat
1829 2235 1837 2247 ,
1851 2223 1884 2242 ne

1091 2266 1198 2294 ntireris
1213 2273 1219 2291 :
1236 2264 1390 2299 Magistrum
1414 2264 1486 2291 enim
1503 2271 1580 2290 suttttt
1605 2264 1714 2290 imitans
1735 2262 1786 2289 hor
1812 2261 1883 2289 facit.

1093 2313 1151 2346 Ipse
1162 2311 1233 2338 enim
1247 2311 1339 2338 volens
1354 2310 1496 2337 ostendere
1512 2309 1581 2336 illius
1592 2309 1764 2336 concordiam
1779 2316 1840 2335 cum
1852 2315 1884 2335 eo

1091 2358 1135 2393 qui
1152 2357 1238 2391 ipsum
1253 2356 1360 2390 genuit,
1375 2361 1401 2382 et
1413 2355 1485 2389 quod
1505 2363 1558 2382 tton
1581 2360 1679 2390 prieter
1690 2355 1750 2389 ejus
1763 2355 1886 2381 volunta-

1093 2408 1145 2430 tem
1161 2402 1311 2435 advenerit,
1329 2405 1431 2428 tantum
1446 2400 1585 2428 descendit
1599 2405 1627 2428 et
1638 2408 1667 2427 se
1687 2399 1817 2431 demittit,
1833 2407 1884 2425 non

1092 2453 1219 2486 quantum
1231 2449 1354 2483 exigebat
1367 2447 1519 2475 concordia:
1531 2447 1735 2480 demonstratio,
1747 2445 1796 2473 sed
1807 2453 1886 2480 quan-

1093 2501 1148 2522 tunt
1162 2502 1229 2530 opus
1244 2494 1361 2521 habebat
1377 2494 1550 2528 praesentium
1574 2493 1754 2520 imbecillitas.
1778 2492 1885 2519 Patrem

1091 2543 1162 2570 enitn
1176 2545 1261 2576 rogat,
1277 2548 1329 2568 non
1346 2545 1456 2575 propter
1470 2539 1542 2566 aliud
1556 2547 1635 2575 quam
1650 2543 1761 2574 propter
1774 2539 1826 2566 hoc
1840 2547 1847 2565 :
1860 2543 1885 2564 et

1092 2595 1200 2615 causam
1213 2586 1331 2614 affereus
1346 2586 1421 2618 dicit,
1437 2585 1471 2613 Ut
1486 2586 1589 2613 credant
1604 2586 1673 2621 quod
1699 2591 1726 2612 tu
1740 2593 1780 2612 me
1797 2585 1885 2612 nostin

1093 2634 1192 2669 (Joan.
1210 2634 1253 2661 Η.
1268 2633 1318 2668 Διὲ)
1329 2653 1336 2659 .
1353 2633 1429 2660 llunc
1449 2640 1513 2667 ergo
1528 2633 1650 2665 imitans,
1663 2632 1706 2659 hic
1721 2640 1831 2667 quoque
1845 2631 1884 2658 di-

1091 2681 1181 2706 ctione
1196 2680 1279 2706 utitur
1293 2686 1325 2706 ex
1339 2678 1501 2706 abundantia
1514 2699 1521 2710 ,
1541 2685 1593 2705 non
1607 2683 1635 2705 ut
1657 2683 1779 2706 coactam
1798 2677 1885 2712 suspi-

1092 2726 1162 2753 ceris
1175 2726 1344 2761 servitutem,
1358 2725 1444 2758 absit;
1459 2725 1506 2753 sed
1520 2729 1549 2752 ut
1568 2724 1684 2752 absurda
1704 2725 1749 2752 illa
1762 2724 1884 2759 dogmata

1093 2773 1207 2800 validius
1219 2773 1348 2808 expellat.
1364 2772 1431 2800 Nam
1445 2772 1553 2807 quando
1567 2772 1623 2799 vult
1636 2771 1737 2806 aliquid
1760 2771 1884 2798 radicitus

1069 2831 1072 2834 τ
1090 2819 1219 2852 evellere,
1236 2826 1331 2853 magna
1345 2819 1428 2845 utitur
1444 2817 1615 2845 abundantia.
1640 2817 1684 2845 Sic
1697 2818 1777 2844 etiam
1792 2817 1884 2844 dicens

1092 2866 1124 2894 de
1140 2867 1252 2894 muliere
1267 2865 1337 2892 fideli
1350 2869 1377 2892 et
1391 2864 1450 2892 viro
1464 2864 1563 2892 inﬁdeli
1574 2884 1582 2897 ,
1597 2863 1758 2892 habentibus
1772 2863 1842 2890 inter
1854 2870 1882 2890 se
