2021 3117
207 85 261 114 365

207 143 331 171 ordinem
350 147 378 170 et
398 149 538 169 numerum
558 141 705 169 amicorum
719 149 725 167 :
738 144 764 167 ct
777 147 830 175 quo
844 139 928 173 magis
942 145 999 165 rem

207 196 282 216 suam
297 189 365 216 bene
383 188 497 224 gesserit
508 195 569 215 cum
584 187 619 214 sit
633 186 756 214 inimicus
768 207 775 218 ,
796 192 828 213 eo
842 185 926 220 magis
938 191 999 211 eum

207 235 278 270 iuge.
290 235 356 262 Nam
364 239 522 270 peceatores
533 233 640 268 quidem
650 238 758 266 semper
769 234 874 265 oportet
887 229 997 263 deﬂere,

208 281 324 308 maxime
337 285 426 308 autem
441 281 548 314 quando
562 277 700 305 abundant
715 276 827 309 divitiis,
843 281 870 304 et
884 280 947 303 sunt
959 276 999 303 eis

202 334 252 353 res
266 325 408 357 secundm,
430 325 500 353 sicut
513 327 674 359 :cgrotantes
687 322 795 358 quando
807 322 894 350 ventri
909 321 998 349 indul-

206 376 270 405 gent
282 375 310 398 et
324 370 499 398 inebriantur.
515 368 569 396 Sed
585 372 647 395 sunt
660 367 781 402 quidam,
793 367 838 402 qui
853 366 897 393 his
909 366 999 394 verbis

205 416 313 448 auditis,
329 417 366 443 ita
380 416 478 443 misere
491 415 654 446 afficiuntur,
669 417 699 441 ut
711 418 821 448 propter
834 413 891 440 haec
902 412 999 440 acerbe

205 462 381 497 ingemiscant
392 466 419 489 et
430 461 531 492 dicant,
544 461 644 496 Dignus
655 468 715 487 sum
727 459 863 495 lacrymis,
874 459 920 494 qui
932 459 998 486 nihil

205 507 301 535 habeo.
316 507 399 534 Recte
411 506 520 540 dixisti,
542 506 593 540 Qui
608 506 675 533 nihil
689 505 789 538 habes;
804 513 858 536 non
872 505 998 540 quoniam

205 561 257 579 non
271 552 355 580 habes
365 560 396 580 ea
410 560 470 588 quae
483 552 529 580 ille
541 552 644 585 habuit,
658 551 705 579 sed
716 551 841 587 quoniam
854 558 910 578 rem
922 551 998 578 ducis

203 600 310 634 dignam
326 607 386 634 qua:
401 599 477 626 beata
491 603 644 632 censeatur,
660 598 720 626 ideo
734 598 830 632 dignus
840 605 869 625 es
879 597 924 632 qui
935 597 997 624 mil-

204 645 255 672 lies
270 644 396 680 lugearis.
413 645 519 672 Etenim
533 644 556 672 si
571 644 631 679 quis
645 644 714 671 bona
730 643 881 671 valetudine
896 642 996 676 fruens,

203 690 312 717 beatum
325 689 428 724 judicet
442 694 583 724 aegrotum,
598 690 679 716 etiarn
690 690 717 717 in
729 689 802 716 molli
814 689 894 716 cubili
905 689 998 724 jacen-

204 741 258 763 tem
269 756 277 768 ,
299 736 350 764 iste
372 740 399 763 et
414 735 461 763 illo
476 736 560 762 multo
581 735 705 762 miserior
718 739 745 762 ct
759 735 909 768 infelicior,
925 734 996 770 quod

201 782 336 810 bonorum
351 790 460 810 suorum
475 782 578 809 nullum
593 781 690 809 habeat
703 788 823 809 sensum.
838 780 916 814 Quod
937 781 996 816 qui-

203 829 265 856 dem
280 829 306 856 in
321 828 362 856 bis
375 836 481 864 quoque
495 828 586 855 videre
600 827 662 855 licet
677 827 799 855 accidere
811 836 817 854 :
830 826 901 854 unde
915 826 995 854 etiam

204 878 258 900 tota
275 878 366 901 nostra
381 874 433 900 vita
455 872 628 901 confunditur
650 877 678 899 et
700 872 831 900 turbatur.
847 871 909 899 lituo
923 872 995 899 enim

204 919 286 947 verba
301 918 511 946 innumerabiles
530 918 704 953 perdiderunt
717 922 744 945 et
758 917 864 945 diabolo
881 917 996 944 tradide-

203 969 275 998 runt,
287 969 314 992 et
323 965 356 992 iis
365 965 408 1000 qui
418 965 487 992 fame
498 964 638 992 tabescunt
646 963 767 992 fecerunt
777 964 992 991 miserabiliores.

203 1010 268 1037 Nam
289 1010 360 1045 quod
375 1010 420 1045 qui
441 1010 517 1045 plura
535 1013 684 1045 appetunt,
700 1009 755 1036 sint
768 1009 850 1037 etiam
865 1009 995 1037 mendicis

202 1055 423 1088 miserabiliores,
434 1060 464 1083 ut
474 1056 519 1091 qui
533 1055 627 1090 majori
637 1059 665 1082 et
672 1053 769 1083 acriori
780 1054 904 1083 laborent
913 1055 994 1083 animi

201 1102 372 1137 mgritudine,
384 1101 447 1129 hinc
460 1106 503 1129 est
516 1102 698 1137 perspicuum.

237 1147 346 1175 Siccitas
368 1147 518 1174 Antiochia.
533 1161 569 1167 —-
582 1146 724 1174 Civitatem
751 1150 870 1175 nostram
898 1146 995 1174 invasit

199 1193 336 1228 quondam
348 1193 464 1226 siccitas,
474 1197 502 1220 et
514 1197 635 1220 extrema
644 1192 773 1220 timebant
781 1199 886 1225 omnes,
895 1192 994 1219 Deum-

201 1246 254 1274 que
266 1238 406 1273 rogabant,
421 1242 450 1265 ut
461 1238 533 1266 httnc
547 1243 648 1265 metum
662 1238 780 1265 solveret
792 1248 798 1265 :
812 1242 839 1265 et
852 1244 915 1265 tunc
931 1239 993 1266 lice-

200 1286 246 1312 bat
261 1285 352 1312 videre
365 1285 434 1320 quod
448 1285 548 1312 dictum
562 1285 611 1312 fuit
631 1292 645 1311 a
661 1285 769 1320 Moyse,
785 1284 879 1312 caelum
894 1284 993 1312 factum

200 1338 305 1359 retusum
318 1331 406 1368 (Deut.
419 1331 464 1359 28.
477 1331 536 1366 23),
549 1337 576 1359 et
586 1332 704 1367 quotidie
717 1332 865 1366 exspectari
879 1336 993 1359 mortem

201 1377 275 1406 ottnti
290 1382 377 1405 morte
391 1378 551 1413 graviorem.
569 1377 621 1405 Sed
637 1385 697 1405 eum
715 1382 806 1412 postea
822 1377 908 1404 visum
922 1381 994 1405 esset

199 1423 316 1458 benigno
330 1428 357 1450 et
370 1424 495 1451 clementi
509 1424 574 1456 Deo,
588 1428 684 1458 praeter
693 1431 767 1458 spem
778 1431 897 1456 omnem,
909 1423 993 1451 multa

201 1473 281 1503 atque
295 1468 363 1496 adeo
382 1468 484 1499 infinita
498 1476 531 1496 ex
546 1469 602 1496 alto
616 1469 714 1496 cecidit
728 1469 817 1504 pluvia
834 1478 840 1496 :
857 1474 885 1496 et
898 1476 994 1497 omnes

194 1515 256 1550 'jam
263 1514 359 1542 festum
370 1515 441 1542 diem
453 1515 576 1550 agebant,
587 1519 722 1550 tamquam
733 1515 778 1550 qui
790 1523 822 1542 ex
833 1515 899 1549 ipsis
910 1516 994 1550 portis

201 1560 298 1587 mortis
309 1560 505 1588 ascendissent.
518 1560 573 1588 Sed
588 1561 614 1588 in
631 1560 711 1588 tantis
726 1561 802 1588 bonis
817 1565 846 1588 et
859 1561 994 1589 communi

202 1606 321 1633 omnium
338 1607 436 1633 :laatitia
456 1606 564 1641 quidam
588 1614 620 1634 ex
644 1607 693 1637 iis,
713 1606 758 1641 qui
778 1606 856 1634 valde
875 1607 994 1641 opulenti

201 1657 288 1685 erant,
300 1652 431 1680 circuibat
446 1656 558 1680 Incestus
571 1656 599 1679 et
612 1652 706 1685 tristis,
720 1659 776 1686 pra:
789 1652 870 1679 animi
883 1651 995 1687 aegritu-

202 1697 267 1724 dine
277 1701 423 1730 mortuus,
446 1701 473 1724 et
495 1697 585 1724 multis
604 1704 713 1724 causam
733 1697 888 1732 rogantibus
901 1705 950 1724 cur
967 1699 994 1725 in

200 1744 336 1772 «immuni
349 1744 468 1771 omnium
480 1743 571 1771 lanitia
584 1743 658 1771 solus
672 1743 786 1776 doleret,
802 1751 836 1770 ne
849 1744 920 1771 intus
933 1744 994 1779 qui-

201 1789 264 1817 dem
277 1789 415 1817 continere
422 1790 510 1825 potuit
521 1789 590 1817 hanc
600 1797 707 1825 gravem
718 1789 800 1817 animi
814 1790 994 1824 perturbatio-

201 1844 263 1863 nem
276 1857 283 1868 ,
305 1836 352 1863 sed
375 1844 390 1863 a
414 1836 500 1863 morbi
515 1842 638 1871 ‘punctus
659 1835 819 1871 tyrannide,
833 1843 942 1864 causam
967 1837 994 1864 in

203 1881 320 1910 medium
336 1882 445 1917 protulit
461 1890 468 1909 :
483 1880 549 1909 Cum
570 1881 681 1909 habeam
692 1902 700 1914 ,
715 1881 801 1916 inquit
811 1902 818 1914 ,
841 1881 995 1910 innumeras

204 1927 496 1961 mensuras‘frnmenti,
510 1928 603 1956 nescio
617 1927 661 1955 ubi
676 1928 734 1955 illas
745 1927 889 1963 deponam.
906 1928 997 1956 Hunc-

201 1974 342 2008 cinepdic
362 1981 462 2010 quaeso.
479 1981 529 2010 pro
551 1973 593 2001 his
606 1974 702 2001 verbis
722 1973 828 2002 beatum
848 1974 994 2008 ducemus,

201 2028 252 2056 pro
265 2021 361 2056 quibus
372 2020 537 2056 oportuisset
548 2028 610 2048 eum
621 2019 699 2048 obrui
712 2020 855 2055 lapidibus,
866 2020 912 2056 qui
923 2025 996 2049 esset

201 2067 295 2102 quavis
316 2067 372 2095 fera
395 2066 546 2099 crudelior,
571 2066 617 2102 qui
631 2070 704 2094 esset
715 2067 868 2094 communis
889 2067 996 2095 hostis?

203 2112 272 2147 Quid
287 2112 364 2146 dicis,
380 2119 398 2140 o
411 2112 512 2140 homo?
524 2112 600 2140 doles
611 2111 684 2147 quod
695 2119 750 2139 non
762 2112 891 2147 perierint
898 2119 996 2141 omnes

203 2164 233 2187 ut
243 2166 338 2187 aurum
348 2159 478 2193 cogeres?
490 2166 544 2186 non
556 2157 680 2185 audivisti
690 2157 753 2192 quid
764 2157 835 2186 dicat
847 2158 974 2191 Salomon
987 2168 994 2187 :

205 2205 255 2238 Qui
275 2205 395 2240 frumenti
414 2209 490 2240 auget
508 2204 633 2239 pretium,
656 2208 694 2231 est
713 2205 808 2238 populo
826 2205 997 2234 exsecranda;

206 2251 298 2287 (Prov.
313 2251 358 2279 Η.
374 2250 438 2286 26)?
461 2249 509 2278 sed
522 2249 622 2278 eircuis
641 2249 792 2277 communis
814 2249 936 2278 inimicus
949 2251 998 2280 ho-

203 2305 300 2325 norum
311 2296 385 2325 orbis
396 2300 484 2329 terrae,
499 2299 526 2324 et
539 2295 624 2323 hostis
634 2295 786 2323 liberalitati
797 2295 903 2324 Domini
915 2297 996 2325 totius

205 2342 309 2375 mundi,
322 2347 350 2370 et
364 2349 524 2370 mammonae
537 2342 651 2375 amicus,
666 2341 708 2369 vel
723 2341 812 2376 potius
827 2342 941 2370 servus?
953 2343 996 2371 An

205 2397 260 2416 non
285 2388 427 2424 oportebat
453 2388 570 2423 linguam
598 2387 671 2415 illam
695 2387 851 2422 amputari?
872 2396 925 2416 non
949 2396 997 2417 cor

205 2434 339 2468 exstingui
353 2433 423 2469 quod
439 2433 498 2461 haec
509 2433 589 2461 verba
604 2432 765 2468 pepererat?

240 2480 268 2507 8.
292 2479 412 2507 Vidistin’
431 2479 567 2515 quomodo
588 2485 682 2506 aurum
702 2486 755 2506 non
779 2479 849 2507 sinat
873 2479 997 2508 homines

203 2533 265 2553 esse
278 2526 409 2558 homines,
424 2525 470 2553 sed
483 2525 553 2552 feras
566 2524 741 2552 ct‘dtemones
755 2525 767 2552 ?
780 2525 849 2559 Quid
861 2526 932 2553 enim
948 2526 998 2554 hoc

204 2571 287 2599 divite
301 2571 381 2598 fuerit
394 2571 582 2603 miserabilius,
599 2570 644 2605 qui
655 2574 729 2605 optat
742 2571 860 2605 quotidie
875 2578 935 2599 esse
956 2570 996 2598 fa-

206 2624 288 2650 mem,
301 2621 333 2644 ut
342 2617 371 2644 ei
383 2617 422 2644 sit
435 2617 551 2644 aurum?
571 2616 610 2643 Ad
623 2616 786 2651 contrarium
802 2617 873 2644 enim
887 2617 911 2643 ei
926 2617 996 2644 redit

205 2663 288 2691 animi
309 2661 495 2697 perturbatio:
509 2669 596 2697 neque
617 2661 687 2688 enim
707 2661 814 2689 iaztatur
833 2662 995 2690 abundantia

207 2707 385 2743 possessionis
400 2707 531 2734 fructuum
542 2727 549 2739 ,
569 2707 616 2733 sed
634 2710 742 2741 propter
756 2706 806 2734 hoc
820 2706 907 2741 ipsum
920 2707 996 2736 dolet

206 2754 278 2790 quod
294 2754 396 2782 infinita
417 2753 562 2789 possideat.
579 2752 659 2788 Atqui
674 2760 734 2780 eum
750 2752 795 2787 qui
811 2750 995 2788 multa’possi-

202 2801 259 2834 det,
282 2800 366 2829 lmiari
387 2802 492 2837 oportet
507 2807 514 2829 ς
530 2798 580 2828 iste
600 2802 688 2826 autem
708 2802 817 2833 propter
835 2798 886 2828 hoc
905 2799 992 2835 ipsum

579 83 608 110 S.
626 82 765 111 JO.\NNIS
783 79 1017 110 CIIRYSOSTOMI
1037 79 1193 110 ARClllEP.
1214 82 1477 127 CONS'l'ANTlNOP.

1795 87 1849 117 3“

1056 138 1147 166 animo
1160 140 1276 174 angitur.
1294 139 1388 168 Viden‘
1404 141 1491 175 quod,
1508 140 1576 168 sicut
1589 141 1662 176 dixi,
1678 150 1730 170 non
1746 148 1846 172 tantam

1053 191 1086 211 ex
1102 185 1279 218 prmsentibus
1290 186 1425 220 accipiunt
1438 187 1599 221 voluptatem
1610 196 1654 223 qtn
1666 193 1727 215 sunt
1739 189 1845 222 divites,

1054 234 1180 264 quantam
1203 231 1286 258 animi
1308 232 1442 259 sustinent
1466 232 1651 267 a‘gritudinem
1675 242 1707 261 ex
1729 235 1762 262 iis
1785 243 1846 271 qua:

1053 275 1170 303 nondum
1195 276 1382 305 advenerunt?
1406 277 1471 305 Nam
1493 279 1538 313 qui
1559 279 1683 307 frumenti
1706 288 1846 309 mensuras

1052 321 1207 356 possidebat
1231 322 1384 350 innumeras
1397 344 1405 356 ,
1422 325 1506 359 magis
1525 324 1633 352 dolebat
1648 331 1674 352 et
1689 325 1846 361 ingemisce-

1051 367 1108 400 hat,
1122 376 1200 403 quam
1214 368 1260 404 qui
1274 367 1410 397 esuriebat
1422 378 1429 397 :
1441 375 1467 397 et
1480 369 1525 405 qui
1540 371 1721 399 necessarium
1737 371 1845 406 quidem

1051 413 1167 441 habebat
1179 414 1346 449 alimentum,
1359 416 1538 443 coronabatur
1550 421 1578 444 et
1590 417 1740 445 exsultabat
1750 422 1777 445 et
1790 419 1846 446 Deo

1050 459 1147 493 agebat
1156 460 1270 495 gratias;
1284 461 1329 495 qui
1339 465 1428 488 autem
1440 465 1494 489 tam
1505 462 1586 489 multa
1599 462 1762 497 possidebat,
1774 471 1846 499 agre

1050 503 1165 538 ferebat,
1176 509 1203 532 et
1213 512 1244 532 se
1254 506 1366 540 periisse
1375 506 1555 535 existimabat.
1568 507 1626 535 Non
1637 512 1678 535 est
1687 517 1751 544 ergo
1759 509 1842 536 abun-

1050 550 1141 578 dantia
1154 559 1213 587 qua:
1226 551 1309 580 efficit
1322 552 1498 588 voluptatem,
1515 554 1563 581 sed
1577 562 1652 582 mens
1665 555 1844 591 philoSOphia:

1049 596 1149 625 dedita.
1164 597 1230 625 Nam
1243 598 1343 634 absque
1354 606 1386 626 ea
1400 599 1504 627 etiamsi
1517 600 1649 635 quispiam
1664 602 1753 628 omnia
1766 609 1844 628 accc-

1050 642 1130 677 perit,
1147 647 1282 678 tamquam
1296 645 1420 672 omnibus
1431 645 1551 680 privatus
1562 645 1693 673 efﬁcietur
1703 651 1730 674 et
1742 646 1845 674 lamen-

1051 688 1160 716 tabitur.
1177 689 1226 716 llic
1240 689 1322 723 enim,
1339 690 1372 717 de
1385 698 1438 725 quo
1453 699 1524 718 nunc
1536 692 1633 726 agitur,
1647 692 1751 720 etiamsi
1768 698 1844 720 tanto

1049 739 1150 768 quanto
1172 735 1302 762 voluisset
1323 737 1410 770 pretio
1432 737 1597 765 vendidisset
1619 746 1679 773 qua:
1704 739 1842 773 habebat,

1048 788 1140 808 rursus
1161 781 1291 809 doluisset
1307 783 1378 817 quod
1398 790 1450 810 non
1472 784 1556 818 pluris
1576 785 1742 813 vendidisset
1756 796 1763 813 :
1777 791 1804 813 et
1818 786 1841 813 si

1049 826 1133 861 pluris
1147 828 1297 862 potuisset,
1311 836 1404 856 rursus
1418 828 1497 856 aliam
1511 830 1678 864 qutesivisset
1692 838 1841 866 exsupera-

1049 873 1149 900 tioncm
1162 881 1170 899 :
1183 878 1210 900 et
1223 874 1244 900 si
1259 874 1377 901 modium
1393 881 1447 901 uno
1459 882 1541 902 aureo
1555 875 1782 909 venumdedisset,
1797 876 1842 904 hic

1047 925 1154 953 quoqtte
1178 926 1272 947 rursus
1295 919 1377 947 animi
1400 920 1558 955 mgritudine
1583 920 1675 949 fuisset
1696 921 1839 955 laceratus,

1048 964 1120 998 quod
1135 971 1187 991 non
1200 964 1266 991 tanti
1278 964 1374 992 fuisset
1384 965 1568 993 semimodius.
1582 966 1609 994 Si
1621 971 1709 994 autern
1719 967 1754 994 ah
1765 968 1840 997 initio

1049 1016 1102 1036 non
1121 1009 1187 1037 tanti
1201 1009 1251 1037 fuit
1267 1010 1380 1045 pretium
1391 1031 1399 1043 ,
1416 1018 1450 1038 ne
1463 1011 1579 1038 mireris.
1600 1011 1667 1039 Nam
1681 1017 1706 1040 et
1720 1013 1764 1047 qui
1778 1018 1840 1040 sunt

1047 1055 1126 1088 ebrii,
1141 1063 1194 1083 non
1205 1056 1240 1083 ab
1250 1056 1327 1083 initio
1339 1057 1526 1091 incenduntur,
1537 1058 1584 1085 sed
1594 1066 1655 1085 cum
1667 1059 1751 1086 multo
1765 1067 1840 1087 mero

1046 1101 1149 1128 fuerint
1161 1101 1274 1136 impleti,
1291 1107 1354 1129 tunc
1364 1102 1514 1137 graviorem
1527 1103 1679 1131 accendunt
1692 1104 1836 1132 flammam.

1046 1146 1118 1181 Ergo
1130 1147 1175 1173 isti
1188 1154 1295 1182 quoque
1306 1154 1361 1181 quo
1374 1147 1449 1181 plura
1473 1148 1570 1175 fuerint
1589 1148 1739 1183 complexi,
1759 1157 1793 1177 eo
1812 1150 1838 1177 in

1046 1192 1142 1227 majori
1161 1196 1225 1219 sunt
1242 1192 1330 1227 inopia
1343 1201 1350 1219 :
1361 1197 1389 1219 et
1403 1193 1447 1227 qui
1460 1192 1535 1227 plura
1551 1193 1689 1221 lucramur
1699 1214 1706 1226 ,
1722 1194 1739 1221 ii
1755 1195 1839 1229 magis

1035 1242 1135 1273 .egent.
1151 1237 1213 1266 Haec
1224 1243 1313 1266 autem
1323 1246 1339 1266 a
1349 1246 1393 1266 me
1406 1246 1458 1266 nou
1470 1239 1556 1266 solum
1570 1239 1606 1267 illi
1621 1240 1691 1267 dicta
1704 1245 1776 1272 sunt.
1790 1241 1838 1268 sed

1046 1285 1189 1320 unicuique
1203 1292 1297 1313 eorum
1309 1285 1354 1321 qui
1368 1286 1418 1313 hoc
1431 1286 1525 1313 morbo
1539 1286 1669 1320 laborant,
1685 1292 1712 1314 et
1724 1295 1839 1314 annona:

1046 1332 1161 1366 pretium
1176 1337 1283 1367 augent,
1296 1333 1472 1368 proximoque
1485 1338 1629 1368 procurant
1643 1341 1837 1369 paupertatem.

1046 1377 1222 1413 Benignitatis
1235 1378 1307 1406 enim
1321 1383 1349 1405 et
1363 1378 1535 1406 humanitatis
1550 1386 1680 1414 nusquam
1696 1380 1765 1414 apud
1780 1380 1839 1407 illos

1045 1427 1088 1450 est
1098 1424 1184 1457 ratio;
1195 1424 1242 1451 sed
1254 1424 1351 1459 ubique
1363 1425 1482 1459 pecunia:
1489 1432 1566 1452 amor
1574 1425 1708 1452 venalium
1718 1431 1840 1460 tempore

1046 1469 1146 1497 multos
1156 1470 1289 1504 exagitat,
1307 1477 1338 1497 ac
1351 1470 1515 1498 frumentum
1528 1475 1556 1497 et
1568 1471 1658 1498 vinum
1674 1471 1718 1498 ille
1729 1471 1839 1507 quidem

1046 1515 1136 1549 citius,
1148 1515 1191 1542 hic
1201 1522 1265 1543 vero
1273 1516 1364 1543 vendit
1374 1516 1491 1549 tardius;
1504 1520 1598 1544 neuter
1605 1523 1694 1544 autem
1703 1517 1738 1544 ob
1747 1524 1839 1544 curam

1047 1568 1126 1596 quam
1140 1560 1255 1596 publica:
1267 1561 1305 1588 rei
1318 1565 1403 1596 gerat,
1417 1561 1464 1588 sed
1481 1561 1526 1588 ille
1539 1561 1647 1596 quidem
1664 1566 1690 1589 ut
1707 1562 1782 1596 plura
1794 1569 1840 1589 ae-

1047 1607 1141 1641 cipiat,
1156 1605 1200 1634 hic
1211 1611 1301 1634 autem
1315 1614 1350 1634 ne
1363 1606 1503 1641 pauciora,
1517 1606 1557 1634 sic
1570 1611 1672 1634 mutato
1687 1606 1786 1634 fructu.

1083 1652 1224 1679 Arat-orum
1242 1651 1496 1679 tenacitas.—Nam
1515 1652 1641 1687 quoniam
1662 1653 1753 1687 plures
1773 1652 1841 1686 legis

1047 1698 1096 1726 Dei
1116 1705 1242 1733 magnam
1265 1706 1319 1725 non
1335 1697 1463 1725 habentes
1479 1701 1609 1725 rationem
1620 1718 1628 1731 ,
1644 1698 1733 1725 omnia
1750 1702 1841 1725 tenent

1047 1744 1120 1771 intus
1133 1744 1236 1771 inclusa
1249 1751 1256 1776 ;
1280 1743 1359 1771 aliter
1373 1751 1420 1771 eos
1435 1743 1505 1771 Deus
1519 1743 1655 1771 adducens
1669 1743 1704 1771 ad
1718 1744 1840 1779 benigni-

1048 1793 1131 1816 tatem
1151 1794 1179 1816 et
1192 1789 1383 1816 humanitatem
1393 1809 1402 1822 ,
1422 1793 1452 1816 ut
1464 1789 1505 1816 vel
1521 1796 1553 1816 ex
1568 1789 1727 1817 necessitate
1739 1789 1839 1825 aliquid

1048 1834 1111 1862 boni
1122 1834 1231 1868 faciant,
1239 1834 1350 1869 majoris
1359 1834 1450 1862 damni
1461 1834 1547 1869 injicit
1555 1839 1656 1862 metum
1667 1843 1674 1862 :
1685 1843 1738 1862 non
1749 1836 1840 1862 sinens

1048 1879 1075 1907 in
1089 1880 1204 1907 multum
1219 1884 1324 1914 tempus
1337 1879 1435 1907 durare
1446 1880 1547 1907 fructus
1559 1885 1646 1912 terra,
1659 1885 1688 1908 ut
1698 1880 1793 1909 saltent
1806 1888 1839 1908 ex

1047 1933 1142 1954 eorum
1156 1927 1331 1961 corruptione
1353 1926 1479 1953 damnum
1502 1926 1644 1959 timentes,
1659 1934 1691 1954 ea
1707 1927 1750 1954 vel
1766 1928 1839 1954 inviti

1048 1972 1155 2000 tradant
1169 1972 1323 2007 egentibus,
1343 1980 1403 2007 quae
1422 1971 1496 2000 domi
1515 1972 1614 2000 infossa
1630 1972 1700 2000 male
1722 1978 1838 2001 servant.

1050 2019 1147 2046 Verum
1168 2023 1229 2053 post
1248 2018 1306 2046 haec
1327 2019 1408 2046 etiam
1429 2023 1491 2046 sunt
1509 2019 1616 2054 quidam
1632 2019 1699 2047 adeo
1719 2019 1839 2054 inexple-

1048 2064 1127 2098 biles.
1138 2069 1168 2093 ut
1177 2073 1211 2093 ne
1221 2065 1284 2093 hinc
1293 2064 1400 2100 quidem
1411 2065 1585 2100 castigentur.
1593 2064 1666 2092 Multi
1677 2069 1749 2092 certe
1760 2066 1839 2093 etiam

1048 2111 1151 2146 integra
1170 2110 1241 2138 dolia
1263 2110 1467 2144 exinanierunt,
1488 2115 1516 2138 et
1535 2117 1569 2138 ne
1587 2111 1713 2146 cyathum
1732 2111 1840 2146 quidem

1048 2156 1163 2192 pauperi
1172 2156 1303 2184 dederunt
1313 2176 1322 2188 .
1336 2163 1386 2184 nec
1398 2156 1520 2191 pecuniae
1535 2156 1668 2183 tantillum
1683 2157 1839 2192 egentibus.

1048 2207 1153 2231 acetum
1169 2207 1258 2230 autem
1273 2210 1306 2231 ex
1319 2203 1382 2231 vino
1396 2202 1496 2230 factum
1510 2207 1595 2230 totum
1611 2202 1682 2230 humi
1695 2203 1821 2238 jecerunt
1831 2223 1840 2236 ,

1048 2248 1174 2284 doliaque
1195 2256 1243 2276 sua
1266 2248 1345 2276 simul
1365 2256 1426 2276 cum
1440 2248 1503 2276 vino
1516 2255 1669 2283 corrupere.
1683 2249 1735 2276 Alii
1751 2253 1840 2276 autem

1049 2303 1143 2324 rursus
1157 2303 1218 2323 cum
1233 2303 1267 2324 ne
1279 2295 1358 2323 offam
1371 2295 1480 2331 quidem
1493 2295 1623 2324 esurienti
1636 2295 1840 2330 impertiissent,

1050 2342 1168 2377 integras
1183 2341 1308 2369 frumenti
1328 2348 1423 2376 capsas
1444 2342 1470 2368 in
1487 2341 1594 2368 fluvium
1608 2341 1781 2376 projecerunt
1793 2349 1800 2368 :
1813 2345 1842 2368 et

1049 2388 1175 2423 quoniam
1189 2388 1272 2415 Deum
1286 2395 1340 2414 non
1354 2387 1496 2414 attdierunt
1505 2386 1644 2421 iubentem
1658 2386 1722 2413 dare
1736 2387 1839 2421 egenis,

1047 2434 1158 2470 jubente
1170 2434 1241 2461 tinea
1251 2433 1294 2460 vel
1307 2433 1381 2460 inviti
1393 2432 1521 2467 quidquid
1536 2436 1594 2459 erat
1607 2433 1678 2459 intus
1690 2432 1843 2459 effuderunt

1049 2480 1082 2507 ad
1097 2480 1207 2507 exitium
1220 2483 1249 2506 et
1263 2484 1412 2506 extremum
1432 2478 1570 2505 interitttm
1583 2499 1591 2511 ,
1608 2478 1720 2505 multum
1733 2478 1841 2512 quidem

1049 2527 1154 2559 risum,
1175 2525 1272 2553 multas
1295 2530 1384 2552 autem
1408 2524 1607 2551 exsecrationes
1621 2524 1648 2551 in
1663 2531 1741 2550 suum
1763 2516 1854 2559 caput:

1050 2572 1129 2599 simul
1142 2579 1203 2599 cum
1224 2571 1274 2598 hoc
1289 2570 1388 2598 damno
1400 2569 1577 2597 attrahentes.
1594 2569 1627 2596 Et
1641 2576 1700 2604 qua:
1717 2568 1761 2595 hic
1781 2568 1842 2603 qui-

1048 2618 1110 2646 dem
1125 2618 1192 2645 ﬁunt
1205 2621 1268 2645 sunt
1287 2616 1418 2652 ejusmodi
1436 2625 1442 2643 :
1457 2623 1516 2649 qua:
1529 2621 1617 2643 autem
1632 2615 1703 2648 illic,
1717 2622 1840 2650 quaenam

1049 2664 1189 2699 explicarit
1202 2663 1312 2690 oratio?
1336 2662 1410 2691 Sicut
1431 2662 1502 2689 enim
1517 2661 1560 2688 isti
1575 2668 1590 2688 a
1606 2661 1677 2688 tinea
1691 2668 1802 2689 exesum
1814 2666 1841 2688 et

1048 2709 1143 2736 inutile
1165 2708 1299 2736 redditum
1318 2707 1482 2735 frumentum
1503 2707 1530 2734 in
1549 2707 1644 2734 ﬂuvios
1666 2706 1767 2741 iaciunt
1781 2715 1789 2733 :
1802 2706 1841 2734 sic

1049 2760 1097 2781 eos
1107 2753 1151 2788 qui
1163 2753 1221 2781 haec
1234 2753 1366 2786 fecerunt,
1380 2757 1489 2788 propter
1500 2751 1552 2780 hoc
1565 2752 1650 2787 ipsum
1662 2751 1769 2779 inutiles
1782 2751 1844 2778 red-

1049 2800 1131 2835 ditos,
1144 2799 1251 2835 proiicit
1265 2799 1335 2830 Deus
1349 2800 1377 2829 in
1389 2799 1499 2828 fluvium
1515 2799 1594 2835 ignis.
1608 2798 1682 2828 Sicut
1695 2799 1769 2828 enim
1781 2798 1840 2826 fru-
