2021 3117
233 115 287 143 345

225 170 402 204 πλουτοῦντα,
428 170 672 208 δορυφορούμενον,
698 173 816 205 κόλακας
838 173 932 209 ἔχοντα
949 174 1013 200 πολ-

226 216 299 248 λοὺς,
328 216 366 252 μὴ
393 217 561 254 καταπέσῃς,
597 218 666 245 ἀλλά
699 218 836 252 στέναξον,
869 219 1012 255 δάκρυσον,

225 261 416 296 παρακάλεσον
439 263 483 289 τὸν
499 263 576 295 Θεὸν,
591 263 661 290 ὥστε
681 264 764 291 αὐτὸν
784 265 825 295 είς
839 265 903 297 τοὺς
921 264 1014 299 φίλους

223 307 386 340 κατατάξαι·
400 308 447 334 καὶ
460 309 514 344 ὅσῳ
526 308 558 335 ἂν
571 307 601 336 εὖ
616 309 724 346 πράττῃ
734 310 829 345 ἐχθρὸς
838 309 886 340 ὢν,
894 309 1013 345 τοσούτῳ

225 353 305 379 αὑτὸν
320 352 420 388 μᾶλλον
435 353 581 388 πένθησον.
598 354 667 386 Τοὺς
690 355 744 389 γάρ
771 354 949 390 ἁμαρτωλοὺς
970 355 1014 382 ἀεὶ

226 398 276 433 μὲν
297 398 406 434 θρηνεῖν
421 398 470 431 δεῖ,
493 399 610 434 μάλιστα
634 399 663 426 δὲ
681 400 746 427 ὅταν
766 401 813 427 καὶ
830 400 944 428 πλούτου
966 401 1013 427 καὶ

224 443 326 478 πολλῆς
339 444 512 471 ἀπολαύωσιν
523 445 684 481 εὐημερίας,
697 445 822 482 καθάπερ
831 446 895 477 τοὺς
903 445 1009 472 νοσοῦν-

223 497 283 521 τας,
296 489 361 515 ὅταν
374 489 575 525 γαστρίζωνται
593 491 641 516 καὶ
654 490 800 526 μεθύωσιν.
825 491 893 517 Ἀλλ’
907 491 959 518 είσί
972 500 1012 517 τι-

223 543 279 567 νες,
299 536 323 562 οῖ
343 536 390 562 καὶ
407 536 510 563 τούτων
533 537 677 568 ἀκούοντες
693 537 748 564 τῶν
767 537 907 572 ῥημάτων,
924 537 1012 569 οὕτως

222 580 323 612 ἀθλίως
343 581 504 613 διάκεινται,
523 582 562 614 ὡς
580 582 717 614 στενάζειν
732 583 774 615 ἐφ’
790 584 897 615 ἑαυτοῖς
913 582 1011 617 πικρὸν

224 628 271 654 καὶ
284 627 386 662 λέγειν,
403 628 444 655 δτι
459 628 590 662 Δακρύων
606 628 680 661 ἄξιος
703 629 759 663 ἐγὼ
783 630 798 656 ὁ
826 629 909 665 μηδὲν
928 629 1009 665 ἔχων.

222 672 322 705 Καλῶς
342 670 430 705 εἶπες,
449 673 478 700 '0
497 673 580 709 μηδὲν
603 674 681 709 ἔχων,
699 675 749 701 οὐκ
766 675 859 711 ἐπειδὴ
875 675 925 702 οὐκ
938 675 1010 711 ἔχεις

222 718 293 754 ἅπερ
306 719 418 752 ἐκεῖνος,
434 719 492 746 ἀλλ’
507 720 600 755 ἐπειδὴ
614 721 781 756 μακαριστὸν
793 721 823 748 τὸ
839 722 955 757 πρᾶγμα
967 729 1010 748 νο-

223 764 313 800 μίζεις
326 773 332 780 ·
358 765 399 792 διδ
421 765 468 792 καὶ
484 765 588 801 μυρίων
602 766 676 798 άξιος
690 766 723 793 ἂν
740 766 800 802 εῐης
817 766 934 802 θρήνων.
955 767 1010 794 Καὶ

221 808 276 844 γὰρ
295 808 322 834 ef
335 817 376 841 τις
391 809 420 835 ὲν
430 809 510 845 ύγείᾳ
526 809 580 841 ζῶν
593 810 740 845 μακαρίζοι
757 811 802 837 τὸν
816 810 1010 846 ἀρρωστοῦντα

221 852 269 879 καὶ
282 852 310 879 ἔν
321 853 431 888 μαλακῇ
443 855 571 889 στρωμνῇ
585 854 793 889 κατακείμενον,
805 855 908 882 ἐκείνου
919 854 1009 891 πολλῷ

219 898 456 934 ταλαιπωρότερος
467 899 514 925 καὶ
521 899 684 934 ἀθλιώτερος
693 897 781 933 οὗτος,
789 901 830 927 ὃτι
841 900 894 927 τῶν
901 901 1008 928 οἰκείων

220 944 332 978 ἀγαθῶν
346 945 473 980 οὐδεμίαν
492 945 618 981 αἴσθησιν
634 945 702 981 ἔχει.
722 947 754 973 ⁸0
775 947 807 981 δὴ
825 947 871 973 καὶ
885 947 931 974 ὲπὶ
947 947 1008 974 τού-

219 998 274 1017 των
302 989 375 1016 ἔστιν
399 990 463 1017 ἰδεῖν
487 990 653 1025 συμϐαῖνον·
668 991 729 1018 ὅθεν
756 991 803 1018 καὶ
823 992 837 1018 ό
854 991 910 1026 βίος
930 992 1008 1027 ἡμῶν

221 1035 294 1067 ἄπας
309 1036 474 1072 συγκέχυται
489 1036 535 1063 καὶ
547 1036 724 1072 τετάρακται.
741 1036 833 1064 Ταῦτα
847 1037 901 1072 γὰρ
913 1038 946 1064 τὰ
958 1037 1008 1073 ρή.

221 1088 296 1115 ματα
320 1081 434 1116 μυρίους
456 1080 591 1114 ἀπώλεσε,
606 1082 654 1108 καὶ
672 1081 712 1116 τῷ
725 1081 840 1117 διαϐόλῳ
858 1081 1006 1116 προέδωκε,

219 1126 266 1152 καὶ
288 1125 342 1152 τῶν
364 1125 436 1161 λιμῷ
457 1126 616 1161 τηκομένων
641 1127 842 1162 ἔλεεινοτέρους
867 1127 1006 1163 ἐποίησεν.

219 1170 280 1198 Ὀτι
292 1171 347 1207 γάρ
357 1171 433 1198 οίτοῦ
445 1171 566 1204 πλείονος
580 1172 730 1207 ἐφιέμενοι,
739 1170 812 1199 οῦτοι
821 1172 931 1200 καὶτῶν
943 1181 1008 1208 προ-

220 1217 383 1245 σαιτούντων
392 1218 460 1244 εἰσὶν
468 1217 638 1254 ἀθλιώτεροι,
651 1218 698 1245 ἅτε
707 1218 755 1245 καὶ
767 1219 869 1253 μείζονι
883 1219 931 1246 καὶ
949 1219 1007 1253 δρι-

220 1263 326 1299 μυτέρα
338 1263 441 1300 ἀθυμίᾳ
458 1263 560 1290 τούτων
574 1264 761 1300 κατεχόμενοι,
776 1265 856 1300 δῆλον
869 1265 1004 1293 ἐντεῦθεν.

254 1310 364 1345 Δὺχμδς
380 1309 514 1337 κατέλαϐέ
534 1317 600 1336 ποτε
621 1310 671 1345 τὴν
690 1311 767 1337 πόλιν
786 1311 836 1346 τὴν
857 1311 1005 1347 ἡμετέραν,

218 1356 267 1382 καὶ
280 1355 382 1388 πάντες
397 1356 512 1392 ἔτρεμον
528 1355 598 1392 ὑπὲρ
607 1356 662 1382 τῶν
675 1357 805 1391 ἐσχάτων,
820 1357 866 1384 καὶ
881 1357 927 1385 τὸν
940 1358 1006 1385 Θεὸν

218 1402 389 1438 παρεκάλουν
405 1402 484 1428 λῦσαι
495 1402 608 1429 τουτὶτὸ
625 1401 692 1434 δέος·
708 1403 756 1429 καὶ
768 1400 803 1438 ἢν
818 1403 881 1430 ίδεῖν
900 1403 960 1430 τότε
976 1404 1007 1430 τὸ

219 1448 272 1474 ὑπὸ
285 1447 424 1479 Μωῠσέως
437 1446 590 1483 εἰρημένον,
606 1447 724 1482 χαλκοῦν
738 1448 784 1475 τὸν
800 1449 914 1483 οὐρανὸν
927 1457 1007 1483 γεγε-

218 1494 344 1529 νημένον,
365 1495 412 1521 καὶ
432 1493 546 1521 θάνατον
563 1493 615 1520 τῶν
636 1494 764 1521 ἁπάντων
784 1493 907 1522 θανάτων
928 1495 1007 1530 χαλε-

219 1538 342 1574 πώτερον
362 1539 423 1565 καθ’
437 1538 556 1573 ἑκάστην
575 1538 799 1574 προσδοκώμενον
816 1539 865 1574 τὴν
887 1540 1004 1575 ἡμέραν.

224 1582 294 1609 ’Δλλ’
307 1582 428 1619 ὕστερον,
441 1583 521 1615 δόξαν
539 1583 577 1619 τῷ
591 1583 775 1619 φιλανθρώπῳ
795 1584 866 1620 Θεῷ,
884 1585 949 1620 παρ’
963 1586 1007 1612 ὲλ-

217 1630 282 1657 πίδα
294 1630 402 1657 ἃπασαν
420 1630 504 1662 πολὺς
521 1630 687 1666 κατεφέρετο
706 1630 754 1657 καὶ¹
774 1631 888 1667 ἄπειρος
902 1633 1007 1660 ἀνωθεν

216 1677 304 1709 ὑετὸς,
326 1677 374 1703 καὶ
394 1677 494 1709 πάντες
514 1677 542 1703 ἐν
561 1676 712 1712 πανηγύρει
730 1677 777 1704 καὶ
799 1678 880 1714 ἐορτῇ
903 1679 1005 1711 λοιπὸν,

217 1721 265 1749 ἅτε
285 1721 315 1754 ἐξ
336 1721 425 1748 αὐτῶν
443 1721 593 1752 ἀναϐάντες
613 1721 669 1748 τῶν
692 1721 739 1748 τοῦ
759 1722 875 1749 θανάτου
902 1723 1004 1751 πυλῶν.

217 1765 294 1803 [ὅτι]
311 1767 380 1793 Ἀλλ’
390 1767 419 1794 ὲν
428 1766 563 1799 τοσούτοις
575 1766 688 1800 ἀγαθοῖς
702 1767 749 1794 καὶ
759 1768 791 1803 τῇ
803 1769 879 1804 κοινῇ
896 1769 1005 1796 πάντων

217 1811 381 1847 εὐφροσύνῃ,
396 1811 450 1838 τῶν
469 1811 692 1844 ζαπλουτούντων
707 1821 749 1845 τις
766 1813 870 1841 τούτων
891 1815 1005 1849 στυγνὸς

216 1857 264 1885 καὶ
275 1858 410 1893 κατηφὴς,
425 1856 618 1893 ἀποτεθνηκὼς
632 1857 685 1884 ὑπὸ
696 1858 745 1894 τῆς
755 1858 875 1894 ἀθυμίας
885 1861 1004 1897 περιῄει,

217 1903 265 1930 καὶ
281 1902 384 1929 πολλῶν
400 1903 449 1938 τὴν
461 1902 551 1930 αίτίαν
568 1903 788 1940 πυνθανομένων,
804 1904 838 1931 δι’
865 1906 899 1941 ἡν
919 1906 949 1933 ὲν
970 1907 1003 1942 τῇ

216 1950 293 1984 κοινῇ
315 1948 424 1975 πάντων
446 1948 598 1984 ἀνθρώπων
620 1949 701 1986 ἡδονῇ
723 1950 804 1986 μόνος
831 1952 920 1987 ἀλγεῖ,
944 1953 1004 1980 οὐδὲ

217 1996 364 2030 κατασχεῖν
378 1994 451 2021 ἔνδον
466 1995 559 2029 ἴσχυσε
572 1995 604 2022 τὸ
615 1995 732 2031 χαλεπὸν
745 1996 823 2023 τοῦτο
837 1997 934 2031 πάθος,
946 1999 1004 2026 ἀλλ’

217 2040 269 2067 ὑπὸ
285 2041 334 2076 τῆς
347 2040 503 2076 τυραννίδος
518 2040 566 2067 τοῦ
582 2041 733 2076 νοσήματος
756 2042 945 2078 κεντούμενος,
963 2045 1004 2076 είς

217 2086 299 2121 μέσον
314 2086 445 2120 ἐξήνεγκε
459 2085 508 2121 τὴν
521 2085 620 2113 αἰτίανο
637 2087 729 2122 Μυρία
746 2087 800 2123 γάρ
819 2088 906 2124 μέτρα
929 2089 1002 2116 σίτου

216 2133 394 2168 κεκτημένος,
415 2133 507 2168 φησὶν,
526 2133 576 2159 οὐκ
596 2131 649 2168 ἔχω
675 2133 735 2165 πῶς
761 2134 896 2170 διάθωμαι
917 2135 1004 2163 ταῦτα

215 2176 384 2214 λοιπόν.⁷Αρ’
398 2176 446 2205 οὗν
458 2176 553 2204 τοῦτον
568 2178 769 2215 μακαριοῦμεν,
785 2180 846 2206 είπέ
861 2189 917 2215 μοι,
933 2181 1003 2216 ὑπὲρ

214 2223 316 2250 τούτων
336 2223 391 2250 τῶν
412 2223 553 2259 ῥημάτων,
568 2223 638 2260 ὑπὲρ
652 2222 690 2252 ὧν
707 2225 903 2253 καταλεύεσθαι
921 2227 1003 2253 αὐτὸν

215 2270 280 2302 ἔδει,
290 2269 335 2296 τὸν
347 2269 441 2305 θηρίου
454 2270 554 2301 παντὸς
565 2269 714 2306 ὠμότερον,
727 2271 774 2298 τὸν
785 2271 874 2298 κοινὸν
889 2272 1001 2308 ὲχθρόν;

215 2315 248 2342 Τί
264 2315 363 2349 λέγεις,
375 2315 501 2350 ἄνθρωπε
512 2323 518 2347 ;
531 2316 622 2350 ἀλγεῖς
636 2316 676 2342 ὅτι
689 2317 727 2352 μὴ
741 2317 840 2350 πάντες
851 2317 1002 2350 ἀπώλοντο,

216 2360 259 2387 ἵνα
281 2361 313 2387 σὺ
331 2361 486 2396 συναγάγῃς
502 2361 630 2396 χρυσίον;
648 2362 698 2388 οὐκ
712 2363 833 2398 ἤκουσας
852 2364 879 2390 τί
892 2372 974 2398 φησιν
988 2364 1003 2390 ὁ

216 2405 352 2440 Σολομῶν,
379 2405 405 2430 '0
430 2405 609 2440 τιμιουλκῶν
624 2406 721 2439 σῖτον,
742 2407 1002 2442 δημοκατάρατος;

215 2449 282 2476 ἀλλά
307 2449 440 2486 περιέρχῃ
465 2450 554 2482 κοινὸς
575 2450 672 2487 ἐχθρὸς
693 2451 747 2478 τῶν
767 2453 815 2488 τῆς
839 2454 1004 2490 οἰκουμένης

215 2497 334 2530 ἀγαθῶν,
348 2498 394 2524 καὶ
409 2498 442 2532 τῇ
456 2497 595 2533 φιλοτιμίᾳ
605 2497 651 2525 τοῦ
663 2498 798 2526 Δεσπότου
811 2499 860 2535 τῆς
875 2501 1002 2536 οἰκουμέ-

215 2550 263 2577 νης
276 2542 414 2577 πολέμιος,
429 2543 476 2569 καὶ
489 2543 537 2570 τοῦ
553 2545 672 2578 μαμωνᾶ
688 2544 774 2579 φίλος,
786 2545 887 2580 μᾶλλον
901 2545 929 2572 δε
941 2546 1003 2572 δοῦ-

215 2587 276 2621 λος;
289 2588 325 2615 οὐ
337 2588 392 2624 γὰρ
406 2589 556 2624 ὲκκοπῆναι
570 2589 618 2625 τὴν
632 2589 756 2623 γλῶτταν
769 2591 876 2626 ἐκείνην
888 2590 956 2624 ἔδει;
971 2592 1002 2619 ού

216 2635 269 2668 γάρ
286 2633 433 2669 σὸεσθῆναι
452 2634 502 2669 τὴν
519 2634 632 2670 καρδίαν
647 2635 696 2670 τὴν
715 2636 801 2662 ταῦτα
819 2636 953 2663 τεκοῦσαν
968 2637 1004 2664 τά

218 2678 343 2713 ρήματας

251 2727 287 2759 η’.
305 2722 381 2756 Εἶδες
395 2724 453 2757 πῶς
468 2724 519 2752 οὐκ
534 2725 646 2761 ἀφίησιν
670 2725 830 2761 ἀνθρώπους
847 2725 918 2754 εἶναι
939 2728 1003 2760 τοὺς

217 2770 376 2806 ἀνθρώπους
397 2771 427 2798 τι
442 2771 564 2808 χρυσίον,
578 2771 646 2798 ἀλλὰ
659 2771 740 2808 θηρία
755 2773 801 2799 καὶ
811 2773 954 2809 δαίμονας;
969 2773 1002 2800 Τί

219 2814 272 2850 γὰρ
287 2815 320 2842 ἂν
334 2815 428 2843 τούτου
449 2816 548 2849 γένοιτ’
559 2816 591 2844 ἂν
608 2816 785 2853 ἐλεεινότερον
799 2818 846 2846 τοῦ
863 2819 999 2854 πλουσίου,

731 114 764 142 lN
783 113 890 144 EPIST.
906 115 916 142 Ι
947 115 992 144 AD
1010 115 1090 144 COR.
1116 116 1236 145 IIOSIIL.
1257 116 1376 146 XXXIX.

1805 121 1858 151 ειι

1071 174 1120 201 τοῦ
1135 175 1196 202 καθ’
1211 175 1330 211 ἑκάστην
1343 175 1450 211 ἡμέραν
1462 175 1609 212 εὐχομένου
1628 178 1752 211 γενέσθαι
1769 179 1847 215 λιμὸν

1073 221 1116 247 ἵνα
1130 221 1204 256 αὺτῷ
1220 221 1333 256 γένηται
1354 222 1483 256 χρυσίον;
1504 223 1559 249 Καὶ
1577 223 1631 258 γὰρ
1647 225 1686 255 είς
1706 225 1859 252 τούναντίον

1070 265 1145 301 αὐτῷ
1163 265 1193 292 τὺ
1211 266 1296 298 πάθος
1320 267 1494 302 περιίσταται
1504 267 1606 294 λοιπόν·
1620 269 1680 295 οὐδὲ
1698 269 1751 305 γάρ
1768 271 1859 306 χαίρει

1069 312 1102 345 τῇ
1116 310 1234 347 ἀφθονίᾳ
1254 312 1304 346 τῆς
1316 311 1370 338 τῶν
1385 313 1500 347 καρπῶν
1513 314 1646 348 κτήσεως,
1663 315 1731 341 ἀλλά
1746 315 1780 342 δι’
1794 317 1860 343 αὐτὸ

1068 356 1119 390 μὲν
1142 355 1190 383 οὖν
1214 357 1294 384 τοῦτο
1317 357 1395 391 ἀλγεῖ
1409 357 1511 391 λοιπὸν,
1528 358 1569 385 ὅτι
1590 359 1692 394 ἄπειρα
1715 361 1857 396 κέκτηται.

1067 401 1163 428 Καίτοι
1176 402 1222 429 τὸν
1238 402 1323 429 πολλὰ
1342 403 1510 438 κεκτημένον
1529 404 1635 440 χαίρειν
1655 404 1722 432 ἔδει·
1737 402 1814 438 οὗτος
1829 407 1858 433 δὲ

1066 446 1100 473 δι’
1122 446 1187 473 αὐτὸ
1209 447 1288 474 τοῦτο
1315 448 1424 483 ἀθυμεῖ.
1446 449 1527 484 Ὁρᾷς
1547 449 1596 481 ὅτι,
1616 450 1685 485 ὅπερ
1704 450 1806 485 ἔλεγον,
1825 451 1857 478 οὐ

1066 491 1201 528 τοσαύτην
1214 492 1268 519 ἀπὸ
1280 491 1333 519 τῶν
1347 493 1488 528 παρόντων
1506 494 1674 528 καρποῦνται
1693 495 1743 530 τὴν
1758 495 1858 531 ἡδονὴν

1065 537 1090 564 οἰ
1104 537 1294 569 πλουτοῦντες,
1310 538 1376 573 ὅσην
1396 539 1451 565 ἀπὸ
1469 539 1523 565 τῶν
1543 539 1656 575 μηδέπω
1670 549 1854 577 προσγεγενη-

1067 582 1156 618 μένων
1171 583 1337 618 ὑπομένουσι
1349 583 1398 618 τὴν
1409 583 1544 619 ἀθυμίαν;
1561 585 1590 611 '0
1604 585 1658 620 γὰρ
1669 586 1744 612 σίτου
1757 587 1854 622 μυριάς

1063 629 1114 661 δας
1126 629 1259 664 ἀπείρους
1275 629 1444 664 κεκτημένος
1460 629 1507 656 τοῦ
1521 631 1668 662 πεινῶντος
1684 631 1785 666 μᾶλλον
1804 631 1856 667 ἡλ-

1064 681 1109 706 γει
1130 673 1176 699 καὶ
1195 672 1299 699 ἔστενε·
1314 673 1362 700 καὶ
1374 674 1388 699 ὁ
1403 673 1452 708 μὲν
1465 673 1514 709 τὴν
1532 674 1686 708 ἀναγκαίαν
1702 675 1771 711 ἔχων
1790 683 1856 711 τρο-

1065 719 1119 754 φὴν
1153 718 1334 753 ἐστεφανοῦτο
1355 718 1402 745 καὶ
1425 719 1540 754 ἐσκίρτα
1565 719 1612 746 καὶ
1631 720 1792 755 ηὺχαρίστει
1816 721 1855 756 τῷ

1064 763 1134 800 Θεῷ·
1149 765 1163 791 ὁ
1175 764 1205 790 δὲ
1221 764 1348 791 τοσοῦτον
1361 765 1529 800 κεκτημένος
1548 765 1723 800 ἐδυσχέραινε
1740 766 1786 793 καὶ
1801 766 1855 793 ὰπ-

1063 807 1192 835 ολωλέναι
1208 807 1342 843 ἐνόμιζεν.
1359 809 1417 835 Οὐκ
1439 808 1494 844 ἄρα
1518 810 1663 844 περιουσία
1680 811 1754 838 ἐστὶν
1771 811 1788 846 ἡ
1804 811 1855 847 τὴν

1064 854 1162 890 ἡδονὴν
1178 854 1304 887 ποιοῦσα,
1325 854 1393 881 ἀλλά
1412 854 1510 890 γνώμη
1528 855 1686 890 φιλόσοφος·
1700 857 1739 888 ὼς
1752 857 1854 892 ταύτης

1063 899 1138 931 ἄνευ,
1155 899 1207 927 κᾶν
1219 900 1254 927 τά
1268 900 1357 927 πάντα
1374 908 1416 932 τις
1425 899 1516 927 λαϐὼν
1532 901 1591 936 ἔχῃ,
1605 901 1644 933 ὡς
1658 902 1765 928 πάντων
1778 903 1854 929 ἐστε-

1064 945 1182 980 ρημένος
1205 945 1277 972 οὕτω
1292 945 1461 973 διακείσεται
1482 947 1530 972 καὶ
1548 946 1689 982 θρηνήσει.
1711 947 1788 974 Ἐπεὶ
1805 947 1854 974 καὶ

1062 987 1149 1022 οὗτος,
1176 990 1240 1025 περὶ
1250 986 1280 1016 οῦ
1293 990 1340 1016 νῦν
1351 990 1416 1025 ἡμῖν
1427 991 1442 1016 ό
1454 990 1543 1024 λόγος,
1556 991 1580 1017 εί
1596 991 1643 1018 καὶ
1654 991 1789 1027 τοσαύτης
1801 993 1854 1019 ἀπ-

1062 1036 1137 1062 έδοτο
1153 1036 1236 1071 τιμῆς
1252 1035 1324 1070 άπερ
1335 1033 1418 1071 εἶχεν,
1430 1036 1497 1071 ὅσης
1513 1036 1650 1069 ἐϐούλετο,
1664 1037 1743 1064 πάλιν
1754 1037 1788 1065 ἂν
1803 1039 1849 1074 ἡλ-

1061 1090 1147 1117 γησεν
1160 1082 1201 1108 ὅτι
1214 1081 1253 1117 μὴ
1266 1081 1399 1114 πλείονος,
1414 1082 1462 1108 καὶ
1474 1082 1498 1108 εί
1517 1082 1639 1113 πλείονος
1654 1083 1757 1118 ἴσχυσε,
1771 1083 1853 1111 πάλιν

1063 1127 1096 1155 ἂν
1112 1127 1210 1163 ἑτέραν
1230 1127 1364 1162 ἐζήτησεν
1389 1126 1553 1163 ὑπερϐολὴν,
1572 1127 1620 1154 καὶ
1635 1129 1659 1154 εί
1679 1128 1710 1155 τὸ
1724 1129 1853 1164 μέδιμνον

1062 1173 1121 1204 ἑνὸς
1131 1171 1244 1208 χρυσίου
1258 1172 1371 1204 διέθετο,
1384 1171 1524 1198 κάνταῦθα
1538 1172 1694 1200 διεκόπτετο
1707 1173 1789 1200 πάλιν
1800 1174 1854 1201 ὑπὸ

1061 1218 1112 1252 τῆς
1130 1218 1262 1254 ἀθυμίας,
1278 1218 1319 1245 ὄτι
1338 1218 1376 1253 μὴ
1391 1218 1421 1245 τὸ
1432 1217 1612 1253 ἡμιμέδιμνον
1622 1218 1750 1246 τοσούτου
1763 1217 1807 1255 ἦν.
1820 1220 1854 1247 El

1061 1264 1090 1290 ἃ
1101 1263 1138 1300 μὴ
1156 1264 1232 1299 παρά
1243 1264 1292 1298 τὴν
1311 1263 1398 1299 ἀρχὴν
1414 1263 1543 1290 τοσούτου
1559 1265 1575 1299 ἡ
1591 1264 1668 1300 τιμὴ,
1688 1265 1726 1301 μὴ
1744 1265 1852 1300 θαυμά-

1063 1317 1122 1346 σῃς
1140 1309 1202 1336 ἐπεὶ
1219 1309 1266 1336 καὶ
1279 1309 1304 1335 οί
1321 1308 1465 1343 μεθύοντες
1480 1309 1532 1335 οὐκ
1546 1309 1575 1342 ἐξ
1592 1310 1679 1345 ἀρχῆς
1695 1310 1853 1347 ἐμπιπράν-

1061 1364 1117 1388 ται,
1133 1355 1190 1382 ἀλλ’
1205 1355 1270 1381 ὁταν
1281 1353 1379 1380 πολλοῦ
1391 1354 1439 1380 τοῦ
1449 1354 1569 1389 ἀκράτου
1583 1355 1771 1391 ὲμφορηθῶσι,
1791 1357 1852 1384 τότε

1061 1399 1256 1435 χαλεπωτέραν
1269 1399 1419 1426 ἀνάπτουσι
1431 1398 1479 1433 τὴν
1493 1398 1590 1433 φλόγα.
1606 1399 1660 1426 Καὶ
1675 1398 1746 1427 οὗτοι
1760 1401 1852 1428 τοίνυν

1060 1447 1116 1481 ὅσῳ
1137 1445 1171 1473 ἂν
1191 1445 1301 1472 πλείονα
1318 1444 1532 1480 περιϐάλωνται,
1557 1445 1676 1482 τοσούτῳ
1697 1447 1726 1473 ὲν
1747 1447 1852 1482 μείζονι

1061 1491 1150 1527 ἐνδείᾳ
1162 1490 1352 1522 καθίστανται,
1365 1491 1411 1516 καὶ
1424 1490 1448 1516 οἱ
1459 1490 1570 1517 πλείονα
1587 1491 1785 1527 κερδαίνοντες,
1804 1493 1852 1520 αύ-

1060 1537 1102 1563 τοὶ
1119 1535 1237 1572 μάλιστά
1261 1535 1330 1562 εἰσιν
1344 1535 1369 1562 οί
1386 1534 1542 1569 πενόμενοι.
1559 1535 1634 1572 [575]
1650 1537 1742 1564 Ταῦτα
1761 1537 1790 1564 δέ
1805 1547 1852 1573 μοι

1060 1583 1090 1608 ού
1105 1581 1175 1617 πρὸς
1186 1581 1279 1608 τοῦτον
1292 1581 1399 1616 εῐρηται
1413 1581 1502 1615 μόνον,
1519 1581 1587 1608 ἀλλὰ
1599 1582 1646 1609 καὶ
1658 1582 1726 1619 πρὸς
1736 1583 1852 1611 ἕκαστον

1060 1628 1114 1654 τῶν
1128 1628 1163 1654 τά
1179 1627 1294 1654 τοιαῦτα
1306 1626 1467 1659 νοσούντων,
1480 1625 1528 1653 καὶ
1540 1626 1588 1662 τὴν
1600 1627 1654 1655 τῶν
1665 1628 1753 1656 ὠνίων
1768 1631 1851 1666 τιμὴν

1060 1672 1260 1705 ἐπιτεινόντων,
1276 1672 1324 1699 καὶ
1340 1671 1394 1698 τῶν
1411 1671 1524 1707 πλησίον
1541 1673 1591 1708 τὴν
1607 1673 1702 1701 πενίαν
1720 1683 1852 1710 πραγμα-

1060 1720 1226 1754 τευομένων.
1242 1718 1452 1754 Φιλανθρωπίας
1477 1718 1527 1754 μὲν
1549 1719 1603 1755 γὰρ
1623 1720 1710 1751 οὐδεὶς
1731 1721 1850 1756 οὐδαμοῦ

1060 1764 1147 1799 λόγος·
1163 1763 1300 1800 πανταχοῦ
1325 1764 1353 1790 δὲ
1372 1765 1386 1790 ὁ
1407 1765 1457 1799 τῆς
1471 1764 1628 1797 πλεονεξίας
1648 1765 1718 1801 ἔρως
1739 1766 1786 1793 ἐπὶ
1802 1767 1849 1794 τοῦ

1060 1810 1157 1846 καιροῦ
1173 1810 1224 1845 τῆς
1246 1810 1375 1845 πράσεως
1396 1809 1510 1842 πολλοὺς
1528 1810 1631 1845 ἐξάγει,
1647 1812 1694 1838 καὶ
1716 1813 1789 1839 σῖτον
1804 1813 1852 1839 καὶ

1059 1855 1132 1883 οἶνον
1143 1857 1158 1883 δ
1170 1856 1220 1891 μεν
1237 1855 1344 1887 θᾶττον,
1356 1856 1371 1882 ὸ
1381 1855 1411 1881 δὲ
1428 1854 1593 1891 βραδύτερον
1607 1856 1731 1888 ἀπέδοτο,
1746 1857 1852 1884 οὐδέτε-

1061 1910 1107 1937 ρος
1129 1901 1223 1937 μέντοι
1239 1901 1293 1928 ἀπὸ
1311 1900 1486 1936 κηδεμονίας,
1500 1900 1558 1928 ἀλλ’
1574 1902 1589 1928 ό
1603 1901 1663 1938 μὲν,
1680 1902 1723 1929 ἵνα
1739 1903 1851 1931 πλείονα

1059 1947 1139 1984 λάϐῃ,
1146 1948 1160 1974 ὁ
1169 1946 1197 1973 δὲ
1208 1947 1253 1974 ῐνα
1261 1946 1298 1982 μὴ
1305 1947 1418 1980 ὲλάττω,
1425 1946 1575 1982 τραπέντος
1584 1948 1719 1975 αὐτοῦτοῦ
1728 1948 1848 1983 καρποῦ.

1101 1992 1209 2028 Ἐπειδὴ
1220 1992 1275 2028 γὰρ
1287 1993 1312 2018 οἱ
1325 1991 1434 2024 πλείους
1450 1993 1481 2019 ού
1497 1993 1582 2020 πολὺν
1593 1994 1648 2020 τῶν
1664 1993 1711 2020 τοῦ
1726 1993 1794 2020 Θεοῦ
1807 1994 1849 2020 νό-

1061 2047 1120 2074 μων
1137 2037 1293 2073 ποιούμενοι
1309 2037 1399 2071 λόγον,
1420 2038 1510 2065 πάντα
1527 2038 1601 2065 ἔνδον
1619 2038 1850 2072 κατακλείσαντες

1059 2085 1178 2120 ἔχουσιν,
1193 2083 1294 2120 ἑτέρως
1316 2083 1415 2115 αὐτοὺς
1434 2084 1475 2116 είς
1495 2084 1699 2120 φιλανθρωπίαν
1716 2085 1821 2119 ἐξάγων
1835 2087 1850 2113 6

1058 2130 1135 2162 Θεὸς,
1156 2130 1200 2156 ἵνα
1211 2129 1263 2156 κᾶν
1278 2129 1387 2166 ἀνάγκῃ
1400 2138 1428 2156 τι
1440 2130 1574 2165 ποιήσωσι
1584 2130 1714 2166 χρηστὸν,
1727 2131 1850 2166 μείζονος

1059 2176 1161 2212 ζημίας
1183 2175 1293 2203 ἐνέϐαλε
1314 2175 1383 2209 δέος,
1399 2176 1449 2203 οὐκ
1466 2177 1557 2211 ἀφιεὶς
1573 2177 1614 2208 είς
1629 2177 1713 2204 πολὺν
1728 2177 1849 2211 διαρκεῖν

1059 2223 1155 2258 χρόνον
1174 2223 1225 2257 τῆς
1243 2222 1296 2258 γῆς
1314 2223 1377 2254 τοὺς
1388 2223 1523 2258 καρποὺς,
1536 2223 1581 2249 ῖνα
1598 2222 1652 2250 κᾶν
1667 2223 1716 2258 τὴν
1732 2223 1786 2250 ἀπὸ
1798 2223 1850 2255 τῆς

1059 2254 1162 2303 ίρθορᾶς
1171 2254 1319 2299 δεδοικότες
1329 2254 1441 2303 βλάϐην,
1456 2267 1578 2303 προθῶσι
1588 2268 1645 2299 τοῖς
1654 2254 1791 2303 δεομένοις
1802 2254 1849 2294 καὶ

1058 2313 1180 2345 ἄκοντες,
1204 2313 1276 2349 άπερ
1297 2313 1367 2340 οῐκοι
1390 2313 1587 2349 κατορύξαντες
1608 2313 1721 2348 τηροῦσι
1743 2313 1847 2343 κακῶς.

1064 2359 1145 2386 Ἀλλά
1162 2359 1216 2394 γὰρ
1230 2349 1280 2385 καὶ
1301 2358 1370 2394 μετὰ
1389 2358 1474 2385 ταῦτα
1489 2358 1561 2385 οὕτω
1579 2358 1651 2390 τινές
1670 2359 1738 2384 εἰσιν
1759 2358 1847 2392 ἀπλη-

1059 2413 1127 2437 στοι,
1143 2404 1181 2436 ὡς
1197 2404 1264 2440 μηδὲ
1279 2403 1402 2431 ἐντεῦθεν
1415 2404 1599 2430 παιδεύεσθαι.
1613 2403 1709 2430 Πολλοὶ
1725 2404 1788 2438 γοῦν
1801 2404 1849 2430 καὶ

1058 2450 1155 2482 πίθους
1187 2450 1351 2486 ὁλοκλήρους
1387 2450 1541 2482 ὲκένωσαν,
1573 2450 1670 2486 πένητι
1704 2450 1753 2485 μὲν
1785 2450 1847 2476 οὐδὲ

1059 2497 1160 2524 κύαθον
1176 2496 1277 2528 δόντες,
1290 2496 1351 2522 οὐδὲ
1363 2495 1493 2532 ἀργυρίου
1515 2497 1572 2527 τοῖς
1593 2495 1740 2531 δεομένοις,
1754 2495 1846 2530 ὀξίνην

1058 2542 1088 2569 δὲ
1105 2542 1246 2578 γινόμενον
1265 2542 1305 2574 είς
1315 2542 1365 2577 τὴν
1378 2543 1431 2578 γῆν
1446 2542 1575 2578 ῥίψαντες
1589 2542 1707 2574 ἅπαντα,
1722 2543 1770 2569 καὶ
1782 2542 1846 2573 τοὺς

1059 2586 1154 2619 πίθους
1166 2587 1256 2614 αὑτῶν
1271 2587 1545 2623 προσδιαφθείραντες
1561 2587 1600 2623 τῷ
1615 2587 1723 2623 καρπῷ.
1737 2588 1845 2624 ’Έτεροι

1058 2633 1087 2660 δὲ
1106 2633 1187 2661 πάλιν
1207 2633 1267 2660 οὐδὲ
1287 2632 1376 2669 μάζης
1396 2634 1460 2668 μιᾶς
1474 2632 1513 2668 τῷ
1527 2633 1653 2660 πεινῶντι
1671 2633 1843 2669 μεταδόντες,

1059 2680 1194 2715 ὁλόκληρα
1208 2680 1355 2715 σιτοδοχεῖα
1372 2679 1412 2711 είς
1428 2679 1550 2715 ποταμὸν
1567 2679 1692 2715 ερῥιψαν·
1710 2680 1757 2706 καὶ
1770 2679 1844 2705 ὲπει-

1057 2725 1090 2761 δὴ
1115 2725 1162 2752 τοῦ
1186 2725 1254 2751 Θεοῦ
1274 2725 1430 2756 κελεύοντος
1447 2725 1546 2751 διδόναι
1568 2726 1625 2755 τοῖς
1642 2724 1779 2758 δεομένοις
1794 2724 1844 2750 οὐκ

1058 2771 1189 2807 ἥκουσαν,
1211 2770 1259 2797 τοῦ
1285 2770 1365 2806 σητδς
1390 2769 1580 2801 ἐπιτάττοντος
1603 2769 1651 2796 καὶ
1676 2769 1786 2800 ἄκοντες
1813 2768 1843 2794 τὸ

1060 2819 1132 2846 ἔνδον
1156 2818 1228 2847 ἅπαν
1252 2818 1416 2854 ἐξήντλησαν
1441 2818 1480 2848 είς
1506 2817 1645 2844 ἀπώλειαν
1671 2816 1718 2843 καὶ
1740 2813 1843 2850 φθορὰν
