2021 3117
173 123 229 153 διδ

173 179 301 214 ἐσχάτην,
320 179 403 205 πολὺν
421 178 470 213 μὲν
482 178 528 205 τὸν
540 167 659 212 γέλωτα,
672 177 772 209 πολλὰς
783 178 810 205 δὲ
825 179 873 210 τὰς
888 177 957 213 ἀρὰς

174 225 244 251 κατά
257 224 306 258 τῆς
320 224 424 251 ἑαυτῶν
439 223 558 258 κεφαλῆς
571 223 641 258 μετά
658 223 707 258 τῆς
722 223 822 259 ζημίας
838 225 956 250 ἐπισπαο

174 271 287 305 οάμενοι
301 269 413 304 ταύτης.
429 269 484 295 Καὶ
495 269 528 295 τὰ
543 269 592 303 μὲν
602 268 730 300 ἐνταῦθα,
744 268 866 295 τοιαῦτα·
884 269 919 296 τά
929 268 958 294 δὲ

174 315 234 342 ἐκεῖ
253 316 296 347 τις
317 315 489 350 παραστήσει
517 315 612 348 λόγος
629 315 734 350 Ὠσπερ
749 314 804 349 γὰρ
822 311 893 341 οὗτοι
912 314 958 340 τὸν

174 361 345 396 σητόόρωτον
360 359 476 386 ἐνταῦθα
498 359 570 385 σῖτον
593 359 729 394 ἄχρηστον
751 359 896 394 γινόμενον
917 361 958 391 εις

152 395 157 428 ἶ
173 395 312 440 ποταμοὺς
324 405 476 441 ῥίπτουσιν,
491 403 562 430 οὕτω
579 405 642 435 τοὺς
655 404 741 431 ταῦτα
756 405 958 440 ἐργασαμένους

173 450 208 477 δι’
217 450 285 478 αὐτὸ
295 450 374 476 τοῦτο
387 450 542 484 ἀχρήστους
554 449 716 484 γενομένους
732 451 772 482 είς
789 450 835 477 τὸν
848 450 895 477 τοῦ
908 459 958 477 πυ-

175 497 221 531 ρὸς
233 495 322 531 ῥίπτει
337 495 458 529 ποταμὸν
473 495 487 520 6
496 494 572 526 Θεός.
588 495 721 531 Καθάπερ
734 496 789 531 γὰρ
802 496 847 522 τὸν
861 497 933 522 σῖτον
943 497 959 523 6

174 539 223 574 σὴς
236 540 282 566 καὶ
295 540 310 565 6
324 538 442 573 σκώληξ,
456 538 528 565 οὕτω
543 540 593 571 τὰς
602 540 705 567 τούτων
721 541 810 576 ψυχὰς
821 542 837 576 ἠ
849 541 959 576 ὠμότης

174 584 221 610 καὶ
236 585 253 618 ἡ
265 583 446 618 άπανθρωπία
464 583 586 617 διέφαγε.
597 583 706 611 Τούτων
718 585 746 611 δὲ
761 585 848 611 αἴτιον
864 585 894 611 τδ
903 586 959 616 τοῖς

174 627 292 663 παροῦσι
313 628 513 664 προσηλῶσθαι,
531 629 578 655 καὶ
603 629 672 664 πρὸς
695 630 745 664 τὴν
764 629 837 665 ζωὴν
857 630 958 665 ταύτην

173 672 318 708 κεχηνέναι
335 674 429 708 μόνον·
452 673 513 700 ὅθεν
533 675 582 701 καὶ
602 676 703 711 μυρίας
729 677 849 712 ἀθυμίας
865 679 958 713 μεστοὶ

173 718 293 750 γίνονται
317 719 343 744 οἱ
374 719 500 747 τοιοῦτοι.
533 721 592 748 Κᾶν
617 722 672 756 γὰρ
693 722 782 750 ὁτιοῦν
801 724 880 758 εἴπης
895 724 956 758 ἡδὺ,

173 763 263 790 πάντα
281 764 372 796 ἱκανός
392 765 467 792 ἐστιν
482 766 612 799 ἀφανίσαι
623 767 675 801 τῆς
687 767 814 803 τελευτῆς
836 769 851 794 6
865 769 956 802 φόϐος,

172 809 220 835 καὶ
238 809 370 845 τέθνηκεν
390 811 405 836 6
424 811 544 844 τοιοῦτος
562 812 602 839 ἔτι
621 812 686 844 ζῶν.
704 813 758 839 Καὶ
779 813 810 840 16
829 814 878 848 μὲν
894 814 958 846 τοὺς

174 853 306 886 ἀπίστους
319 855 404 882 ταῦτα
420 856 545 892 πάσχειν,
563 857 719 892 θαυμαστὸν
741 858 830 885 οὐδέν·
851 859 916 886 ὅταν
930 859 958 886 δὲ

173 899 198 925 oi
216 900 350 927 τοσούτων
367 903 525 938 μυστηρίων
541 903 767 936 ἀπολελαυκότες,
782 905 830 930 καὶ
841 904 959 932 τοσαῦτα

172 948 238 981 περὶ
253 947 307 973 τῶν
325 947 476 982 μελλόντων
493 948 735 984 φιλοσοφήσαντες,
751 951 810 982 τοῖς
826 951 959 986 παροῦσιν

171 990 391 1026 ἐμφιλοχωρῶσι,
402 991 474 1023 τίνος
483 991 516 1019 ἂν
531 991 586 1020 εἶεν
597 993 668 1026 ἄξιοι
680 993 858 1029 συγγνώμης
874 995 959 1022 Πόθεν

170 1033 220 1062 οὖν
230 1035 334 1068 γίνεται
349 1036 379 1062 16
390 1037 446 1068 τοῖς
457 1037 590 1072 παροῦσιν
603 1038 816 1074 ἐμφιλοχωρεῖν;
833 1040 900 1066 Ἀπὸ
911 1041 958 1067 τοῦ

170 1082 260 1117 τρυφῇ
274 1081 430 1117 προσέχειν,
447 1083 495 1110 καὶ
507 1084 641 1111 λιπαίνειν
655 1083 704 1120 τὴν
718 1085 819 1122 σάρκα,
833 1085 880 1112 καὶ
892 1086 958 1121 θρύ-

171 1135 251 1154 πτειν
273 1127 322 1163 τὴν
337 1128 436 1164 ψυχὴν,
452 1129 500 1156 καὶ
521 1129 592 1164 βαρὺ
613 1129 644 1156 τὸ
660 1129 770 1165 φορτίον
795 1130 958 1164 ἐργάζεσθαι

171 1172 220 1199 καὶ
240 1172 308 1199 πολὺ
323 1173 353 1199 16
370 1173 466 1205 σκότος
485 1174 533 1200 καὶ
545 1174 619 1208 παχὺ
633 1174 663 1200 16
677 1175 892 1211 παραπέτασμα.
914 1176 959 1202 Ἐν

171 1218 227 1252 γὰρ
255 1219 288 1253 τῇ
312 1220 402 1254 τρυφῇ
421 1219 451 1245 16
473 1219 522 1254 μὲν
548 1220 672 1254 κρεῖττον
698 1219 848 1252 δουλοῦται,
874 1221 906 1247 16
929 1220 959 1246 δὲ

171 1265 264 1299 χεῖρον
288 1266 394 1300 κρατεί”
424 1265 472 1292 καὶ
503 1266 534 1292 16
566 1266 616 1301 μὶν
647 1266 797 1299 τυφλοῦται
828 1267 959 1293 πάντοθεν

173 1307 222 1334 καὶ
251 1307 364 1343 σύρεται
389 1309 600 1344 πεπηρωμένον,
626 1309 656 1337 16
680 1310 708 1336 δέ
731 1310 792 1344 ἄγει
813 1311 860 1337 καὶ
882 1319 960 1346 περι-

173 1353 235 1386 άγει
257 1353 407 1389 πανταχοῦ,
430 1355 460 1380 ἐν
476 1353 550 1390 [576]
569 1356 601 1390 τῇ
618 1355 674 1381 τῶν
693 1355 836 1390 ἀγομένων
854 1357 960 1391 ὀφεῖλον

172 1398 281 1426 κεῖσθαι
296 1398 382 1430 τάξει.
403 1399 456 1426 Καὶ
470 1399 524 1434 γὰρ
539 1399 623 1431 πολὺς
644 1401 659 1427 6
679 1400 826 1436 σύνδεσμος
840 1402 890 1437 τῆς
907 1402 960 1437 ψυ-

172 1442 224 1478 χῆς
242 1443 310 1478 πρὸς
324 1443 356 1470 16
369 1443 459 1478 σῶμα,
469 1443 549 1470 τοῦτο
559 1444 607 1470 τοῦ
619 1445 792 1480 Δημιουργοῦ
806 1455 962 1481 μηχανησα-

174 1487 268 1522 μένου,
285 1487 328 1514 ἵνα
337 1488 375 1523 μὴ
382 1488 419 1520 ὡς
428 1488 568 1524 ἀλλότριον
577 1489 644 1515 αὐτὸ
655 1489 770 1516 πείθωσι
778 1498 852 1522 τινες
859 1492 958 1525 μισεῖν.

209 1532 242 1559 θ’.
256 1533 284 1559 '0
294 1533 344 1568 μὲν
355 1533 408 1569 γὰρ
416 1533 481 1564 Θεὸς
497 1533 560 1565 τοὺς
573 1533 687 1569 ἐχθροὺς
699 1534 826 1561 ἐκέλευσε
839 1536 935 1569 φιλεῖν·
945 1536 960 1562 6

171 1577 202 1604 δὲ
213 1577 335 1609 διάϐολος
347 1578 473 1604 τοσοῦτον
485 1579 603 1613 ἴσχυσεν,
617 1579 654 1610 ὡς
669 1579 758 1606 καὶτὸ
769 1581 868 1606 οἰκεῖον
880 1580 960 1615 σῶμα

172 1621 266 1649 πεῖσαί
278 1631 355 1654 τινας
371 1623 470 1657 μισεῖν.
489 1622 574 1649 Ὅταν
588 1622 642 1658 γὰρ
656 1623 732 1659 εἴπῃ,
751 1624 792 1651 ὃτι
808 1624 854 1651 τοῦ
869 1624 961 1651 διαδό-

171 1667 219 1693 λου
234 1667 319 1699 ἐστὶν,
340 1667 417 1693 οὐδὲν
432 1667 496 1694 ἄλλο
510 1668 721 1701 κατασκευάζει,
747 1669 764 1704 ἢ
783 1669 877 1697 τοῦτο’
891 1670 958 1706 ὅπερ

171 1712 290 1747 ἐσχάτης
315 1712 450 1748 ληρωδίας
471 1713 554 1739 ἐστίν.
570 1714 602 1740 Et
618 1714 673 1749 γὰρ
688 1714 735 1741 τοῦ
751 1715 875 1742 διαϐόλου
888 1717 958 1749 ἐστὶ,

171 1757 214 1789 τες
233 1758 250 1792 ὴ
264 1758 382 1793 τοσαύτη
396 1759 548 1793 συμφωνία,
563 1759 601 1791 ὡς
615 1760 767 1796 ἐπιτήδειον
779 1761 846 1788 αὐτὸ
859 1762 960 1788 πάντο-

173 1802 219 1829 θεν
234 1804 273 1834 εις
291 1803 342 1835 τὰς
360 1804 410 1838 τῆς
431 1804 576 1839 φιλοσόφου
599 1805 688 1840 ψυχῆς
711 1807 851 1842 ἐνεργείας
875 1816 960 1835 κατα-

173 1849 325 1880 σκευάσαι;
347 1849 402 1876 Καὶ
420 1850 444 1876 εἰ
458 1850 618 1885 ἐπιτήδειον,
635 1852 711 1886 φησὶ,
726 1851 785 1883 πῶς
808 1852 893 1888 αὐτὴν
913 1861 960 1880 τυ-

173 1893 251 1927 φλοῖ;
278 1893 346 1928 Οὐχὶ
362 1893 392 1920 16
417 1894 496 1929 σῶμά
515 1895 572 1921 ἐστι
597 1895 627 1922 16
645 1895 761 1930 τυφλοῦν
786 1896 836 1933 τὴν
858 1897 958 1933 ψυχὴν,

172 1938 272 1973 ἄπαγε,
285 1939 420 1974 ἄνθρωπε,
434 1939 491 1966 ἀλλ’
507 1940 524 1975 ἠ
537 1942 638 1976 τρυφή.
650 1941 706 1977 Τῆς
718 1941 746 1968 δὲ
760 1942 866 1978 τρυφῆς
879 1943 961 1970 πόθεν

172 1985 323 2021 ἐφιέμεθα;
341 1986 378 2012 Οὐ
394 1985 474 2022 ’παρά
489 1986 519 2012 16
541 1986 621 2022 σῶμα
637 1986 719 2022 ἔχειν,
739 1988 876 2024 οὐδαμῶς,
892 1989 961 2016 ἀλλά

171 2031 250 2067 παρά
267 2031 426 2067 προαίρεσιν
451 2032 582 2068 πονηράν.
609 2032 646 2059 Τὸ
674 2032 728 2069 γὰρ
754 2033 834 2068 σῶμα
857 2033 960 2070 τροφῆς

172 2078 268 2111 δεῖται,
286 2078 317 2104 οὐ
337 2078 444 2113 τρυφῆς
455 2098 462 2109 ,
479 2078 509 2104 16
524 2078 605 2113 σῶμα
619 2077 665 2104 τοῦ
686 2078 834 2113 τρέφεσθαι
854 2078 959 2115 χρῄζει,

171 2123 233 2158 οὐχὶ
245 2123 292 2150 τοῦ
308 2123 501 2150 διακόπτεσοαι
514 2123 561 2150 καὶ
580 2123 712 2159 διαρρεῖν.
729 2124 797 2151 οὺδέ
817 2125 872 2161 γὰρ
887 2126 959 2162 ψυχῇ

174 2168 266 2202 μόνον,
288 2168 357 2195 ἀλλὰ
382 2168 429 2195 καὶ
455 2168 529 2203 αὺτῷ
554 2167 594 2204 τῷ
615 2168 721 2203 σώματι
739 2169 779 2205 τῷ
801 2172 961 2207 τρεφομένῳ

173 2211 305 2246 πολέμιον
320 2212 337 2246 ἡ
350 2212 450 2247 τρυφή.
472 2212 526 2238 Καὶ
539 2212 592 2248 γάρ
607 2212 801 2249 ἀσθενέστερον
814 2215 874 2242 ἀντὶ
887 2217 962 2252 ισχυ-

174 2256 224 2290 ροῦ
243 2256 359 2290 γίνεται,
385 2257 432 2283 καὶ
458 2256 650 2292 μαλακώτερον
674 2258 735 2285 ἀντὶ
761 2259 887 2295 στερροῦ,
914 2261 962 2288 xc).

175 2302 300 2329 ἐπίνοσον
316 2303 376 2329 ἀντὶ
390 2302 519 2336 ὑγιεινοῦ,
534 2303 582 2329 καὶ
600 2302 749 2339 βαρύτερον
764 2305 826 2332 ἀντὶ
847 2305 960 2341 κούφου,

176 2347 224 2373 καὶ
231 2347 390 2383 ἀραιότερον
400 2348 460 2374 ἀντὶ
470 2348 584 2379 πυκνοῦ,
600 2349 646 2376 καὶ
655 2349 767 2385 αἰσχρὸν
778 2351 838 2378 ἀντὶ
849 2351 960 2387 ὡραίου,

177 2393 223 2419 καὶ
238 2393 435 2429 δυσωδέστερον
451 2394 512 2420 ἀντὶ
527 2394 654 2426 εὐώδους,
669 2394 718 2421 καὶ
735 2395 888 2432 ἀκάθαρτον
902 2398 963 2425 ἀνειῖλ⁵

177 2438 310 2474 καθαροῦ,
326 2439 372 2466 καὶ
386 2439 551 2474 περιώδυνον
567 2440 628 2467 ἀντὶ
642 2440 795 2476 ἀνειμένου,
814 2442 862 2469 καὶ
875 2442 962 2478 ἄχρη-

178 2491 240 2510 στον
266 2484 326 2510 ἀντὶ
352 2485 498 2520 χρησίμου,
525 2485 572 2512 καὶ
595 2486 711 2513 παλαιὸν
736 2487 797 2514 ἀντὶ
815 2488 887 2522 νέου,
915 2489 962 2516 καὶ

180 2529 279 2565 σαθρὸν
303 2530 364 2558 ἀντὶ
385 2530 506 2566 ἰσχυροῦ,
531 2533 578 2558 καὶ
605 2531 687 2568 βραδὺ
705 2534 752 2560 καὶ
777 2533 879 2569 νωθρὸν
902 2535 962 2562 ἀντὶ

180 2576 283 2611 ταχέος,
300 2577 347 2603 καὶ
361 2577 445 2612 χωλὸν
461 2577 521 2604 ἀντὶ
536 2578 641 2612 ἀρτίου.
657 2579 754 2606 Καίτοι
769 2580 794 2606 εἰ
809 2580 855 2606 τοῦ
872 2581 964 2608 διασό-

177 2620 225 2648 λου
244 2620 288 2656 ἦν,
311 2623 361 2648 οὐκ
374 2623 457 2658 ἐχρῆν
471 2623 523 2650 ὑπὸ
541 2624 595 2650 τῶν
607 2624 689 2650 αὐτοῦ
707 2625 962 2660 παραϐλάπτεσθαι,

177 2666 226 2702 τῆς
240 2667 338 2700 κακίας
351 2668 431 2703 λέγω.
453 2669 522 2696 Ἀλλ*
535 2669 596 2696 οὔτε
608 2670 639 2696 16
653 2669 743 2706 σῶμα,
755 2670 817 2698 οὔτε
831 2673 865 2699 τὰ
879 2673 963 2707 σιτία,

177 2711 225 2738 τοῦ
240 2711 373 2745 διαὸόλου,
396 2713 454 2741 ἀλλ’
476 2715 494 2749 ἡ
511 2714 600 2750 τρυφὴ
619 2714 697 2750 μόνη.
718 2715 767 2742 Διά
790 2716 844 2752 γὰρ
862 2717 966 2753 ταύτης

179 2757 212 2784 τὰ
230 2758 313 2794 μυρία
339 2759 353 2785 6
374 2759 492 2795 πονηρὸς
517 2760 622 2793 δαίμων
647 2761 750 2793 ἐκεῖνος
773 2762 849 2789 ἀνύει
873 2765 963 2792 κακά’

179 2802 249 2831 οὕτω
273 2804 358 2840 δῆμον
383 2805 529 2841 ὁλόκληρον
546 2805 768 2842 ἐξετραχήλισεν·
799 2807 963 2846 Ἐλιπιίνθη

532 120 561 148 S.
583 119 728 149 JOANNIS
746 118 959 148 ειιιιγδοδτοξ

1013 118 1174 148 ARCHIEP.
1192 115 1471 148 CONSTAN'I'INOP.

1735 120 1792 149 316

1007 177 1070 212 γὰρ,
1099 178 1176 213 φησὶ,
1193 177 1242 205 καὶ
1269 178 1433 212 ἐπαχύνθη,
1460 177 1509 204 καὶ
1529 177 1712 212 ἐπλατύνθη.
1743 178 1792 206 καὶ

1005 222 1210 250 ἀπελάκτισεν
1232 225 1249 250 ὀ
1265 223 1466 257 ἡγιιπημένος.
1485 223 1540 250 Καὶ
1555 224 1681 258 Σοδόμοις
1696 223 1724 250 δὲ
1749 225 1793 249 ὲν-

1006 267 1102 295 τεῦθεν
1116 269 1133 303 ἡ
1151 269 1222 304 ἀρχὴ
1242 269 1296 295 τῶν
1317 269 1458 304 κεραυνῶν
1479 270 1590 296 ἐκείνων
1606 269 1723 303 ἐγένετο.
1738 270 1793 296 Καὶ

1006 314 1086 340 τοῦτο
1108 314 1196 349 δηλῶν
1223 315 1238 340 6
1267 314 1396 350 ἰεζεκιὴλ
1418 314 1514 349 ἐλεγεο
1538 315 1626 349 Πλὴν
1655 315 1742 342 τοῦτο
1760 316 1794 341 τὸ

1006 360 1145 394 ἀνόμημα
1162 359 1317 394 Σοδόμων,
1332 359 1366 386 ἐν
1386 361 1576 394 ὑπερηφανίᾳ
1592 360 1641 386 καὶ
1661 361 1696 387 ἐν
1718 363 1795 394 πλη-

1006 404 1107 439 σμονῇ
1121 405 1218 439 ἀρτων
1233 405 1282 432 καὶ
1299 405 1333 432 ἐν
1345 405 1498 438 εὐθηνιαις
1508 405 1699 433 ἐσπατάλων.
1807 405 1816 429 ι

1042 450 1092 476 Διά
1104 450 1182 478 τοῦτο
1194 451 1240 478 καὶ
1254 452 1269 477 6
1277 450 1382 482 Παῦλος
1392 451 1494 485 ἔλεγεν*
1510 451 1545 478 Ἠ
1551 451 1580 477 δέ
1595 450 1794 482 σπαταλῶσα,

1008 494 1089 526 ζῶσα
1106 495 1244 529 τέθνηκε.
1259 495 1292 522 Τί
1320 495 1435 530 ὃήποτε;
1456 496 1517 522 Ὅτι
1543 495 1638 531 ὥσπερ
1654 495 1737 530 τάφον
1763 495 1796 522 16

1009 541 1088 576 σῶμα
1106 541 1249 577 περιφέρει
1265 541 1373 576 μυρίοις
1395 541 1586 576 συνδεδεμένον
1601 542 1708 572 κακοῖς.
1724 541 1754 567 ΕΙ
1766 541 1795 568 δὲ

1006 584 1038 610 16
1053 585 1133 620 σῶμα
1149 585 1234 617 οὕτως
1248 585 1406 616 ἀπόλλυται,
1423 585 1482 617 πῶς
1500 586 1517 620 ὴ
1531 585 1604 620 ψυχὴ
1617 585 1794 618 διακείσεται,

1007 630 1092 656 πόσου
1107 630 1231 666 θορύϐου,
1249 630 1340 657 πόσων
1362 630 1500 664 κυμάτων,
1518 631 1605 665 πόσης
1626 631 1709 665 ζάλης
1727 632 1796 658 ἀνά-

1008 673 1098 705 πλεως
1121 674 1213 705 ἔσται;
1234 675 1284 701 Διά
1297 683 1339 701 τοι
1360 674 1438 700 τοῦτο
1461 675 1530 710 πρὸς
1551 675 1640 702 πάντα
1659 675 1796 710 ἄχρηστος

1008 719 1112 753 γίνεται
1133 719 1180 746 καὶ
1196 720 1257 746 οὔτε
1271 721 1369 750 εἰπεῖν,
1388 719 1450 746 οὔτε
1465 720 1592 753 ἀκοῦσαι,
1607 720 1669 747 οὔτε
1686 721 1796 755 βουλεύ-

1007 764 1117 796 σασθαι,
1141 764 1202 791 οὒτε
1226 773 1254 791 τι
1279 764 1380 800 πρᾶξαι
1395 764 1450 791 τῶν
1469 765 1582 791 δεόντων
1598 765 1698 800 ῥᾳδίως
1712 766 1795 800 δυνή-

1008 817 1100 836 σεται·
1129 810 1187 837 ἀλλ’
1211 809 1306 846 ὥσπερ
1329 810 1508 845 κυϐερνήτης,
1537 810 1672 845 χειμῶνος
1689 812 1795 846 κρατή-

1009 863 1105 886 σαντος
1129 854 1180 889 τῆς
1202 854 1309 890 τέχνης,
1341 854 1415 889 αὐτῷ
1429 854 1469 890 τῷ
1486 854 1570 890 πλοίῳ
1591 855 1638 881 καὶ
1657 856 1714 886 τοῖς
1733 857 1795 882 ἐπι-

1007 899 1105 931 σάταις
1128 899 1293 935 ὑποϐρύχιος
1313 899 1436 933 γίνεται·
1455 899 1527 926 οὓτω
1542 900 1589 926 καὶ
1603 901 1619 934 ἡ
1634 899 1707 935 ψυχὴ
1725 901 1797 936 μετὰ

1009 944 1058 971 τοῦ
1084 944 1210 980 σώματος
1230 946 1270 977 εἰς
1287 945 1338 980 τὴν
1353 944 1473 980 χαλεπὴν
1487 945 1537 979 τῆς
1550 945 1728 980 ἀναισθησίας
1744 954 1796 972 κα-

1007 990 1200 1023 ταποντίζεται
1215 990 1343 1018 ἄϐυσσον.
1362 991 1416 1017 Καὶ
1430 990 1484 1025 γὰρ
1499 990 1625 1025 καθάπερ
1638 990 1725 1026 μύλην
1735 990 1797 1017 τινά

1007 1036 1058 1071 τὴν
1072 1035 1194 1072 γαστέρα
1208 1037 1275 1071 ἡμῖν
1287 1036 1414 1072 ἐνέθηκεν
1426 1036 1441 1062 6
1461 1036 1538 1068 Θεὸς,
1555 1035 1712 1072 σύμμετρον
1726 1037 1795 1072 αὐτῇ

1007 1081 1121 1117 δύναμιν
1139 1081 1211 1113 δοὺς,
1235 1081 1282 1108 καὶ
1296 1081 1379 1114 τάξας
1395 1080 1494 1116 μέτρον
1510 1081 1602 1116 ῥητὸν,
1626 1081 1694 1116 ὅπερ
1712 1081 1797 1116 αὒτὴν

1009 1127 1084 1154 ἀλεῖν
1102 1127 1145 1153 δεῖ
1158 1127 1219 1153 καθ’
1235 1127 1354 1161 ἐκάστην
1365 1125 1482 1161 ἡμέραν.
1499 1126 1547 1152 Ἂν
1562 1123 1609 1152 οὖν
1622 1134 1664 1157 τις
1678 1125 1797 1163 ἐπιϐάλῃ

1008 1172 1132 1204 πλείονα,
1146 1171 1337 1207 ἀκατέργαστα
1357 1170 1432 1207 [377]
1447 1171 1580 1206 γενόμενα
1601 1172 1642 1206 τῷ
1655 1172 1737 1198 παντὶ
1750 1171 1797 1197 λυ-

1010 1218 1147 1253 μαίνεται.
1175 1216 1314 1244 Ἐντεῦθεν
1341 1217 1414 1243 νόσοι
1430 1217 1478 1243 καὶ
1496 1215 1636 1243 ἀσθένειαι
1652 1217 1698 1243 καὶ
1711 1217 1797 1252 ἀμορ‹

1008 1260 1085 1294 φίαι·
1098 1260 1145 1286 καὶ
1160 1260 1214 1294 γὰρ
1227 1259 1277 1286 οὐκ
1285 1259 1410 1285 ὲπίνοσον
1425 1258 1515 1294 μόνον,
1531 1258 1600 1285 ἀλλά
1615 1259 1662 1286 καὶ
1678 1260 1798 1294 αἰσχρὰν

1008 1306 1083 1331 ποιεῖ
1107 1306 1125 1340 ὴ
1150 1305 1240 1340 τρυφὴ
1261 1304 1311 1339 τὴν
1332 1304 1430 1339 καλήν.
1458 1304 1543 1330 ὀταν
1567 1304 1622 1339 γὰρ
1650 1303 1798 1340 ἐρεύγηται

1010 1350 1130 1385 συνεχῶς
1145 1349 1226 1385 ἀηδῆ,
1244 1349 1292 1376 καὶ
1308 1349 1458 1384 σεσηπότος
1474 1349 1548 1376 οἴνου
1559 1350 1637 1385 πνέῃ,
1653 1352 1701 1377 καὶ
1716 1350 1798 1376 πλέον

1007 1393 1056 1420 τοῦ
1067 1394 1172 1425 δέοντος
1187 1394 1373 1429 ἐρυθαίνηται,
1388 1394 1489 1421 καὶτὸν
1503 1395 1676 1430 προσήκοντα
1687 1396 1798 1429 γυναικὶ

1010 1439 1114 1476 ῥυθμὸν
1127 1439 1281 1476 διαφθείρῃ,
1301 1440 1349 1466 καὶ
1370 1439 1419 1475 τὴν
1440 1439 1590 1475 εὐκοσμίαν
1611 1441 1732 1477 ἀπολέσῃ
1745 1442 1798 1468 πά-

1009 1493 1070 1517 σαν,
1094 1485 1142 1511 καὶ
1163 1484 1288 1520 πλαδαρά
1306 1484 1356 1519 μὲν
1376 1485 1392 1520 ή
1408 1485 1477 1520 σὰρξ
1498 1486 1617 1521 γίνηται,
1634 1486 1748 1522 ὕφαιμοι
1768 1487 1798 1514 δὲ

1009 1530 1057 1557 καὶ
1074 1530 1268 1565 διατεταμέναι
1291 1531 1319 1557 αἱ
1340 1530 1509 1566 βλεφαρίδες,
1534 1531 1581 1558 καὶ
1605 1533 1692 1568 πάχος
1716 1532 1800 1560 πλέον

1009 1575 1056 1603 τοῦ
1086 1575 1204 1607 δέοντος,
1233 1575 1281 1602 καὶ
1310 1575 1479 1610 πολυσαρκία
1507 1578 1639 1612 περιττή·
1670 1577 1798 1613 ἐννόησον

1010 1621 1080 1656 πόση
1099 1613 1203 1655 γίνεται
1223 1620 1348 1648 ἐντεῦθεν
1370 1621 1461 1656 ἀηδία.
1491 1621 1562 1655 Ἐγὼ
1577 1622 1605 1648 δὲ
1629 1622 1676 1648 καὶ
1698 1622 1799 1657 ιατρῶν

1009 1667 1114 1702 ἥκουσα
1126 1667 1270 1701 λεγόντων,
1284 1667 1326 1694 ὅτι
1340 1667 1454 1698 πολλοὺς
1465 1667 1512 1694 καὶ
1524 1667 1592 1702 πρὸς
1604 1667 1669 1702 ὕψος
1682 1667 1799 1702 ἀναδρα-

1011 1713 1072 1748 μεῖν
1087 1713 1104 1748 ὴ
1117 1711 1210 1748 τρυφὴ
1230 1711 1349 1747 μάλιστα
1362 1711 1492 1738 ἐκώλυσε.
1510 1711 1564 1738 Τοῦ
1578 1712 1632 1746 γὰρ
1644 1711 1799 1746 πνεύματος

1010 1757 1211 1792 ἐγκοπτομένου
1234 1756 1273 1791 τῷ
1296 1756 1394 1791 πλήθει
1413 1756 1467 1783 τῶν
1490 1756 1732 1792 κατασαλλομένων
1751 1757 1798 1783 καὶ

1009 1803 1074 1838 περὶ
1091 1802 1140 1838 τὴν
1161 1802 1264 1830 τούτων
1282 1802 1414 1838 ἐργασίαν
1439 1802 1652 1837 ἀσχολουμένου,
1673 1804 1742 1838 ὅπερ
1757 1804 1798 1835 είς

1010 1847 1124 1882 αὔξησιν
1147 1847 1202 1874 ἔδει
1225 1848 1388 1883 προχωρεῖν.
1413 1847 1492 1874 τοῦτο
1509 1847 1661 1875 δαπανᾶται
1686 1849 1726 1880 εἰς
1748 1848 1798 1883 τὴν

1009 1892 1065 1919 τῶν
1089 1892 1224 1927 περιττῶν
1248 1893 1388 1928 ἐργασίαν.
1405 1892 1438 1919 Τί
1453 1893 1486 1920 ἄν
1497 1901 1539 1925 τις
1558 1893 1629 1920 εἴποι
1643 1893 1692 1925 τὰς
1701 1894 1798 1920 ποδαλ-

1010 1937 1084 1972 γίας,
1102 1938 1133 1965 16
1149 1938 1238 1974 ῥεῦμα
1255 1939 1286 1965 16
1298 1938 1436 1974 πανταχοῦ
1451 1939 1635 1974 πλανώμενον,
1649 1939 1698 1968 τὰς
1715 1939 1798 1972 ἄλλας

1010 1984 1105 2016 νόσους
1123 1984 1171 2016 τὰς
1189 1983 1324 2016 ἐντεῦθεν,
1348 1985 1396 2020 τὴν
1419 1984 1562 2020 βδελυρίαν
1575 1986 1699 2019 ἆπασανς
1715 1986 1798 2012 Ούδέν

1010 2029 1065 2065 γὰρ
1087 2029 1174 2062 οὕτως
1200 2030 1294 2066 ἀηδὲς,
1314 2030 1353 2062 ὡς
1375 2030 1444 2066 γυνὴ
1468 2030 1553 2058 πολλὰ
1569 2031 1724 2066 σιτουμένη.
1749 2031 1798 2058 Διά

1010 2075 1090 2102 τοῦτο
1111 2076 1140 2102 ἐν
1163 2077 1222 2107 ταῖς
1249 2076 1411 2111 πενομέναις
1434 2076 1544 2103 πλείονα
1567 2077 1616 2112 τὴν
1644 2077 1797 2112 εὐμορφίαν

1012 2121 1061 2147 ι’δοι
1080 2129 1122 2153 τις
1145 2121 1189 2154 ἂν,
1206 2121 1261 2149 τῶν
1284 2121 1498 2156 περιττωμάτων
1514 2121 1732 2157 ἀναλισκομένων
1750 2123 1798 2149 καὶ

1010 2166 1072 2201 οὐχὶ
1086 2166 1359 2201 προσπεπλασμένων
1369 2167 1476 2198 αὑταῖς,
1492 2167 1577 2202 πηλοῦ
1587 2176 1659 2200 τινος
1670 2168 1797 2203 περιττοῦ

1011 2211 1099 2246 δίκην,
1110 2212 1172 2247 εικῆ
1185 2212 1232 2238 καὶ
1249 2212 1348 2247 μάτην.
1365 2211 1397 2238 Ἠ
1411 2212 1465 2248 γὰρ
1477 2212 1648 2248 καθημερινῇ
1660 2214 1798 2248 γυμνασία

1011 2256 1059 2282 καὶ
1081 2257 1107 2283 οἱ
1129 2257 1204 2284 πόνοι
1218 2258 1265 2284 καὶ
1286 2258 1314 2284 αῑ
1336 2257 1521 2292 ταλαιπωρίαι
1542 2258 1590 2284 καὶ
1607 2259 1624 2293 ἡ
1642 2258 1799 2294 σύμμετρος

1011 2301 1135 2338 τράπεζα
1155 2303 1200 2329 καὶ
1221 2304 1238 2338 ἠ
1257 2303 1317 2338 λιτὴ
1335 2303 1425 2330 δίαιτα
1447 2303 1547 2339 πολλὴν
1564 2304 1613 2339 μὲν
1634 2304 1729 2335 αὐταῖς
1748 2305 1798 2340 τὴν

1012 2347 1129 2380 εὐεξίαν,
1142 2348 1242 2384 πολλὴν
1255 2348 1283 2375 δέ
1303 2348 1430 2376 ἐντεῦθεν
1443 2349 1490 2376 καὶ
1505 2350 1556 2384 τὴν
1572 2349 1647 2384 ὥραν
1663 2350 1798 2385 παρέχου-

1013 2402 1066 2420 σιν.
1079 2394 1111 2421 Εί
1128 2394 1156 2420 δὲ
1171 2393 1220 2429 τὴν
1236 2393 1332 2429 ἡδονὴν
1346 2394 1396 2428 τῆς
1409 2394 1516 2430 τρυφῆς
1529 2394 1632 2429 λέγοις,
1653 2394 1734 2431 μέχρι
1749 2397 1798 2430 τῆς

1012 2439 1152 2475 φάρυγγος
1171 2439 1256 2474 αὐτὴν
1272 2439 1400 2474 εὑρήσεις
1418 2439 1508 2474 μόνον.
1531 2439 1615 2475 Ὁμοῦ
1629 2449 1658 2467 τε
1680 2449 1735 2476 γαρ
1748 2441 1798 2476 τὴν

1011 2485 1136 2520 γλῶτταν
1151 2485 1273 2520 παρῆλθε
1285 2485 1332 2511 καὶ
1343 2485 1466 2520 ἀπέπτη,
1481 2485 1582 2517 πολλὰς
1594 2486 1734 2520 ἐναφιεῖσα
1750 2486 1799 2517 τὰς

1012 2530 1118 2565 ἀηδίας.
1136 2530 1182 2566 Μὴ
1197 2530 1251 2565 γάρ
1264 2538 1310 2566 μοι
1330 2530 1545 2563 κατακειμένους
1560 2531 1641 2566 μόνον
1655 2532 1718 2563 τοὺς
1731 2539 1798 2566 τρυ-

1013 2577 1122 2612 φῶντας
1141 2577 1208 2613 ῑδῃς,
1219 2576 1275 2603 ἀλλ’
1288 2576 1354 2602 ὅταν
1365 2576 1463 2608 αὐτοὺς
1476 2576 1643 2608 ἀναστάντας
1657 2577 1724 2612 ἴδῃς,
1738 2577 1797 2603 τότε

1013 2622 1266 2659 παρακολούθησον,
1284 2623 1330 2648 καὶ
1347 2621 1408 2656 ὕψει
1423 2621 1526 2657 θηρίων
1553 2622 1654 2656 μᾶλλον
1678 2622 1724 2648 καὶ
1737 2622 1800 2648 ἀλό-

1013 2678 1081 2704 γων,
1112 2669 1129 2703 ἣ
1160 2669 1312 2704 ἀνθρώπων
1339 2667 1464 2703 σώματα.
1495 2667 1576 2702 Ὀψει
1600 2668 1655 2703 γὰρ
1679 2668 1800 2704 καρηὸα-

1015 2715 1140 2751 ροῦντας,
1154 2713 1382 2748 διατεινομένους,
1399 2711 1617 2747 συνδεδεμένους,
1635 2712 1728 2747 κλίνης
1742 2712 1800 2738 δεο-

1016 2760 1112 2795 μένους
1128 2759 1173 2785 xu!
1190 2758 1334 2792 στρωμνῆς
1356 2756 1404 2784 καὶ
1417 2756 1532 2792 ἡσυχίας
1545 2756 1656 2791 πολλῆς,
1671 2756 1718 2783 καὶ
1734 2755 1799 2782 καθ-

1016 2808 1088 2843 άπερ
1111 2807 1140 2833 ἐν
1163 2805 1302 2840 κλυδωνίῳ
1332 2803 1421 2838 πολλῷ
1438 2803 1666 2839 ταραττομένους,
1682 2802 1797 2831 καὶτῶν
