  <div class='ocr_page' id='page_1' title='image "/cluster/home/n/w/nwhite01/storage/ocr_20150623/61/njp.32101077772679/354.png"; bbox 0 0 2021 3117; ppageno 0'>
   <div class='ocr_carea' id='block_1_1' title="bbox 197 180 252 210">
    <p class='ocr_par' dir='ltr' id='par_1_1' title="bbox 197 180 252 210">
     <span class='ocr_line' id='line_1_1' title="bbox 197 180 252 210; baseline -0.036 0"><span class='ocrx_word' id='word_1_1' title='bbox 197 180 252 210; x_wconf 66' lang='grc'><strong>315</strong></span> 
     </span>
    </p>
   </div>
   <div class='ocr_carea' id='block_1_2' title="bbox 198 228 989 267">
    <p class='ocr_par' dir='ltr' id='par_1_2' title="bbox 198 228 989 267">
     <span class='ocr_line' id='line_1_2' title="bbox 198 228 989 267; baseline -0.013 -2"><span class='ocrx_word' id='word_1_2' title='bbox 198 241 318 265; x_wconf 89' lang='lat' dir='ltr'><strong>mentum</strong></span> <span class='ocrx_word' id='word_1_3' title='bbox 333 235 404 264; x_wconf 88' lang='lat' dir='ltr'><strong>tittea</strong></span> <span class='ocrx_word' id='word_1_4' title='bbox 418 241 444 264; x_wconf 88' lang='lat' dir='ltr'><strong>et</strong></span> <span class='ocrx_word' id='word_1_5' title='bbox 457 234 556 263; x_wconf 79' lang='lat' dir='ltr'><strong>vermis</strong></span> <span class='ocrx_word' id='word_1_6' title='bbox 568 253 576 267; x_wconf 90' lang='lat'><strong>,</strong></span> <span class='ocrx_word' id='word_1_7' title='bbox 600 233 635 261; x_wconf 90' lang='lat' dir='ltr'><strong>ita</strong></span> <span class='ocrx_word' id='word_1_8' title='bbox 650 232 761 260; x_wconf 87' lang='lat' dir='ltr'><strong>istorum</strong></span> <span class='ocrx_word' id='word_1_9' title='bbox 782 231 886 258; x_wconf 88' lang='lat' dir='ltr'><strong>animas</strong></span> <span class='ocrx_word' id='word_1_10' title='bbox 900 228 989 256; x_wconf 80' lang='lat' dir='ltr'><strong>exedit</strong></span> 
     </span>
    </p>
   </div>
   <div class='ocr_carea' id='block_1_3' title="bbox 197 278 987 311">
    <p class='ocr_par' dir='ltr' id='par_1_3' title="bbox 197 278 987 311">
     <span class='ocr_line' id='line_1_3' title="bbox 197 278 987 311; baseline -0.013 0"><span class='ocrx_word' id='word_1_11' title='bbox 197 282 343 311; x_wconf 87' lang='lat' dir='ltr'><strong>crudelitas</strong></span> <span class='ocrx_word' id='word_1_12' title='bbox 357 286 386 310; x_wconf 90' lang='lat' dir='ltr'><strong>et</strong></span> <span class='ocrx_word' id='word_1_13' title='bbox 401 281 590 309; x_wconf 77' lang='lat' dir='ltr'><strong>inhumanitas.</strong></span> <span class='ocrx_word' id='word_1_14' title='bbox 612 279 712 306; x_wconf 84' lang='lat' dir='ltr'><strong>[lorum</strong></span> <span class='ocrx_word' id='word_1_15' title='bbox 728 281 816 305; x_wconf 85' lang='lat' dir='ltr'><strong>autem</strong></span> <span class='ocrx_word' id='word_1_16' title='bbox 831 283 911 303; x_wconf 84' lang='lat' dir='ltr'><strong>causa</strong></span> <span class='ocrx_word' id='word_1_17' title='bbox 926 278 967 302; x_wconf 85' lang='lat' dir='ltr'><strong>est</strong></span> <span class='ocrx_word' id='word_1_18' title='bbox 979 294 987 306; x_wconf 91' lang='lat'><strong>,</strong></span> 
     </span>
    </p>
   </div>
   <div class='ocr_carea' id='block_1_4' title="bbox 197 322 989 362">
    <p class='ocr_par' dir='ltr' id='par_1_4' title="bbox 197 322 989 362">
     <span class='ocr_line' id='line_1_4' title="bbox 197 322 989 362; baseline -0.011 -6"><span class='ocrx_word' id='word_1_19' title='bbox 197 327 269 362; x_wconf 84' lang='lat' dir='ltr'><strong>quod</strong></span> <span class='ocrx_word' id='word_1_20' title='bbox 283 327 338 355; x_wconf 90' lang='lat' dir='ltr'><strong>sint</strong></span> <span class='ocrx_word' id='word_1_21' title='bbox 350 327 424 354; x_wconf 80' lang='lat' dir='ltr'><strong>affixi</strong></span> <span class='ocrx_word' id='word_1_22' title='bbox 438 325 628 361; x_wconf 67' lang='lat' dir='ltr'><strong>prtesentibus.</strong></span> <span class='ocrx_word' id='word_1_23' title='bbox 639 329 666 351; x_wconf 90' lang='lat' dir='ltr'><strong>et</strong></span> <span class='ocrx_word' id='word_1_24' title='bbox 679 323 712 351; x_wconf 83' lang='lat' dir='ltr'><strong>ad</strong></span> <span class='ocrx_word' id='word_1_25' title='bbox 725 323 806 350; x_wconf 87' lang='lat' dir='ltr'><strong>vitam</strong></span> <span class='ocrx_word' id='word_1_26' title='bbox 820 322 906 349; x_wconf 85' lang='lat' dir='ltr'><strong>solum</strong></span> <span class='ocrx_word' id='word_1_27' title='bbox 921 328 989 356; x_wconf 77' lang='lat' dir='ltr'><strong>prae-</strong></span> 
     </span>
    </p>
   </div>
   <div class='ocr_carea' id='block_1_5' title="bbox 197 366 989 404">
    <p class='ocr_par' dir='ltr' id='par_1_5' title="bbox 197 366 989 404">
     <span class='ocr_line' id='line_1_5' title="bbox 197 366 989 404; baseline -0.01 -3"><span class='ocrx_word' id='word_1_28' title='bbox 197 378 303 401; x_wconf 89' lang='lat' dir='ltr'><strong>sentem</strong></span> <span class='ocrx_word' id='word_1_29' title='bbox 320 372 423 400; x_wconf 81' lang='lat' dir='ltr'><strong>inhient</strong></span> <span class='ocrx_word' id='word_1_30' title='bbox 435 382 442 399; x_wconf 92' lang='lat'>:</span> <span class='ocrx_word' id='word_1_31' title='bbox 454 371 526 399; x_wconf 89' lang='lat' dir='ltr'><strong>unde</strong></span> <span class='ocrx_word' id='word_1_32' title='bbox 545 371 626 399; x_wconf 86' lang='lat' dir='ltr'><strong>etiam</strong></span> <span class='ocrx_word' id='word_1_33' title='bbox 648 369 676 396; x_wconf 87' lang='lat' dir='ltr'><strong>ﬁt</strong></span> <span class='ocrx_word' id='word_1_34' title='bbox 691 373 721 397; x_wconf 94' lang='lat' dir='ltr'><strong>ut</strong></span> <span class='ocrx_word' id='word_1_35' title='bbox 734 368 835 404; x_wconf 84' lang='lat' dir='ltr'><strong>ingenti</strong></span> <span class='ocrx_word' id='word_1_36' title='bbox 849 367 920 402; x_wconf 83' lang='lat' dir='ltr'><strong>pleni</strong></span> <span class='ocrx_word' id='word_1_37' title='bbox 934 366 989 394; x_wconf 90' lang='lat' dir='ltr'><strong>sint</strong></span> 
     </span>
    </p>
   </div>
   <div class='ocr_carea' id='block_1_6' title="bbox 196 414 991 453">
    <p class='ocr_par' dir='ltr' id='par_1_6' title="bbox 196 414 991 453">
     <span class='ocr_line' id='line_1_6' title="bbox 196 414 991 453; baseline -0.008 -7"><span class='ocrx_word' id='word_1_38' title='bbox 196 419 281 446; x_wconf 84' lang='lat' dir='ltr'><strong>animi</strong></span> <span class='ocrx_word' id='word_1_39' title='bbox 294 418 462 453; x_wconf 68' lang='lat' dir='ltr'><strong>aegritudine.</strong></span> <span class='ocrx_word' id='word_1_40' title='bbox 478 417 544 445; x_wconf 87' lang='lat' dir='ltr'><strong>Nam</strong></span> <span class='ocrx_word' id='word_1_41' title='bbox 561 417 665 445; x_wconf 87' lang='lat' dir='ltr'><strong>etiamsi</strong></span> <span class='ocrx_word' id='word_1_42' title='bbox 679 416 784 451; x_wconf 87' lang='lat' dir='ltr'><strong>quidvis</strong></span> <span class='ocrx_word' id='word_1_43' title='bbox 803 414 949 450; x_wconf 85' lang='lat' dir='ltr'><strong>jucundum</strong></span> <span class='ocrx_word' id='word_1_44' title='bbox 962 418 991 441; x_wconf 88' lang='lat' dir='ltr'><strong>et</strong></span> 
     </span>
    </p>
   </div>
   <div class='ocr_carea' id='block_1_7' title="bbox 196 461 988 496">
    <p class='ocr_par' dir='ltr' id='par_1_7' title="bbox 196 461 988 496">
     <span class='ocr_line' id='line_1_7' title="bbox 196 461 988 496; baseline -0.008 -4"><span class='ocrx_word' id='word_1_45' title='bbox 196 472 279 492; x_wconf 85' lang='lat' dir='ltr'><strong>suave</strong></span> <span class='ocrx_word' id='word_1_46' title='bbox 292 464 392 492; x_wconf 80' lang='lat' dir='ltr'><strong>dixeris</strong></span> <span class='ocrx_word' id='word_1_47' title='bbox 403 485 410 496; x_wconf 93' lang='lat'><strong>,</strong></span> <span class='ocrx_word' id='word_1_48' title='bbox 425 464 458 491; x_wconf 87' lang='lat' dir='ltr'><strong>ad</strong></span> <span class='ocrx_word' id='word_1_49' title='bbox 472 463 561 490; x_wconf 82' lang='lat' dir='ltr'><strong>omnia</strong></span> <span class='ocrx_word' id='word_1_50' title='bbox 574 462 688 490; x_wconf 91' lang='lat' dir='ltr'><strong>delenda</strong></span> <span class='ocrx_word' id='word_1_51' title='bbox 701 461 800 489; x_wconf 89' lang='lat' dir='ltr'><strong>sufﬁcit</strong></span> <span class='ocrx_word' id='word_1_52' title='bbox 814 465 901 488; x_wconf 89' lang='lat' dir='ltr'><strong>metus</strong></span> <span class='ocrx_word' id='word_1_53' title='bbox 914 468 988 487; x_wconf 84' lang='lat' dir='ltr'><strong>mor-</strong></span> 
     </span>
    </p>
   </div>
   <div class='ocr_carea' id='block_1_8' title="bbox 198 505 988 545">
    <p class='ocr_par' dir='ltr' id='par_1_8' title="bbox 198 505 988 545">
     <span class='ocr_line' id='line_1_8' title="bbox 198 505 988 545; baseline -0.006 -8"><span class='ocrx_word' id='word_1_54' title='bbox 198 510 232 537; x_wconf 87' lang='lat' dir='ltr'><strong>tis</strong></span> <span class='ocrx_word' id='word_1_55' title='bbox 247 519 255 537; x_wconf 88' lang='lat'><strong>:</strong></span> <span class='ocrx_word' id='word_1_56' title='bbox 269 510 315 545; x_wconf 92' lang='lat' dir='ltr'><strong>qui</strong></span> <span class='ocrx_word' id='word_1_57' title='bbox 334 515 425 538; x_wconf 79' lang='lat' dir='ltr'><strong>autent</strong></span> <span class='ocrx_word' id='word_1_58' title='bbox 446 513 489 537; x_wconf 89' lang='lat' dir='ltr'><strong>est</strong></span> <span class='ocrx_word' id='word_1_59' title='bbox 510 508 677 544; x_wconf 77' lang='lat' dir='ltr'><strong>huiusmodi,</strong></span> <span class='ocrx_word' id='word_1_60' title='bbox 698 512 739 535; x_wconf 90' lang='lat' dir='ltr'><strong>est</strong></span> <span class='ocrx_word' id='word_1_61' title='bbox 760 511 882 535; x_wconf 81' lang='lat' dir='ltr'><strong>mortuus</strong></span> <span class='ocrx_word' id='word_1_62' title='bbox 901 505 988 533; x_wconf 89' lang='lat' dir='ltr'><strong>adhuc</strong></span> 
     </span>
    </p>
   </div>
   <div class='ocr_carea' id='block_1_9' title="bbox 197 552 986 591">
    <p class='ocr_par' dir='ltr' id='par_1_9' title="bbox 197 552 986 591">
     <span class='ocr_line' id='line_1_9' title="bbox 197 552 986 591; baseline -0.004 -8"><span class='ocrx_word' id='word_1_63' title='bbox 197 557 299 583; x_wconf 78' lang='lat' dir='ltr'><strong>vivens.</strong></span> <span class='ocrx_word' id='word_1_64' title='bbox 315 556 348 583; x_wconf 85' lang='lat' dir='ltr'><strong>Et</strong></span> <span class='ocrx_word' id='word_1_65' title='bbox 366 555 437 591; x_wconf 91' lang='lat' dir='ltr'><strong>quod</strong></span> <span class='ocrx_word' id='word_1_66' title='bbox 462 555 615 582; x_wconf 85' lang='lat' dir='ltr'><strong>inﬁdelibus</strong></span> <span class='ocrx_word' id='word_1_67' title='bbox 638 554 746 590; x_wconf 86' lang='lat' dir='ltr'><strong>quidem</strong></span> <span class='ocrx_word' id='word_1_68' title='bbox 769 554 826 581; x_wconf 66' lang='lat' dir='ltr'><strong>haec</strong></span> <span class='ocrx_word' id='word_1_69' title='bbox 844 552 986 585; x_wconf 89' lang='lat' dir='ltr'><strong>accidant,</strong></span> 
     </span>
    </p>
   </div>
   <div class='ocr_carea' id='block_1_10' title="bbox 196 599 987 635">
    <p class='ocr_par' dir='ltr' id='par_1_10' title="bbox 196 599 987 635">
     <span class='ocr_line' id='line_1_10' title="bbox 196 599 987 635; baseline -0.004 -7"><span class='ocrx_word' id='word_1_70' title='bbox 196 609 250 628; x_wconf 84' lang='lat' dir='ltr'><strong>non</strong></span> <span class='ocrx_word' id='word_1_71' title='bbox 272 606 314 629; x_wconf 89' lang='lat' dir='ltr'><strong>est</strong></span> <span class='ocrx_word' id='word_1_72' title='bbox 332 601 451 629; x_wconf 87' lang='lat' dir='ltr'><strong>mirum:</strong></span> <span class='ocrx_word' id='word_1_73' title='bbox 465 601 572 635; x_wconf 85' lang='lat' dir='ltr'><strong>quando</strong></span> <span class='ocrx_word' id='word_1_74' title='bbox 594 604 683 627; x_wconf 91' lang='lat' dir='ltr'><strong>autem</strong></span> <span class='ocrx_word' id='word_1_75' title='bbox 704 600 732 631; x_wconf 93' lang='lat' dir='ltr'><strong>ii,</strong></span> <span class='ocrx_word' id='word_1_76' title='bbox 753 599 799 634; x_wconf 88' lang='lat' dir='ltr'><strong>qui</strong></span> <span class='ocrx_word' id='word_1_77' title='bbox 821 604 860 626; x_wconf 91' lang='lat' dir='ltr'><strong>tot</strong></span> <span class='ocrx_word' id='word_1_78' title='bbox 874 603 900 626; x_wconf 91' lang='lat' dir='ltr'><strong>et</strong></span> <span class='ocrx_word' id='word_1_79' title='bbox 914 602 987 625; x_wconf 85' lang='lat' dir='ltr'><strong>tanta</strong></span> 
     </span>
    </p>
   </div>
   <div class='ocr_carea' id='block_1_11' title="bbox 197 645 988 683">
    <p class='ocr_par' dir='ltr' id='par_1_11' title="bbox 197 645 988 683">
     <span class='ocr_line' id='line_1_11' title="bbox 197 645 988 683; baseline -0.005 -8"><span class='ocrx_word' id='word_1_80' title='bbox 197 652 376 682; x_wconf 82' lang='lat' dir='ltr'><strong>perceperunt</strong></span> <span class='ocrx_word' id='word_1_81' title='bbox 396 647 522 683; x_wconf 89' lang='lat' dir='ltr'><strong>mysteria</strong></span> <span class='ocrx_word' id='word_1_82' title='bbox 545 651 573 674; x_wconf 88' lang='lat' dir='ltr'><strong>et</strong></span> <span class='ocrx_word' id='word_1_83' title='bbox 596 646 631 674; x_wconf 88' lang='lat' dir='ltr'><strong>de</strong></span> <span class='ocrx_word' id='word_1_84' title='bbox 651 646 747 673; x_wconf 87' lang='lat' dir='ltr'><strong>futuris</strong></span> <span class='ocrx_word' id='word_1_85' title='bbox 761 651 814 672; x_wconf 76' lang='lat' dir='ltr'><strong>tam</strong></span> <span class='ocrx_word' id='word_1_86' title='bbox 828 645 911 672; x_wconf 84' lang='lat' dir='ltr'><strong>multa</strong></span> <span class='ocrx_word' id='word_1_87' title='bbox 925 649 988 672; x_wconf 90' lang='lat' dir='ltr'><strong>sunt</strong></span> 
     </span>
    </p>
   </div>
   <div class='ocr_carea' id='block_1_12' title="bbox 196 691 988 729">
    <p class='ocr_par' dir='ltr' id='par_1_12' title="bbox 196 691 988 729">
     <span class='ocr_line' id='line_1_12' title="bbox 196 691 988 729; baseline -0.004 -9"><span class='ocrx_word' id='word_1_88' title='bbox 196 693 390 729; x_wconf 79' lang='lat' dir='ltr'><strong>philosophati,</strong></span> <span class='ocrx_word' id='word_1_89' title='bbox 405 693 486 721; x_wconf 84' lang='lat' dir='ltr'><strong>rebus</strong></span> <span class='ocrx_word' id='word_1_90' title='bbox 499 693 675 728; x_wconf 71' lang='lat' dir='ltr'><strong>prtcsentihus</strong></span> <span class='ocrx_word' id='word_1_91' title='bbox 686 691 785 719; x_wconf 82' lang='lat' dir='ltr'><strong>addicti</strong></span> <span class='ocrx_word' id='word_1_92' title='bbox 800 691 826 718; x_wconf 94' lang='lat' dir='ltr'><strong>in</strong></span> <span class='ocrx_word' id='word_1_93' title='bbox 839 691 879 719; x_wconf 91' lang='lat' dir='ltr'><strong>eis</strong></span> <span class='ocrx_word' id='word_1_94' title='bbox 890 691 988 718; x_wconf 89' lang='lat' dir='ltr'><strong>luben-</strong></span> 
     </span>
    </p>
   </div>
   <div class='ocr_carea' id='block_1_13' title="bbox 196 736 987 773">
    <p class='ocr_par' dir='ltr' id='par_1_13' title="bbox 196 736 987 773">
     <span class='ocr_line' id='line_1_13' title="bbox 196 736 987 773; baseline -0.004 -7"><span class='ocrx_word' id='word_1_95' title='bbox 196 743 238 766; x_wconf 85' lang='lat' dir='ltr'><strong>ter</strong></span> <span class='ocrx_word' id='word_1_96' title='bbox 257 743 417 771; x_wconf 85' lang='lat' dir='ltr'><strong>versentur,</strong></span> <span class='ocrx_word' id='word_1_97' title='bbox 430 746 546 773; x_wconf 89' lang='lat' dir='ltr'><strong>quanam</strong></span> <span class='ocrx_word' id='word_1_98' title='bbox 569 738 667 765; x_wconf 89' lang='lat' dir='ltr'><strong>fuerint</strong></span> <span class='ocrx_word' id='word_1_99' title='bbox 680 737 753 773; x_wconf 81' lang='lat' dir='ltr'><strong>digni</strong></span> <span class='ocrx_word' id='word_1_100' title='bbox 766 737 866 765; x_wconf 76' lang='lat' dir='ltr'><strong>venia?</strong></span> <span class='ocrx_word' id='word_1_101' title='bbox 886 736 936 770; x_wconf 85' lang='lat' dir='ltr'><strong>Qui</strong></span> <span class='ocrx_word' id='word_1_102' title='bbox 957 736 987 764; x_wconf 89' lang='lat' dir='ltr'><strong>ﬁt</strong></span> 
     </span>
    </p>
   </div>
   <div class='ocr_carea' id='block_1_14' title="bbox 195 782 984 819">
    <p class='ocr_par' dir='ltr' id='par_1_14' title="bbox 195 782 984 819">
     <span class='ocr_line' id='line_1_14' title="bbox 195 782 984 819; baseline -0.003 -8"><span class='ocrx_word' id='word_1_103' title='bbox 195 788 297 815; x_wconf 86' lang='lat' dir='ltr'><strong>autem,</strong></span> <span class='ocrx_word' id='word_1_104' title='bbox 313 784 385 819; x_wconf 90' lang='lat' dir='ltr'><strong>quod</strong></span> <span class='ocrx_word' id='word_1_105' title='bbox 399 784 526 812; x_wconf 84' lang='lat' dir='ltr'><strong>lubenter</strong></span> <span class='ocrx_word' id='word_1_106' title='bbox 539 789 680 812; x_wconf 84' lang='lat' dir='ltr'><strong>versentur</strong></span> <span class='ocrx_word' id='word_1_107' title='bbox 695 783 722 811; x_wconf 94' lang='lat' dir='ltr'><strong>in</strong></span> <span class='ocrx_word' id='word_1_108' title='bbox 739 782 932 818; x_wconf 64' lang='lat' dir='ltr'><strong>praesentibus?</strong></span> <span class='ocrx_word' id='word_1_109' title='bbox 946 782 984 810; x_wconf 84' lang='lat' dir='ltr'><strong>Ex</strong></span> 
     </span>
    </p>
   </div>
   <div class='ocr_carea' id='block_1_15' title="bbox 194 828 984 864">
    <p class='ocr_par' dir='ltr' id='par_1_15' title="bbox 194 828 984 864">
     <span class='ocr_line' id='line_1_15' title="bbox 194 828 984 864; baseline -0.003 -7"><span class='ocrx_word' id='word_1_110' title='bbox 194 837 229 857; x_wconf 85' lang='lat' dir='ltr'><strong>eo</strong></span> <span class='ocrx_word' id='word_1_111' title='bbox 240 829 310 864; x_wconf 91' lang='lat' dir='ltr'><strong>quod</strong></span> <span class='ocrx_word' id='word_1_112' title='bbox 322 830 476 858; x_wconf 85' lang='lat' dir='ltr'><strong>incumbant</strong></span> <span class='ocrx_word' id='word_1_113' title='bbox 487 830 600 861; x_wconf 84' lang='lat' dir='ltr'><strong>deliciis,</strong></span> <span class='ocrx_word' id='word_1_114' title='bbox 610 837 716 857; x_wconf 86' lang='lat' dir='ltr'><strong>carnem</strong></span> <span class='ocrx_word' id='word_1_115' title='bbox 728 830 858 864; x_wconf 77' lang='lat' dir='ltr'><strong>saginent,</strong></span> <span class='ocrx_word' id='word_1_116' title='bbox 868 828 984 856; x_wconf 89' lang='lat' dir='ltr'><strong>animam</strong></span> 
     </span>
    </p>
   </div>
   <div class='ocr_carea' id='block_1_16' title="bbox 196 875 985 911">
    <p class='ocr_par' dir='ltr' id='par_1_16' title="bbox 196 875 985 911">
     <span class='ocr_line' id='line_1_16' title="bbox 196 875 985 911; baseline -0.003 -8"><span class='ocrx_word' id='word_1_117' title='bbox 196 876 320 911; x_wconf 87' lang='lat' dir='ltr'><strong>frangant</strong></span> <span class='ocrx_word' id='word_1_118' title='bbox 331 884 363 903; x_wconf 87' lang='lat' dir='ltr'><strong>ac</strong></span> <span class='ocrx_word' id='word_1_119' title='bbox 376 876 509 909; x_wconf 87' lang='lat' dir='ltr'><strong>molliant,</strong></span> <span class='ocrx_word' id='word_1_120' title='bbox 524 880 551 903; x_wconf 90' lang='lat' dir='ltr'><strong>et</strong></span> <span class='ocrx_word' id='word_1_121' title='bbox 562 883 645 911; x_wconf 78' lang='lat' dir='ltr'><strong>grave</strong></span> <span class='ocrx_word' id='word_1_122' title='bbox 656 883 724 903; x_wconf 93' lang='lat' dir='ltr'><strong>onus</strong></span> <span class='ocrx_word' id='word_1_123' title='bbox 738 875 860 907; x_wconf 87' lang='lat' dir='ltr'><strong>reddant,</strong></span> <span class='ocrx_word' id='word_1_124' title='bbox 875 875 985 902; x_wconf 89' lang='lat' dir='ltr'><strong>multas-</strong></span> 
     </span>
    </p>
   </div>
   <div class='ocr_carea' id='block_1_17' title="bbox 195 920 984 956">
    <p class='ocr_par' dir='ltr' id='par_1_17' title="bbox 195 920 984 956">
     <span class='ocr_line' id='line_1_17' title="bbox 195 920 984 956; baseline -0.001 -8"><span class='ocrx_word' id='word_1_125' title='bbox 195 929 247 956; x_wconf 83' lang='lat' dir='ltr'><strong>que</strong></span> <span class='ocrx_word' id='word_1_126' title='bbox 263 922 388 950; x_wconf 76' lang='lat' dir='ltr'><strong>tenebras</strong></span> <span class='ocrx_word' id='word_1_127' title='bbox 400 926 427 949; x_wconf 90' lang='lat' dir='ltr'><strong>et</strong></span> <span class='ocrx_word' id='word_1_128' title='bbox 441 929 563 950; x_wconf 87' lang='lat' dir='ltr'><strong>crassum</strong></span> <span class='ocrx_word' id='word_1_129' title='bbox 585 921 673 949; x_wconf 81' lang='lat' dir='ltr'><strong>velum</strong></span> <span class='ocrx_word' id='word_1_130' title='bbox 693 921 849 949; x_wconf 81' lang='lat' dir='ltr'><strong>obtendant.</strong></span> <span class='ocrx_word' id='word_1_131' title='bbox 869 920 936 948; x_wconf 85' lang='lat' dir='ltr'><strong>Nam</strong></span> <span class='ocrx_word' id='word_1_132' title='bbox 957 920 984 948; x_wconf 90' lang='lat' dir='ltr'><strong>in</strong></span> 
     </span>
    </p>
   </div>
   <div class='ocr_carea' id='block_1_18' title="bbox 194 966 984 1002">
    <p class='ocr_par' dir='ltr' id='par_1_18' title="bbox 194 966 984 1002">
     <span class='ocr_line' id='line_1_18' title="bbox 194 966 984 1002; baseline -0.003 -8"><span class='ocrx_word' id='word_1_133' title='bbox 194 967 300 994; x_wconf 84' lang='lat' dir='ltr'><strong>deliciis</strong></span> <span class='ocrx_word' id='word_1_134' title='bbox 314 967 422 1002; x_wconf 89' lang='lat' dir='ltr'><strong>quidem</strong></span> <span class='ocrx_word' id='word_1_135' title='bbox 437 967 474 1000; x_wconf 90' lang='lat' dir='ltr'><strong>id,</strong></span> <span class='ocrx_word' id='word_1_136' title='bbox 488 967 558 1002; x_wconf 90' lang='lat' dir='ltr'><strong>quod</strong></span> <span class='ocrx_word' id='word_1_137' title='bbox 569 972 611 994; x_wconf 86' lang='lat' dir='ltr'><strong>est</strong></span> <span class='ocrx_word' id='word_1_138' title='bbox 624 967 731 999; x_wconf 87' lang='lat' dir='ltr'><strong>melius,</strong></span> <span class='ocrx_word' id='word_1_139' title='bbox 745 966 874 1001; x_wconf 81' lang='lat' dir='ltr'><strong>redigitur</strong></span> <span class='ocrx_word' id='word_1_140' title='bbox 885 966 911 993; x_wconf 94' lang='lat' dir='ltr'><strong>in</strong></span> <span class='ocrx_word' id='word_1_141' title='bbox 924 973 984 994; x_wconf 93' lang='lat' dir='ltr'><strong>scr-</strong></span> 
     </span>
    </p>
   </div>
   <div class='ocr_carea' id='block_1_19' title="bbox 193 1011 983 1047">
    <p class='ocr_par' dir='ltr' id='par_1_19' title="bbox 193 1011 983 1047">
     <span class='ocr_line' id='line_1_19' title="bbox 193 1011 983 1047; baseline -0.001 -8"><span class='ocrx_word' id='word_1_142' title='bbox 193 1012 305 1039; x_wconf 82' lang='lat' dir='ltr'><strong>vitutcm</strong></span> <span class='ocrx_word' id='word_1_143' title='bbox 317 1020 324 1045; x_wconf 91' lang='lat'><strong>;</strong></span> <span class='ocrx_word' id='word_1_144' title='bbox 339 1012 410 1047; x_wconf 91' lang='lat' dir='ltr'><strong>quod</strong></span> <span class='ocrx_word' id='word_1_145' title='bbox 424 1016 466 1040; x_wconf 88' lang='lat' dir='ltr'><strong>est</strong></span> <span class='ocrx_word' id='word_1_146' title='bbox 479 1017 568 1040; x_wconf 88' lang='lat' dir='ltr'><strong>autem</strong></span> <span class='ocrx_word' id='word_1_147' title='bbox 582 1012 668 1047; x_wconf 87' lang='lat' dir='ltr'><strong>pejus,</strong></span> <span class='ocrx_word' id='word_1_148' title='bbox 680 1012 845 1039; x_wconf 83' lang='lat' dir='ltr'><strong>dominatum</strong></span> <span class='ocrx_word' id='word_1_149' title='bbox 860 1011 983 1038; x_wconf 88' lang='lat' dir='ltr'><strong>obtinet:</strong></span> 
     </span>
    </p>
   </div>
   <div class='ocr_carea' id='block_1_20' title="bbox 193 1057 985 1092">
    <p class='ocr_par' dir='ltr' id='par_1_20' title="bbox 193 1057 985 1092">
     <span class='ocr_line' id='line_1_20' title="bbox 193 1057 985 1092; baseline 0 -8"><span class='ocrx_word' id='word_1_150' title='bbox 193 1060 222 1083; x_wconf 83' lang='lat' dir='ltr'><strong>et</strong></span> <span class='ocrx_word' id='word_1_151' title='bbox 243 1057 307 1084; x_wconf 88' lang='lat' dir='ltr'><strong>illud</strong></span> <span class='ocrx_word' id='word_1_152' title='bbox 326 1057 434 1092; x_wconf 83' lang='lat' dir='ltr'><strong>quidem</strong></span> <span class='ocrx_word' id='word_1_153' title='bbox 450 1057 568 1092; x_wconf 87' lang='lat' dir='ltr'><strong>undique</strong></span> <span class='ocrx_word' id='word_1_154' title='bbox 580 1061 744 1090; x_wconf 69' lang='lat' dir='ltr'><strong>excmcatnr,</strong></span> <span class='ocrx_word' id='word_1_155' title='bbox 760 1064 938 1091; x_wconf 90' lang='lat' dir='ltr'><strong>mancumque</strong></span> <span class='ocrx_word' id='word_1_156' title='bbox 952 1063 985 1084; x_wconf 88' lang='lat' dir='ltr'><strong>ac</strong></span> 
     </span>
    </p>
   </div>
   <div class='ocr_carea' id='block_1_21' title="bbox 193 1102 985 1139">
    <p class='ocr_par' dir='ltr' id='par_1_21' title="bbox 193 1102 985 1139">
     <span class='ocr_line' id='line_1_21' title="bbox 193 1102 985 1139; baseline 0 -10"><span class='ocrx_word' id='word_1_157' title='bbox 193 1103 316 1129; x_wconf 90' lang='lat' dir='ltr'><strong>mutilum</strong></span> <span class='ocrx_word' id='word_1_158' title='bbox 330 1102 458 1135; x_wconf 85' lang='lat' dir='ltr'><strong>trahitur;</strong></span> <span class='ocrx_word' id='word_1_159' title='bbox 469 1103 519 1130; x_wconf 89' lang='lat' dir='ltr'><strong>hoc</strong></span> <span class='ocrx_word' id='word_1_160' title='bbox 533 1107 622 1130; x_wconf 82' lang='lat' dir='ltr'><strong>autent</strong></span> <span class='ocrx_word' id='word_1_161' title='bbox 637 1103 662 1129; x_wconf 94' lang='lat' dir='ltr'><strong>in</strong></span> <span class='ocrx_word' id='word_1_162' title='bbox 677 1110 772 1130; x_wconf 90' lang='lat' dir='ltr'><strong>omnes</strong></span> <span class='ocrx_word' id='word_1_163' title='bbox 784 1107 875 1139; x_wconf 88' lang='lat' dir='ltr'><strong>partes</strong></span> <span class='ocrx_word' id='word_1_164' title='bbox 888 1102 943 1137; x_wconf 82' lang='lat' dir='ltr'><strong>agit</strong></span> <span class='ocrx_word' id='word_1_165' title='bbox 957 1106 985 1129; x_wconf 90' lang='lat' dir='ltr'><strong>et</strong></span> 
     </span>
    </p>
   </div>
   <div class='ocr_carea' id='block_1_22' title="bbox 193 1148 984 1183">
    <p class='ocr_par' dir='ltr' id='par_1_22' title="bbox 193 1148 984 1183">
     <span class='ocr_line' id='line_1_22' title="bbox 193 1148 984 1183; baseline -0.001 -7"><span class='ocrx_word' id='word_1_166' title='bbox 193 1149 361 1183; x_wconf 70' lang='lat' dir='ltr'><strong>circumagit,</strong></span> <span class='ocrx_word' id='word_1_167' title='bbox 371 1156 432 1176; x_wconf 89' lang='lat' dir='ltr'><strong>cum</strong></span> <span class='ocrx_word' id='word_1_168' title='bbox 442 1149 555 1176; x_wconf 89' lang='lat' dir='ltr'><strong>deberet</strong></span> <span class='ocrx_word' id='word_1_169' title='bbox 566 1156 627 1176; x_wconf 89' lang='lat' dir='ltr'><strong>esse</strong></span> <span class='ocrx_word' id='word_1_170' title='bbox 638 1149 664 1176; x_wconf 94' lang='lat' dir='ltr'><strong>in</strong></span> <span class='ocrx_word' id='word_1_171' title='bbox 677 1148 737 1176; x_wconf 91' lang='lat' dir='ltr'><strong>loco</strong></span> <span class='ocrx_word' id='word_1_172' title='bbox 747 1153 775 1176; x_wconf 90' lang='lat' dir='ltr'><strong>et</strong></span> <span class='ocrx_word' id='word_1_173' title='bbox 785 1148 880 1176; x_wconf 88' lang='lat' dir='ltr'><strong>ordine</strong></span> <span class='ocrx_word' id='word_1_174' title='bbox 890 1155 984 1175; x_wconf 88' lang='lat' dir='ltr'><strong>eorum</strong></span> 
     </span>
    </p>
   </div>
   <div class='ocr_carea' id='block_1_23' title="bbox 193 1194 984 1229">
    <p class='ocr_par' dir='ltr' id='par_1_23' title="bbox 193 1194 984 1229">
     <span class='ocr_line' id='line_1_23' title="bbox 193 1194 984 1229; baseline -0.001 -8"><span class='ocrx_word' id='word_1_175' title='bbox 193 1201 255 1229; x_wconf 70' lang='lat' dir='ltr'><strong>qua:</strong></span> <span class='ocrx_word' id='word_1_176' title='bbox 267 1198 390 1229; x_wconf 81' lang='lat' dir='ltr'><strong>aguntur.</strong></span> <span class='ocrx_word' id='word_1_177' title='bbox 401 1194 527 1221; x_wconf 72' lang='lat' dir='ltr'><strong>Estenim</strong></span> <span class='ocrx_word' id='word_1_178' title='bbox 539 1202 663 1229; x_wconf 89' lang='lat' dir='ltr'><strong>magnum</strong></span> <span class='ocrx_word' id='word_1_179' title='bbox 672 1194 768 1221; x_wconf 82' lang='lat' dir='ltr'><strong>animae</strong></span> <span class='ocrx_word' id='word_1_180' title='bbox 778 1194 912 1221; x_wconf 82' lang='lat' dir='ltr'><strong>vinculum</strong></span> <span class='ocrx_word' id='word_1_181' title='bbox 923 1201 984 1220; x_wconf 91' lang='lat' dir='ltr'><strong>cum</strong></span> 
     </span>
    </p>
   </div>
   <div class='ocr_carea' id='block_1_24' title="bbox 193 1240 985 1276">
    <p class='ocr_par' dir='ltr' id='par_1_24' title="bbox 193 1240 985 1276">
     <span class='ocr_line' id='line_1_24' title="bbox 193 1240 985 1276; baseline -0.003 -8"><span class='ocrx_word' id='word_1_182' title='bbox 193 1247 319 1276; x_wconf 85' lang='lat' dir='ltr'><strong>corpore,</strong></span> <span class='ocrx_word' id='word_1_183' title='bbox 332 1240 412 1276; x_wconf 90' lang='lat' dir='ltr'><strong>idque</strong></span> <span class='ocrx_word' id='word_1_184' title='bbox 422 1240 539 1275; x_wconf 84' lang='lat' dir='ltr'><strong>providit</strong></span> <span class='ocrx_word' id='word_1_185' title='bbox 550 1245 578 1268; x_wconf 88' lang='lat' dir='ltr'><strong>et</strong></span> <span class='ocrx_word' id='word_1_186' title='bbox 590 1241 741 1276; x_wconf 85' lang='lat' dir='ltr'><strong>procuravit</strong></span> <span class='ocrx_word' id='word_1_187' title='bbox 752 1240 857 1274; x_wconf 83' lang='lat' dir='ltr'><strong>Opifex,</strong></span> <span class='ocrx_word' id='word_1_188' title='bbox 869 1247 903 1267; x_wconf 92' lang='lat' dir='ltr'><strong>ne</strong></span> <span class='ocrx_word' id='word_1_189' title='bbox 914 1244 985 1267; x_wconf 79' lang='lat' dir='ltr'><strong>tam-</strong></span> 
     </span>
    </p>
   </div>
   <div class='ocr_carea' id='block_1_25' title="bbox 194 1285 862 1321">
    <p class='ocr_par' dir='ltr' id='par_1_25' title="bbox 194 1285 862 1321">
     <span class='ocr_line' id='line_1_25' title="bbox 194 1285 862 1321; baseline -0.001 -8"><span class='ocrx_word' id='word_1_190' title='bbox 194 1294 275 1321; x_wconf 88' lang='lat' dir='ltr'><strong>quam</strong></span> <span class='ocrx_word' id='word_1_191' title='bbox 289 1285 406 1314; x_wconf 81' lang='lat' dir='ltr'><strong>alienum</strong></span> <span class='ocrx_word' id='word_1_192' title='bbox 422 1286 448 1313; x_wconf 91' lang='lat' dir='ltr'><strong>id</strong></span> <span class='ocrx_word' id='word_1_193' title='bbox 462 1287 552 1314; x_wconf 82' lang='lat' dir='ltr'><strong>odisse</strong></span> <span class='ocrx_word' id='word_1_194' title='bbox 563 1286 646 1321; x_wconf 83' lang='lat' dir='ltr'><strong>aliqui</strong></span> <span class='ocrx_word' id='word_1_195' title='bbox 660 1286 862 1320; x_wconf 81' lang='lat' dir='ltr'><strong>persuaderent.</strong></span> 
     </span>
    </p>
   </div>
   <div class='ocr_carea' id='block_1_26' title="bbox 228 1331 986 1367">
    <p class='ocr_par' dir='ltr' id='par_1_26' title="bbox 228 1331 986 1367">
     <span class='ocr_line' id='line_1_26' title="bbox 228 1331 986 1367; baseline 0 -8"><span class='ocrx_word' id='word_1_196' title='bbox 228 1331 255 1359; x_wconf 90' lang='lat'><strong>9.</strong></span> <span class='ocrx_word' id='word_1_197' title='bbox 271 1331 337 1359; x_wconf 86' lang='lat' dir='ltr'><strong>Nam</strong></span> <span class='ocrx_word' id='word_1_198' title='bbox 351 1332 421 1358; x_wconf 83' lang='lat' dir='ltr'><strong>Deus</strong></span> <span class='ocrx_word' id='word_1_199' title='bbox 433 1331 540 1367; x_wconf 86' lang='lat' dir='ltr'><strong>quidem</strong></span> <span class='ocrx_word' id='word_1_200' title='bbox 550 1332 630 1367; x_wconf 83' lang='lat' dir='ltr'><strong>jussit</strong></span> <span class='ocrx_word' id='word_1_201' title='bbox 641 1332 752 1366; x_wconf 76' lang='lat' dir='ltr'><strong>diligere</strong></span> <span class='ocrx_word' id='word_1_202' title='bbox 767 1332 890 1359; x_wconf 91' lang='lat' dir='ltr'><strong>inimicos</strong></span> <span class='ocrx_word' id='word_1_203' title='bbox 904 1339 911 1359; x_wconf 92' lang='lat'>:</span> <span class='ocrx_word' id='word_1_204' title='bbox 928 1331 986 1359; x_wconf 88' lang='lat' dir='ltr'><strong>dia-</strong></span> 
     </span>
    </p>
   </div>
   <div class='ocr_carea' id='block_1_27' title="bbox 193 1377 984 1413">
    <p class='ocr_par' dir='ltr' id='par_1_27' title="bbox 193 1377 984 1413">
     <span class='ocr_line' id='line_1_27' title="bbox 193 1377 984 1413; baseline 0.003 -9"><span class='ocrx_word' id='word_1_205' title='bbox 193 1377 269 1405; x_wconf 79' lang='lat' dir='ltr'><strong>holus</strong></span> <span class='ocrx_word' id='word_1_206' title='bbox 281 1382 368 1405; x_wconf 84' lang='lat' dir='ltr'><strong>autem</strong></span> <span class='ocrx_word' id='word_1_207' title='bbox 383 1382 485 1405; x_wconf 87' lang='lat' dir='ltr'><strong>tantum</strong></span> <span class='ocrx_word' id='word_1_208' title='bbox 499 1378 599 1413; x_wconf 91' lang='lat' dir='ltr'><strong>potuit,</strong></span> <span class='ocrx_word' id='word_1_209' title='bbox 623 1383 653 1405; x_wconf 91' lang='lat' dir='ltr'><strong>ut</strong></span> <span class='ocrx_word' id='word_1_210' title='bbox 672 1378 836 1413; x_wconf 83' lang='lat' dir='ltr'><strong>persuaserit</strong></span> <span class='ocrx_word' id='word_1_211' title='bbox 849 1378 984 1413; x_wconf 82' lang='lat' dir='ltr'><strong>aliquibus</strong></span> 
     </span>
    </p>
   </div>
   <div class='ocr_carea' id='block_1_28' title="bbox 192 1423 985 1459">
    <p class='ocr_par' dir='ltr' id='par_1_28' title="bbox 192 1423 985 1459">
     <span class='ocr_line' id='line_1_28' title="bbox 192 1423 985 1459; baseline 0 -8"><span class='ocrx_word' id='word_1_212' title='bbox 192 1425 272 1451; x_wconf 86' lang='lat' dir='ltr'><strong>etiam</strong></span> <span class='ocrx_word' id='word_1_213' title='bbox 289 1430 366 1450; x_wconf 83' lang='lat' dir='ltr'><strong>suum</strong></span> <span class='ocrx_word' id='word_1_214' title='bbox 379 1430 477 1457; x_wconf 88' lang='lat' dir='ltr'><strong>corpus</strong></span> <span class='ocrx_word' id='word_1_215' title='bbox 492 1423 590 1451; x_wconf 87' lang='lat' dir='ltr'><strong>odisse.</strong></span> <span class='ocrx_word' id='word_1_216' title='bbox 603 1423 669 1451; x_wconf 84' lang='lat' dir='ltr'><strong>Nam</strong></span> <span class='ocrx_word' id='word_1_217' title='bbox 685 1424 793 1459; x_wconf 83' lang='lat' dir='ltr'><strong>quando</strong></span> <span class='ocrx_word' id='word_1_218' title='bbox 805 1424 870 1451; x_wconf 86' lang='lat' dir='ltr'><strong>dicit</strong></span> <span class='ocrx_word' id='word_1_219' title='bbox 882 1424 908 1451; x_wconf 92' lang='lat' dir='ltr'><strong>id</strong></span> <span class='ocrx_word' id='word_1_220' title='bbox 924 1431 985 1451; x_wconf 86' lang='lat' dir='ltr'><strong>esse</strong></span> 
     </span>
    </p>
   </div>
   <div class='ocr_carea' id='block_1_29' title="bbox 192 1468 983 1504">
    <p class='ocr_par' dir='ltr' id='par_1_29' title="bbox 192 1468 983 1504">
     <span class='ocr_line' id='line_1_29' title="bbox 192 1468 983 1504; baseline 0 -8"><span class='ocrx_word' id='word_1_221' title='bbox 192 1468 310 1501; x_wconf 86' lang='lat' dir='ltr'><strong>diaboli,</strong></span> <span class='ocrx_word' id='word_1_222' title='bbox 326 1468 392 1496; x_wconf 86' lang='lat' dir='ltr'><strong>nihil</strong></span> <span class='ocrx_word' id='word_1_223' title='bbox 407 1468 479 1496; x_wconf 83' lang='lat' dir='ltr'><strong>aliud</strong></span> <span class='ocrx_word' id='word_1_224' title='bbox 494 1476 573 1504; x_wconf 92' lang='lat' dir='ltr'><strong>quam</strong></span> <span class='ocrx_word' id='word_1_225' title='bbox 588 1469 639 1496; x_wconf 91' lang='lat' dir='ltr'><strong>hoc</strong></span> <span class='ocrx_word' id='word_1_226' title='bbox 661 1469 756 1504; x_wconf 87' lang='lat' dir='ltr'><strong>probat</strong></span> <span class='ocrx_word' id='word_1_227' title='bbox 769 1477 777 1497; x_wconf 88' lang='lat'><strong>:</strong></span> <span class='ocrx_word' id='word_1_228' title='bbox 793 1469 863 1504; x_wconf 90' lang='lat' dir='ltr'><strong>quod</strong></span> <span class='ocrx_word' id='word_1_229' title='bbox 878 1473 920 1496; x_wconf 85' lang='lat' dir='ltr'><strong>est</strong></span> <span class='ocrx_word' id='word_1_230' title='bbox 933 1477 983 1497; x_wconf 76' lang='lat' dir='ltr'><strong>ex-</strong></span> 
     </span>
    </p>
   </div>
   <div class='ocr_carea' id='block_1_30' title="bbox 193 1513 983 1550">
    <p class='ocr_par' dir='ltr' id='par_1_30' title="bbox 193 1513 983 1550">
     <span class='ocr_line' id='line_1_30' title="bbox 193 1513 983 1550; baseline -0.001 -7"><span class='ocrx_word' id='word_1_231' title='bbox 193 1515 270 1543; x_wconf 85' lang='lat' dir='ltr'><strong>tremi</strong></span> <span class='ocrx_word' id='word_1_232' title='bbox 284 1514 382 1541; x_wconf 87' lang='lat' dir='ltr'><strong>delirii.</strong></span> <span class='ocrx_word' id='word_1_233' title='bbox 397 1513 425 1542; x_wconf 88' lang='lat' dir='ltr'><strong>Si</strong></span> <span class='ocrx_word' id='word_1_234' title='bbox 439 1515 510 1542; x_wconf 90' lang='lat' dir='ltr'><strong>enim</strong></span> <span class='ocrx_word' id='word_1_235' title='bbox 524 1519 565 1542; x_wconf 87' lang='lat' dir='ltr'><strong>est</strong></span> <span class='ocrx_word' id='word_1_236' title='bbox 576 1515 691 1548; x_wconf 84' lang='lat' dir='ltr'><strong>diaboli,</strong></span> <span class='ocrx_word' id='word_1_237' title='bbox 704 1515 764 1549; x_wconf 90' lang='lat' dir='ltr'><strong>quis</strong></span> <span class='ocrx_word' id='word_1_238' title='bbox 778 1519 820 1543; x_wconf 89' lang='lat' dir='ltr'><strong>est</strong></span> <span class='ocrx_word' id='word_1_239' title='bbox 831 1514 983 1550; x_wconf 86' lang='lat' dir='ltr'><strong>hujusmodi</strong></span> 
     </span>
    </p>
   </div>
   <div class='ocr_carea' id='block_1_31' title="bbox 192 1560 985 1595">
    <p class='ocr_par' dir='ltr' id='par_1_31' title="bbox 192 1560 985 1595">
     <span class='ocr_line' id='line_1_31' title="bbox 192 1560 985 1595; baseline 0 -8"><span class='ocrx_word' id='word_1_240' title='bbox 192 1566 340 1588; x_wconf 71' lang='lat' dir='ltr'><strong>consensus</strong></span> <span class='ocrx_word' id='word_1_241' title='bbox 354 1563 382 1587; x_wconf 89' lang='lat' dir='ltr'><strong>et</strong></span> <span class='ocrx_word' id='word_1_242' title='bbox 395 1560 554 1593; x_wconf 85' lang='lat' dir='ltr'><strong>concordia,</strong></span> <span class='ocrx_word' id='word_1_243' title='bbox 569 1565 598 1587; x_wconf 93' lang='lat' dir='ltr'><strong>ut</strong></span> <span class='ocrx_word' id='word_1_244' title='bbox 616 1560 643 1587; x_wconf 91' lang='lat' dir='ltr'><strong>id</strong></span> <span class='ocrx_word' id='word_1_245' title='bbox 658 1560 753 1588; x_wconf 88' lang='lat' dir='ltr'><strong>reddat</strong></span> <span class='ocrx_word' id='word_1_246' title='bbox 767 1560 841 1587; x_wconf 91' lang='lat' dir='ltr'><strong>omni</strong></span> <span class='ocrx_word' id='word_1_247' title='bbox 861 1567 893 1588; x_wconf 90' lang='lat' dir='ltr'><strong>ex</strong></span> <span class='ocrx_word' id='word_1_248' title='bbox 908 1564 985 1595; x_wconf 89' lang='lat' dir='ltr'><strong>parte</strong></span> 
     </span>
    </p>
   </div>
   <div class='ocr_carea' id='block_1_32' title="bbox 192 1606 982 1641">
    <p class='ocr_par' dir='ltr' id='par_1_32' title="bbox 192 1606 982 1641">
     <span class='ocr_line' id='line_1_32' title="bbox 192 1606 982 1641; baseline 0 -8"><span class='ocrx_word' id='word_1_249' title='bbox 192 1610 284 1641; x_wconf 86' lang='lat' dir='ltr'><strong>aptum</strong></span> <span class='ocrx_word' id='word_1_250' title='bbox 305 1606 340 1633; x_wconf 88' lang='lat' dir='ltr'><strong>ad</strong></span> <span class='ocrx_word' id='word_1_251' title='bbox 363 1606 536 1640; x_wconf 80' lang='lat' dir='ltr'><strong>operationes</strong></span> <span class='ocrx_word' id='word_1_252' title='bbox 559 1606 672 1638; x_wconf 68' lang='lat' dir='ltr'><strong>animae,</strong></span> <span class='ocrx_word' id='word_1_253' title='bbox 688 1613 749 1640; x_wconf 67' lang='lat' dir='ltr'><strong>qua:</strong></span> <span class='ocrx_word' id='word_1_254' title='bbox 764 1610 871 1634; x_wconf 88' lang='lat' dir='ltr'><strong>tenetur</strong></span> <span class='ocrx_word' id='word_1_255' title='bbox 891 1606 982 1634; x_wconf 90' lang='lat' dir='ltr'><strong>studio</strong></span> 
     </span>
    </p>
   </div>
   <div class='ocr_carea' id='block_1_33' title="bbox 193 1644 985 1687">
    <p class='ocr_par' dir='ltr' id='par_1_33' title="bbox 193 1644 985 1687">
     <span class='ocr_line' id='line_1_33' title="bbox 193 1644 985 1687; baseline 0.001 -8"><span class='ocrx_word' id='word_1_256' title='bbox 193 1652 389 1687; x_wconf 65' lang='lat' dir='ltr'><strong>philosophiae?</strong></span> <span class='ocrx_word' id='word_1_257' title='bbox 408 1653 444 1680; x_wconf 87' lang='lat' dir='ltr'><strong>At</strong></span> <span class='ocrx_word' id='word_1_258' title='bbox 466 1652 489 1679; x_wconf 89' lang='lat' dir='ltr'><strong>si</strong></span> <span class='ocrx_word' id='word_1_259' title='bbox 512 1655 569 1684; x_wconf 89' lang='lat' dir='ltr'><strong>est,</strong></span> <span class='ocrx_word' id='word_1_260' title='bbox 595 1644 827 1687; x_wconf 38' lang='lat' dir='ltr'><strong>inquit,&#39;aptum,</strong></span> <span class='ocrx_word' id='word_1_261' title='bbox 849 1652 985 1687; x_wconf 90' lang='lat' dir='ltr'><strong>quomodo</strong></span> 
     </span>
    </p>
   </div>
   <div class='ocr_carea' id='block_1_34' title="bbox 192 1697 983 1732">
    <p class='ocr_par' dir='ltr' id='par_1_34' title="bbox 192 1697 983 1732">
     <span class='ocr_line' id='line_1_34' title="bbox 192 1697 983 1732; baseline 0.001 -8"><span class='ocrx_word' id='word_1_262' title='bbox 192 1697 266 1725; x_wconf 86' lang='lat' dir='ltr'><strong>illam</strong></span> <span class='ocrx_word' id='word_1_263' title='bbox 276 1698 414 1725; x_wconf 67' lang='lat' dir='ltr'><strong>exerceat?</strong></span> <span class='ocrx_word' id='word_1_264' title='bbox 424 1697 482 1724; x_wconf 75' lang='lat' dir='ltr'><strong>Non</strong></span> <span class='ocrx_word' id='word_1_265' title='bbox 491 1701 531 1725; x_wconf 84' lang='lat' dir='ltr'><strong>est</strong></span> <span class='ocrx_word' id='word_1_266' title='bbox 541 1704 640 1732; x_wconf 85' lang='lat' dir='ltr'><strong>corpus</strong></span> <span class='ocrx_word' id='word_1_267' title='bbox 650 1697 721 1732; x_wconf 92' lang='lat' dir='ltr'><strong>quod</strong></span> <span class='ocrx_word' id='word_1_268' title='bbox 728 1702 847 1725; x_wconf 85' lang='lat' dir='ltr'><strong>exc:ecat</strong></span> <span class='ocrx_word' id='word_1_269' title='bbox 854 1698 983 1732; x_wconf 87' lang='lat' dir='ltr'><strong>animam,</strong></span> 
     </span>
    </p>
   </div>
   <div class='ocr_carea' id='block_1_35' title="bbox 192 1743 986 1779">
    <p class='ocr_par' dir='ltr' id='par_1_35' title="bbox 192 1743 986 1779">
     <span class='ocr_line' id='line_1_35' title="bbox 192 1743 986 1779; baseline 0.003 -9"><span class='ocrx_word' id='word_1_270' title='bbox 192 1743 282 1776; x_wconf 82' lang='lat' dir='ltr'><strong>absit,</strong></span> <span class='ocrx_word' id='word_1_271' title='bbox 294 1744 342 1771; x_wconf 90' lang='lat' dir='ltr'><strong>sed</strong></span> <span class='ocrx_word' id='word_1_272' title='bbox 356 1743 470 1771; x_wconf 53' lang='lat' dir='ltr'><strong>delicia.</strong></span> <span class='ocrx_word' id='word_1_273' title='bbox 490 1743 605 1770; x_wconf 87' lang='lat' dir='ltr'><strong>Delicias</strong></span> <span class='ocrx_word' id='word_1_274' title='bbox 627 1748 716 1771; x_wconf 90' lang='lat' dir='ltr'><strong>autem</strong></span> <span class='ocrx_word' id='word_1_275' title='bbox 731 1743 866 1771; x_wconf 81' lang='lat' dir='ltr'><strong>untlenam</strong></span> <span class='ocrx_word' id='word_1_276' title='bbox 882 1745 986 1779; x_wconf 89' lang='lat' dir='ltr'><strong>appeti-</strong></span> 
     </span>
    </p>
   </div>
   <div class='ocr_carea' id='block_1_36' title="bbox 192 1788 983 1824">
    <p class='ocr_par' dir='ltr' id='par_1_36' title="bbox 192 1788 983 1824">
     <span class='ocr_line' id='line_1_36' title="bbox 192 1788 983 1824; baseline 0.003 -9"><span class='ocrx_word' id='word_1_277' title='bbox 192 1789 271 1816; x_wconf 83' lang='lat' dir='ltr'><strong>mus?</strong></span> <span class='ocrx_word' id='word_1_278' title='bbox 294 1788 353 1816; x_wconf 86' lang='lat' dir='ltr'><strong>Non</strong></span> <span class='ocrx_word' id='word_1_279' title='bbox 369 1789 462 1823; x_wconf 88' lang='lat' dir='ltr'><strong>utique</strong></span> <span class='ocrx_word' id='word_1_280' title='bbox 477 1796 511 1816; x_wconf 90' lang='lat' dir='ltr'><strong>ex</strong></span> <span class='ocrx_word' id='word_1_281' title='bbox 534 1795 583 1821; x_wconf 90' lang='lat' dir='ltr'><strong>eo,</strong></span> <span class='ocrx_word' id='word_1_282' title='bbox 607 1788 677 1824; x_wconf 90' lang='lat' dir='ltr'><strong>quod</strong></span> <span class='ocrx_word' id='word_1_283' title='bbox 701 1795 799 1823; x_wconf 87' lang='lat' dir='ltr'><strong>corpus</strong></span> <span class='ocrx_word' id='word_1_284' title='bbox 821 1788 983 1822; x_wconf 85' lang='lat' dir='ltr'><strong>habeamus,</strong></span> 
     </span>
    </p>
   </div>
   <div class='ocr_carea' id='block_1_37' title="bbox 192 1833 983 1869">
    <p class='ocr_par' dir='ltr' id='par_1_37' title="bbox 192 1833 983 1869">
     <span class='ocr_line' id='line_1_37' title="bbox 192 1833 983 1869; baseline 0 -8"><span class='ocrx_word' id='word_1_285' title='bbox 192 1833 239 1861; x_wconf 85' lang='lat' dir='ltr'><strong>sed</strong></span> <span class='ocrx_word' id='word_1_286' title='bbox 255 1841 288 1861; x_wconf 87' lang='lat' dir='ltr'><strong>ex</strong></span> <span class='ocrx_word' id='word_1_287' title='bbox 303 1840 387 1868; x_wconf 80' lang='lat' dir='ltr'><strong>prava</strong></span> <span class='ocrx_word' id='word_1_288' title='bbox 408 1833 486 1860; x_wconf 89' lang='lat' dir='ltr'><strong>liberi</strong></span> <span class='ocrx_word' id='word_1_289' title='bbox 508 1833 613 1860; x_wconf 87' lang='lat' dir='ltr'><strong>arbitrii</strong></span> <span class='ocrx_word' id='word_1_290' title='bbox 635 1833 778 1861; x_wconf 86' lang='lat' dir='ltr'><strong>electione.</strong></span> <span class='ocrx_word' id='word_1_291' title='bbox 793 1833 897 1869; x_wconf 85' lang='lat' dir='ltr'><strong>Corpus</strong></span> <span class='ocrx_word' id='word_1_292' title='bbox 912 1835 983 1861; x_wconf 89' lang='lat' dir='ltr'><strong>enim</strong></span> 
     </span>
    </p>
   </div>
   <div class='ocr_carea' id='block_1_38' title="bbox 192 1878 986 1914">
    <p class='ocr_par' dir='ltr' id='par_1_38' title="bbox 192 1878 986 1914">
     <span class='ocr_line' id='line_1_38' title="bbox 192 1878 986 1914; baseline 0.003 -9"><span class='ocrx_word' id='word_1_293' title='bbox 192 1883 254 1914; x_wconf 78' lang='lat' dir='ltr'><strong>eget</strong></span> <span class='ocrx_word' id='word_1_294' title='bbox 267 1878 414 1911; x_wconf 84' lang='lat' dir='ltr'><strong>alimento,</strong></span> <span class='ocrx_word' id='word_1_295' title='bbox 437 1885 491 1905; x_wconf 87' lang='lat' dir='ltr'><strong>non</strong></span> <span class='ocrx_word' id='word_1_296' title='bbox 516 1878 635 1912; x_wconf 83' lang='lat' dir='ltr'><strong>deliciis;</strong></span> <span class='ocrx_word' id='word_1_297' title='bbox 660 1886 758 1914; x_wconf 89' lang='lat' dir='ltr'><strong>corpus</strong></span> <span class='ocrx_word' id='word_1_298' title='bbox 773 1886 841 1914; x_wconf 92' lang='lat' dir='ltr'><strong>opus</strong></span> <span class='ocrx_word' id='word_1_299' title='bbox 857 1879 937 1907; x_wconf 87' lang='lat' dir='ltr'><strong>habet</strong></span> <span class='ocrx_word' id='word_1_300' title='bbox 955 1883 986 1907; x_wconf 90' lang='lat' dir='ltr'><strong>ut</strong></span> 
     </span>
    </p>
   </div>
   <div class='ocr_carea' id='block_1_39' title="bbox 191 1923 983 1960">
    <p class='ocr_par' dir='ltr' id='par_1_39' title="bbox 191 1923 983 1960">
     <span class='ocr_line' id='line_1_39' title="bbox 191 1923 983 1960; baseline 0.003 -10"><span class='ocrx_word' id='word_1_301' title='bbox 191 1924 298 1956; x_wconf 82' lang='lat' dir='ltr'><strong>alatur,</strong></span> <span class='ocrx_word' id='word_1_302' title='bbox 312 1931 367 1951; x_wconf 92' lang='lat' dir='ltr'><strong>non</strong></span> <span class='ocrx_word' id='word_1_303' title='bbox 385 1929 415 1951; x_wconf 93' lang='lat' dir='ltr'><strong>ut</strong></span> <span class='ocrx_word' id='word_1_304' title='bbox 438 1923 600 1959; x_wconf 78' lang='lat' dir='ltr'><strong>infringatur</strong></span> <span class='ocrx_word' id='word_1_305' title='bbox 614 1928 641 1951; x_wconf 88' lang='lat' dir='ltr'><strong>et</strong></span> <span class='ocrx_word' id='word_1_306' title='bbox 660 1923 773 1952; x_wconf 84' lang='lat' dir='ltr'><strong>difﬂuat.</strong></span> <span class='ocrx_word' id='word_1_307' title='bbox 797 1924 889 1960; x_wconf 83' lang='lat' dir='ltr'><strong>Neque</strong></span> <span class='ocrx_word' id='word_1_308' title='bbox 912 1925 983 1952; x_wconf 89' lang='lat' dir='ltr'><strong>enim</strong></span> 
     </span>
    </p>
   </div>
   <div class='ocr_carea' id='block_1_40' title="bbox 191 1969 983 2005">
    <p class='ocr_par' dir='ltr' id='par_1_40' title="bbox 191 1969 983 2005">
     <span class='ocr_line' id='line_1_40' title="bbox 191 1969 983 2005; baseline 0.001 -9"><span class='ocrx_word' id='word_1_309' title='bbox 191 1969 290 1996; x_wconf 69' lang='lat' dir='ltr'><strong>animae</strong></span> <span class='ocrx_word' id='word_1_310' title='bbox 305 1973 407 1996; x_wconf 90' lang='lat' dir='ltr'><strong>tantum</strong></span> <span class='ocrx_word' id='word_1_311' title='bbox 417 1988 426 2002; x_wconf 90' lang='lat'><strong>,</strong></span> <span class='ocrx_word' id='word_1_312' title='bbox 446 1969 493 1997; x_wconf 86' lang='lat' dir='ltr'><strong>sed</strong></span> <span class='ocrx_word' id='word_1_313' title='bbox 508 1969 589 1997; x_wconf 85' lang='lat' dir='ltr'><strong>etiam</strong></span> <span class='ocrx_word' id='word_1_314' title='bbox 610 1969 659 2004; x_wconf 90' lang='lat' dir='ltr'><strong>ipsi</strong></span> <span class='ocrx_word' id='word_1_315' title='bbox 673 1970 780 2005; x_wconf 88' lang='lat' dir='ltr'><strong>corpori</strong></span> <span class='ocrx_word' id='word_1_316' title='bbox 794 1969 866 2005; x_wconf 90' lang='lat' dir='ltr'><strong>quod</strong></span> <span class='ocrx_word' id='word_1_317' title='bbox 881 1970 962 1997; x_wconf 83' lang='lat' dir='ltr'><strong>alitur</strong></span> <span class='ocrx_word' id='word_1_318' title='bbox 975 1990 983 2004; x_wconf 95' lang='lat'><strong>,</strong></span> 
     </span>
    </p>
   </div>
   <div class='ocr_carea' id='block_1_41' title="bbox 193 2014 980 2049">
    <p class='ocr_par' dir='ltr' id='par_1_41' title="bbox 193 2014 980 2049">
     <span class='ocr_line' id='line_1_41' title="bbox 193 2014 980 2049; baseline 0.001 -8"><span class='ocrx_word' id='word_1_319' title='bbox 193 2014 285 2042; x_wconf 80' lang='lat' dir='ltr'><strong>hostes</strong></span> <span class='ocrx_word' id='word_1_320' title='bbox 300 2019 363 2042; x_wconf 85' lang='lat' dir='ltr'><strong>sunt</strong></span> <span class='ocrx_word' id='word_1_321' title='bbox 375 2014 488 2042; x_wconf 70' lang='lat' dir='ltr'><strong>deliciaa.</strong></span> <span class='ocrx_word' id='word_1_322' title='bbox 498 2014 562 2041; x_wconf 87' lang='lat' dir='ltr'><strong>Nam</strong></span> <span class='ocrx_word' id='word_1_323' title='bbox 576 2021 625 2049; x_wconf 88' lang='lat' dir='ltr'><strong>pro</strong></span> <span class='ocrx_word' id='word_1_324' title='bbox 639 2014 750 2042; x_wconf 82' lang='lat' dir='ltr'><strong>robusto</strong></span> <span class='ocrx_word' id='word_1_325' title='bbox 765 2014 795 2041; x_wconf 91' lang='lat' dir='ltr'><strong>ﬁt</strong></span> <span class='ocrx_word' id='word_1_326' title='bbox 807 2014 980 2048; x_wconf 84' lang='lat' dir='ltr'><strong>imbecillius,</strong></span> 
     </span>
    </p>
   </div>
   <div class='ocr_carea' id='block_1_42' title="bbox 193 2059 985 2096">
    <p class='ocr_par' dir='ltr' id='par_1_42' title="bbox 193 2059 985 2096">
     <span class='ocr_line' id='line_1_42' title="bbox 193 2059 985 2096; baseline 0 -9"><span class='ocrx_word' id='word_1_327' title='bbox 193 2068 243 2095; x_wconf 82' lang='lat' dir='ltr'><strong>pro</strong></span> <span class='ocrx_word' id='word_1_328' title='bbox 257 2060 337 2088; x_wconf 89' lang='lat' dir='ltr'><strong>ﬁrmo</strong></span> <span class='ocrx_word' id='word_1_329' title='bbox 351 2059 458 2087; x_wconf 86' lang='lat' dir='ltr'><strong>mollius</strong></span> <span class='ocrx_word' id='word_1_330' title='bbox 467 2080 476 2093; x_wconf 88' lang='lat'><strong>,</strong></span> <span class='ocrx_word' id='word_1_331' title='bbox 497 2067 547 2095; x_wconf 91' lang='lat' dir='ltr'><strong>pro</strong></span> <span class='ocrx_word' id='word_1_332' title='bbox 561 2059 662 2088; x_wconf 84' lang='lat' dir='ltr'><strong>salubri</strong></span> <span class='ocrx_word' id='word_1_333' title='bbox 677 2060 920 2095; x_wconf 88' lang='lat' dir='ltr'><strong>valetudinarium,</strong></span> <span class='ocrx_word' id='word_1_334' title='bbox 937 2068 985 2096; x_wconf 90' lang='lat' dir='ltr'><strong>pro</strong></span> 
     </span>
    </p>
   </div>
   <div class='ocr_carea' id='block_1_43' title="bbox 193 2105 984 2142">
    <p class='ocr_par' dir='ltr' id='par_1_43' title="bbox 193 2105 984 2142">
     <span class='ocr_line' id='line_1_43' title="bbox 193 2105 984 2142; baseline 0.001 -9"><span class='ocrx_word' id='word_1_335' title='bbox 193 2106 245 2134; x_wconf 87' lang='lat' dir='ltr'><strong>levi</strong></span> <span class='ocrx_word' id='word_1_336' title='bbox 259 2106 378 2141; x_wconf 79' lang='lat' dir='ltr'><strong>gravius,</strong></span> <span class='ocrx_word' id='word_1_337' title='bbox 389 2113 438 2141; x_wconf 89' lang='lat' dir='ltr'><strong>pro</strong></span> <span class='ocrx_word' id='word_1_338' title='bbox 449 2105 534 2134; x_wconf 85' lang='lat' dir='ltr'><strong>denso</strong></span> <span class='ocrx_word' id='word_1_339' title='bbox 547 2107 645 2140; x_wconf 87' lang='lat' dir='ltr'><strong>rarius,</strong></span> <span class='ocrx_word' id='word_1_340' title='bbox 658 2110 686 2134; x_wconf 87' lang='lat' dir='ltr'><strong>et</strong></span> <span class='ocrx_word' id='word_1_341' title='bbox 697 2110 774 2141; x_wconf 87' lang='lat' dir='ltr'><strong>turpe</strong></span> <span class='ocrx_word' id='word_1_342' title='bbox 786 2114 836 2141; x_wconf 89' lang='lat' dir='ltr'><strong>pro</strong></span> <span class='ocrx_word' id='word_1_343' title='bbox 850 2107 984 2142; x_wconf 88' lang='lat' dir='ltr'><strong>formoso,</strong></span> 
     </span>
    </p>
   </div>
   <div class='ocr_carea' id='block_1_44' title="bbox 193 2147 986 2189">
    <p class='ocr_par' dir='ltr' id='par_1_44' title="bbox 193 2147 986 2189">
     <span class='ocr_line' id='line_1_44' title="bbox 193 2147 986 2189; baseline 0.001 -9"><span class='ocrx_word' id='word_1_344' title='bbox 193 2158 220 2180; x_wconf 88' lang='lat' dir='ltr'><strong>et</strong></span> <span class='ocrx_word' id='word_1_345' title='bbox 233 2147 283 2188; x_wconf 81' lang='lat' dir='ltr'><strong>pro</strong></span> <span class='ocrx_word' id='word_1_346' title='bbox 297 2153 366 2181; x_wconf 92' lang='lat' dir='ltr'><strong>bene</strong></span> <span class='ocrx_word' id='word_1_347' title='bbox 385 2153 475 2180; x_wconf 89' lang='lat' dir='ltr'><strong>olente</strong></span> <span class='ocrx_word' id='word_1_348' title='bbox 498 2153 577 2188; x_wconf 86' lang='lat' dir='ltr'><strong>pejus</strong></span> <span class='ocrx_word' id='word_1_349' title='bbox 599 2153 676 2180; x_wconf 85' lang='lat' dir='ltr'><strong>olens</strong></span> <span class='ocrx_word' id='word_1_350' title='bbox 690 2160 722 2180; x_wconf 87' lang='lat' dir='ltr'><strong>ac</strong></span> <span class='ocrx_word' id='word_1_351' title='bbox 737 2153 875 2187; x_wconf 71' lang='lat' dir='ltr'><strong>fmtidum,</strong></span> <span class='ocrx_word' id='word_1_352' title='bbox 889 2158 917 2181; x_wconf 87' lang='lat' dir='ltr'><strong>et</strong></span> <span class='ocrx_word' id='word_1_353' title='bbox 937 2161 986 2189; x_wconf 89' lang='lat' dir='ltr'><strong>pro</strong></span> 
     </span>
    </p>
   </div>
   <div class='ocr_carea' id='block_1_45' title="bbox 193 2199 984 2235">
    <p class='ocr_par' dir='ltr' id='par_1_45' title="bbox 193 2199 984 2235">
     <span class='ocr_line' id='line_1_45' title="bbox 193 2199 984 2235; baseline 0.005 -10"><span class='ocrx_word' id='word_1_354' title='bbox 193 2199 295 2226; x_wconf 89' lang='lat' dir='ltr'><strong>mundo</strong></span> <span class='ocrx_word' id='word_1_355' title='bbox 308 2199 475 2227; x_wconf 88' lang='lat' dir='ltr'><strong>immundum</strong></span> <span class='ocrx_word' id='word_1_356' title='bbox 485 2220 493 2232; x_wconf 93' lang='lat'><strong>,</strong></span> <span class='ocrx_word' id='word_1_357' title='bbox 507 2204 536 2228; x_wconf 89' lang='lat' dir='ltr'><strong>et</strong></span> <span class='ocrx_word' id='word_1_358' title='bbox 546 2200 642 2228; x_wconf 89' lang='lat' dir='ltr'><strong>dolore</strong></span> <span class='ocrx_word' id='word_1_359' title='bbox 654 2200 782 2235; x_wconf 85' lang='lat' dir='ltr'><strong>agitatum</strong></span> <span class='ocrx_word' id='word_1_360' title='bbox 794 2207 843 2235; x_wconf 91' lang='lat' dir='ltr'><strong>pro</strong></span> <span class='ocrx_word' id='word_1_361' title='bbox 853 2201 967 2229; x_wconf 90' lang='lat' dir='ltr'><strong>remisso</strong></span> <span class='ocrx_word' id='word_1_362' title='bbox 975 2221 984 2234; x_wconf 90' lang='lat'><strong>,</strong></span> 
     </span>
    </p>
   </div>
   <div class='ocr_carea' id='block_1_46' title="bbox 194 2244 986 2282">
    <p class='ocr_par' dir='ltr' id='par_1_46' title="bbox 194 2244 986 2282">
     <span class='ocr_line' id='line_1_46' title="bbox 194 2244 986 2282; baseline 0.003 -10"><span class='ocrx_word' id='word_1_363' title='bbox 194 2244 290 2272; x_wconf 89' lang='lat' dir='ltr'><strong>inutile</strong></span> <span class='ocrx_word' id='word_1_364' title='bbox 305 2252 355 2279; x_wconf 92' lang='lat' dir='ltr'><strong>pro</strong></span> <span class='ocrx_word' id='word_1_365' title='bbox 367 2246 443 2278; x_wconf 91' lang='lat' dir='ltr'><strong>utili,</strong></span> <span class='ocrx_word' id='word_1_366' title='bbox 459 2250 536 2273; x_wconf 89' lang='lat' dir='ltr'><strong>vetus</strong></span> <span class='ocrx_word' id='word_1_367' title='bbox 547 2253 596 2281; x_wconf 88' lang='lat' dir='ltr'><strong>pro</strong></span> <span class='ocrx_word' id='word_1_368' title='bbox 611 2253 682 2273; x_wconf 89' lang='lat' dir='ltr'><strong>novo</strong></span> <span class='ocrx_word' id='word_1_369' title='bbox 692 2266 699 2279; x_wconf 83' lang='lat'><strong>,</strong></span> <span class='ocrx_word' id='word_1_370' title='bbox 716 2246 852 2282; x_wconf 87' lang='lat' dir='ltr'><strong>putridum</strong></span> <span class='ocrx_word' id='word_1_371' title='bbox 866 2253 915 2281; x_wconf 89' lang='lat' dir='ltr'><strong>pro</strong></span> <span class='ocrx_word' id='word_1_372' title='bbox 930 2246 986 2274; x_wconf 88' lang='lat' dir='ltr'><strong>for-</strong></span> 
     </span>
    </p>
   </div>
   <div class='ocr_carea' id='block_1_47' title="bbox 196 2290 986 2327">
    <p class='ocr_par' dir='ltr' id='par_1_47' title="bbox 196 2290 986 2327">
     <span class='ocr_line' id='line_1_47' title="bbox 196 2290 986 2327; baseline 0.005 -11"><span class='ocrx_word' id='word_1_373' title='bbox 196 2290 233 2323; x_wconf 90' lang='lat' dir='ltr'><strong>ti,</strong></span> <span class='ocrx_word' id='word_1_374' title='bbox 251 2290 410 2325; x_wconf 86' lang='lat' dir='ltr'><strong>tardumque</strong></span> <span class='ocrx_word' id='word_1_375' title='bbox 423 2295 451 2318; x_wconf 87' lang='lat' dir='ltr'><strong>et</strong></span> <span class='ocrx_word' id='word_1_376' title='bbox 465 2291 548 2319; x_wconf 89' lang='lat' dir='ltr'><strong>hebes</strong></span> <span class='ocrx_word' id='word_1_377' title='bbox 573 2299 621 2326; x_wconf 90' lang='lat' dir='ltr'><strong>pro</strong></span> <span class='ocrx_word' id='word_1_378' title='bbox 635 2292 718 2319; x_wconf 89' lang='lat' dir='ltr'><strong>celeri</strong></span> <span class='ocrx_word' id='word_1_379' title='bbox 731 2313 740 2325; x_wconf 92' lang='lat'><strong>,</strong></span> <span class='ocrx_word' id='word_1_380' title='bbox 754 2297 782 2320; x_wconf 92' lang='lat' dir='ltr'><strong>et</strong></span> <span class='ocrx_word' id='word_1_381' title='bbox 796 2293 922 2320; x_wconf 88' lang='lat' dir='ltr'><strong>claudum</strong></span> <span class='ocrx_word' id='word_1_382' title='bbox 937 2300 986 2327; x_wconf 89' lang='lat' dir='ltr'><strong>pro</strong></span> 
     </span>
    </p>
   </div>
   <div class='ocr_carea' id='block_1_48' title="bbox 194 2335 985 2374">
    <p class='ocr_par' dir='ltr' id='par_1_48' title="bbox 194 2335 985 2374">
     <span class='ocr_line' id='line_1_48' title="bbox 194 2335 985 2374; baseline 0.005 -12"><span class='ocrx_word' id='word_1_383' title='bbox 194 2339 269 2362; x_wconf 89' lang='lat' dir='ltr'><strong>recto</strong></span> <span class='ocrx_word' id='word_1_384' title='bbox 280 2339 309 2363; x_wconf 94' lang='lat' dir='ltr'><strong>et</strong></span> <span class='ocrx_word' id='word_1_385' title='bbox 324 2335 440 2370; x_wconf 77' lang='lat' dir='ltr'><strong>integro.</strong></span> <span class='ocrx_word' id='word_1_386' title='bbox 454 2336 534 2371; x_wconf 75' lang='lat' dir='ltr'><strong>Atqui</strong></span> <span class='ocrx_word' id='word_1_387' title='bbox 549 2337 571 2364; x_wconf 91' lang='lat' dir='ltr'><strong>si</strong></span> <span class='ocrx_word' id='word_1_388' title='bbox 582 2341 655 2365; x_wconf 81' lang='lat' dir='ltr'><strong>esset</strong></span> <span class='ocrx_word' id='word_1_389' title='bbox 669 2337 786 2372; x_wconf 90' lang='lat' dir='ltr'><strong>diaboli,</strong></span> <span class='ocrx_word' id='word_1_390' title='bbox 803 2345 856 2365; x_wconf 92' lang='lat' dir='ltr'><strong>non</strong></span> <span class='ocrx_word' id='word_1_391' title='bbox 877 2343 985 2374; x_wconf 81' lang='lat' dir='ltr'><strong>oporte-</strong></span> 
     </span>
    </p>
   </div>
   <div class='ocr_carea' id='block_1_49' title="bbox 195 2380 986 2419">
    <p class='ocr_par' dir='ltr' id='par_1_49' title="bbox 195 2380 986 2419">
     <span class='ocr_line' id='line_1_49' title="bbox 195 2380 986 2419; baseline 0.006 -13"><span class='ocrx_word' id='word_1_392' title='bbox 195 2385 237 2407; x_wconf 87' lang='lat' dir='ltr'><strong>ret</strong></span> <span class='ocrx_word' id='word_1_393' title='bbox 255 2380 344 2415; x_wconf 87' lang='lat' dir='ltr'><strong>ipsum</strong></span> <span class='ocrx_word' id='word_1_394' title='bbox 358 2380 393 2407; x_wconf 89' lang='lat' dir='ltr'><strong>ab</strong></span> <span class='ocrx_word' id='word_1_395' title='bbox 407 2389 440 2408; x_wconf 84' lang='lat' dir='ltr'><strong>eo</strong></span> <span class='ocrx_word' id='word_1_396' title='bbox 463 2381 542 2414; x_wconf 59' lang='lat' dir='ltr'><strong>lardi,</strong></span> <span class='ocrx_word' id='word_1_397' title='bbox 558 2390 573 2409; x_wconf 89' lang='lat' dir='ltr'><strong>a</strong></span> <span class='ocrx_word' id='word_1_398' title='bbox 591 2382 658 2409; x_wconf 88' lang='lat' dir='ltr'><strong>vitio</strong></span> <span class='ocrx_word' id='word_1_399' title='bbox 680 2383 800 2418; x_wconf 89' lang='lat' dir='ltr'><strong>inquam.</strong></span> <span class='ocrx_word' id='word_1_400' title='bbox 822 2382 877 2411; x_wconf 90' lang='lat' dir='ltr'><strong>Sed</strong></span> <span class='ocrx_word' id='word_1_401' title='bbox 900 2391 986 2419; x_wconf 89' lang='lat' dir='ltr'><strong>neque</strong></span> 
     </span>
    </p>
   </div>
   <div class='ocr_carea' id='block_1_50' title="bbox 195 2426 985 2462">
    <p class='ocr_par' dir='ltr' id='par_1_50' title="bbox 195 2426 985 2462">
     <span class='ocr_line' id='line_1_50' title="bbox 195 2426 985 2462; baseline 0.006 -11"><span class='ocrx_word' id='word_1_402' title='bbox 195 2432 311 2459; x_wconf 88' lang='lat' dir='ltr'><strong>corpus,</strong></span> <span class='ocrx_word' id='word_1_403' title='bbox 327 2432 414 2460; x_wconf 89' lang='lat' dir='ltr'><strong>neque</strong></span> <span class='ocrx_word' id='word_1_404' title='bbox 434 2426 488 2453; x_wconf 89' lang='lat' dir='ltr'><strong>cibi</strong></span> <span class='ocrx_word' id='word_1_405' title='bbox 510 2431 573 2454; x_wconf 88' lang='lat' dir='ltr'><strong>sunt</strong></span> <span class='ocrx_word' id='word_1_406' title='bbox 587 2427 704 2462; x_wconf 91' lang='lat' dir='ltr'><strong>diaboli,</strong></span> <span class='ocrx_word' id='word_1_407' title='bbox 720 2428 768 2456; x_wconf 87' lang='lat' dir='ltr'><strong>sed</strong></span> <span class='ocrx_word' id='word_1_408' title='bbox 783 2428 848 2456; x_wconf 63' lang='lat' dir='ltr'><strong>solae</strong></span> <span class='ocrx_word' id='word_1_409' title='bbox 871 2429 985 2457; x_wconf 76' lang='lat' dir='ltr'><strong>delicize.</strong></span> 
     </span>
    </p>
   </div>
   <div class='ocr_carea' id='block_1_51' title="bbox 195 2468 988 2504">
    <p class='ocr_par' dir='ltr' id='par_1_51' title="bbox 195 2468 988 2504">
     <span class='ocr_line' id='line_1_51' title="bbox 195 2468 988 2504; baseline 0.006 -8"><span class='ocrx_word' id='word_1_410' title='bbox 195 2468 262 2496; x_wconf 81' lang='lat' dir='ltr'><strong>Nam</strong></span> <span class='ocrx_word' id='word_1_411' title='bbox 278 2477 326 2504; x_wconf 90' lang='lat' dir='ltr'><strong>per</strong></span> <span class='ocrx_word' id='word_1_412' title='bbox 339 2477 386 2497; x_wconf 87' lang='lat' dir='ltr'><strong>eas</strong></span> <span class='ocrx_word' id='word_1_413' title='bbox 408 2471 554 2498; x_wconf 87' lang='lat' dir='ltr'><strong>sceleratus</strong></span> <span class='ocrx_word' id='word_1_414' title='bbox 569 2472 613 2499; x_wconf 91' lang='lat' dir='ltr'><strong>ille</strong></span> <span class='ocrx_word' id='word_1_415' title='bbox 634 2471 740 2500; x_wconf 64' lang='lat' dir='ltr'><strong>daemon</strong></span> <span class='ocrx_word' id='word_1_416' title='bbox 755 2473 824 2500; x_wconf 81' lang='lat' dir='ltr'><strong>mala</strong></span> <span class='ocrx_word' id='word_1_417' title='bbox 848 2473 932 2501; x_wconf 88' lang='lat' dir='ltr'><strong>efﬁcit</strong></span> <span class='ocrx_word' id='word_1_418' title='bbox 946 2474 988 2501; x_wconf 92' lang='lat' dir='ltr'><strong>in-</strong></span> 
     </span>
    </p>
   </div>
   <div class='ocr_carea' id='block_1_52' title="bbox 196 2514 986 2553">
    <p class='ocr_par' dir='ltr' id='par_1_52' title="bbox 196 2514 986 2553">
     <span class='ocr_line' id='line_1_52' title="bbox 196 2514 986 2553; baseline 0.006 -12"><span class='ocrx_word' id='word_1_419' title='bbox 196 2514 370 2542; x_wconf 82' lang='lat' dir='ltr'><strong>numerabilia</strong></span> <span class='ocrx_word' id='word_1_420' title='bbox 388 2523 395 2541; x_wconf 88' lang='lat'><strong>:</strong></span> <span class='ocrx_word' id='word_1_421' title='bbox 420 2515 460 2543; x_wconf 89' lang='lat' dir='ltr'><strong>sic</strong></span> <span class='ocrx_word' id='word_1_422' title='bbox 485 2516 613 2551; x_wconf 88' lang='lat' dir='ltr'><strong>populum</strong></span> <span class='ocrx_word' id='word_1_423' title='bbox 629 2517 762 2553; x_wconf 88' lang='lat' dir='ltr'><strong>integrum</strong></span> <span class='ocrx_word' id='word_1_424' title='bbox 779 2526 886 2552; x_wconf 88' lang='lat' dir='ltr'><strong>pessum</strong></span> <span class='ocrx_word' id='word_1_425' title='bbox 902 2519 986 2546; x_wconf 88' lang='lat' dir='ltr'><strong>dedit.</strong></span> 
     </span>
    </p>
   </div>
   <div class='ocr_carea' id='block_1_53' title="bbox 196 2558 987 2597">
    <p class='ocr_par' dir='ltr' id='par_1_53' title="bbox 196 2558 987 2597">
     <span class='ocr_line' id='line_1_53' title="bbox 196 2558 987 2597; baseline 0.008 -11"><span class='ocrx_word' id='word_1_426' title='bbox 196 2558 376 2595; x_wconf 77' lang='lat' dir='ltr'><strong>Impinguatus</strong></span> <span class='ocrx_word' id='word_1_427' title='bbox 389 2565 425 2587; x_wconf 75' lang='lat' dir='ltr'><strong>est</strong></span> <span class='ocrx_word' id='word_1_428' title='bbox 437 2561 520 2594; x_wconf 90' lang='lat' dir='ltr'><strong>enim,</strong></span> <span class='ocrx_word' id='word_1_429' title='bbox 532 2562 617 2597; x_wconf 81' lang='lat' dir='ltr'><strong>inquit</strong></span> <span class='ocrx_word' id='word_1_430' title='bbox 627 2582 635 2596; x_wconf 90' lang='lat'><strong>,</strong></span> <span class='ocrx_word' id='word_1_431' title='bbox 648 2567 672 2590; x_wconf 79' lang='lat' dir='ltr'><strong>et</strong></span> <span class='ocrx_word' id='word_1_432' title='bbox 701 2563 832 2596; x_wconf 78' lang='lat' dir='ltr'><strong>dilatatus,</strong></span> <span class='ocrx_word' id='word_1_433' title='bbox 844 2569 868 2592; x_wconf 83' lang='lat' dir='ltr'><strong>et</strong></span> <span class='ocrx_word' id='word_1_434' title='bbox 880 2565 987 2592; x_wconf 79' lang='lat' dir='ltr'><strong>recalci-</strong></span> 
     </span>
    </p>
   </div>
   <div class='ocr_carea' id='block_1_54' title="bbox 197 2605 988 2646">
    <p class='ocr_par' dir='ltr' id='par_1_54' title="bbox 197 2605 988 2646">
     <span class='ocr_line' id='line_1_54' title="bbox 197 2605 988 2646; baseline 0.01 -15"><span class='ocrx_word' id='word_1_435' title='bbox 197 2605 271 2632; x_wconf 85' lang='lat' dir='ltr'><strong>tratn&#39;t</strong></span> <span class='ocrx_word' id='word_1_436' title='bbox 282 2605 389 2633; x_wconf 73' lang='lat' dir='ltr'><strong>dilectus</strong></span> <span class='ocrx_word' id='word_1_437' title='bbox 404 2605 494 2641; x_wconf 81' lang='lat' dir='ltr'><strong>(Deut.</strong></span> <span class='ocrx_word' id='word_1_438' title='bbox 506 2607 551 2635; x_wconf 70' lang='lat'><strong>52.</strong></span> <span class='ocrx_word' id='word_1_439' title='bbox 566 2608 623 2642; x_wconf 80' lang='grc'><strong>15).</strong></span> <span class='ocrx_word' id='word_1_440' title='bbox 635 2608 720 2637; x_wconf 82' lang='lat' dir='ltr'><strong>Porro</strong></span> <span class='ocrx_word' id='word_1_441' title='bbox 735 2609 798 2637; x_wconf 90' lang='lat' dir='ltr'><strong>hinc</strong></span> <span class='ocrx_word' id='word_1_442' title='bbox 812 2618 919 2646; x_wconf 89' lang='lat' dir='ltr'><strong>quoque</strong></span> <span class='ocrx_word' id='word_1_443' title='bbox 937 2612 988 2639; x_wconf 78' lang='lat' dir='ltr'><strong>So-</strong></span> 
     </span>
    </p>
   </div>
   <div class='ocr_carea' id='block_1_55' title="bbox 196 2650 987 2692">
    <p class='ocr_par' dir='ltr' id='par_1_55' title="bbox 196 2650 987 2692">
     <span class='ocr_line' id='line_1_55' title="bbox 196 2650 987 2692; baseline 0.01 -15"><span class='ocrx_word' id='word_1_444' title='bbox 196 2650 284 2678; x_wconf 83' lang='lat' dir='ltr'><strong>domis</strong></span> <span class='ocrx_word' id='word_1_445' title='bbox 300 2650 350 2678; x_wconf 88' lang='lat' dir='ltr'><strong>fuit</strong></span> <span class='ocrx_word' id='word_1_446' title='bbox 369 2652 478 2680; x_wconf 90' lang='lat' dir='ltr'><strong>illorum</strong></span> <span class='ocrx_word' id='word_1_447' title='bbox 493 2653 632 2681; x_wconf 88' lang='lat' dir='ltr'><strong>fulminum</strong></span> <span class='ocrx_word' id='word_1_448' title='bbox 657 2655 771 2682; x_wconf 87' lang='lat' dir='ltr'><strong>initium.</strong></span> <span class='ocrx_word' id='word_1_449' title='bbox 787 2656 864 2689; x_wconf 81' lang='lat' dir='ltr'><strong>Quod</strong></span> <span class='ocrx_word' id='word_1_450' title='bbox 879 2657 987 2692; x_wconf 88' lang='lat' dir='ltr'><strong>quidem</strong></span> 
     </span>
    </p>
   </div>
   <div class='ocr_carea' id='block_1_56' title="bbox 197 2696 988 2737">
    <p class='ocr_par' dir='ltr' id='par_1_56' title="bbox 197 2696 988 2737">
     <span class='ocr_line' id='line_1_56' title="bbox 197 2696 988 2737; baseline 0.01 -15"><span class='ocrx_word' id='word_1_451' title='bbox 197 2696 352 2732; x_wconf 77' lang='lat' dir='ltr'><strong>signiﬁcans</strong></span> <span class='ocrx_word' id='word_1_452' title='bbox 392 2697 515 2726; x_wconf 81' lang='lat' dir='ltr'><strong>E1echiel</strong></span> <span class='ocrx_word' id='word_1_453' title='bbox 530 2699 654 2727; x_wconf 86' lang='lat' dir='ltr'><strong>dicebat:</strong></span> <span class='ocrx_word' id='word_1_454' title='bbox 670 2700 723 2728; x_wconf 83' lang='lat' dir='ltr'><strong>Sed</strong></span> <span class='ocrx_word' id='word_1_455' title='bbox 738 2701 791 2729; x_wconf 72' lang='lat' dir='ltr'><strong>hwe</strong></span> <span class='ocrx_word' id='word_1_456' title='bbox 804 2702 924 2737; x_wconf 81' lang='lat' dir='ltr'><strong>iniquitas</strong></span> <span class='ocrx_word' id='word_1_457' title='bbox 937 2703 988 2731; x_wconf 88' lang='lat' dir='ltr'><strong>So-</strong></span> 
     </span>
    </p>
   </div>
   <div class='ocr_carea' id='block_1_57' title="bbox 198 2742 988 2782">
    <p class='ocr_par' dir='ltr' id='par_1_57' title="bbox 198 2742 988 2782">
     <span class='ocr_line' id='line_1_57' title="bbox 198 2742 988 2782; baseline 0.009 -14"><span class='ocrx_word' id='word_1_458' title='bbox 198 2742 332 2770; x_wconf 66' lang='lat' dir='ltr'><strong>domorum</strong></span> <span class='ocrx_word' id='word_1_459' title='bbox 345 2750 355 2770; x_wconf 91' lang='lat'><strong><em>:</em></strong></span> <span class='ocrx_word' id='word_1_460' title='bbox 375 2743 404 2770; x_wconf 85' lang='lat' dir='ltr'><strong>in</strong></span> <span class='ocrx_word' id='word_1_461' title='bbox 423 2744 556 2779; x_wconf 80' lang='lat' dir='ltr'><strong>superbia,</strong></span> <span class='ocrx_word' id='word_1_462' title='bbox 570 2750 594 2772; x_wconf 86' lang='lat' dir='ltr'><strong>et</strong></span> <span class='ocrx_word' id='word_1_463' title='bbox 608 2745 635 2773; x_wconf 84' lang='lat' dir='ltr'><strong>in</strong></span> <span class='ocrx_word' id='word_1_464' title='bbox 648 2746 805 2774; x_wconf 79' lang='lat' dir='ltr'><strong>abundantia</strong></span> <span class='ocrx_word' id='word_1_465' title='bbox 819 2749 893 2782; x_wconf 75' lang='lat' dir='ltr'><strong>panis</strong></span> <span class='ocrx_word' id='word_1_466' title='bbox 905 2769 912 2781; x_wconf 90' lang='lat'><strong>,</strong></span> <span class='ocrx_word' id='word_1_467' title='bbox 926 2754 949 2775; x_wconf 83' lang='lat' dir='ltr'><strong>et</strong></span> <span class='ocrx_word' id='word_1_468' title='bbox 961 2749 988 2775; x_wconf 90' lang='lat' dir='ltr'><strong>in</strong></span> 
     </span>
    </p>
   </div>
   <div class='ocr_carea' id='block_1_58' title="bbox 199 2788 988 2828">
    <p class='ocr_par' dir='ltr' id='par_1_58' title="bbox 199 2788 988 2828">
     <span class='ocr_line' id='line_1_58' title="bbox 199 2788 988 2828; baseline 0.009 -14"><span class='ocrx_word' id='word_1_469' title='bbox 199 2788 272 2815; x_wconf 69' lang='lat' dir='ltr'><strong>rebus</strong></span> <span class='ocrx_word' id='word_1_470' title='bbox 291 2789 410 2816; x_wconf 75' lang='lat' dir='ltr'><strong>secundis</strong></span> <span class='ocrx_word' id='word_1_471' title='bbox 422 2798 450 2817; x_wconf 75' lang='lat' dir='ltr'><strong>se</strong></span> <span class='ocrx_word' id='word_1_472' title='bbox 463 2790 596 2825; x_wconf 64' lang='lat' dir='ltr'><strong>enplebant</strong></span> <span class='ocrx_word' id='word_1_473' title='bbox 616 2791 714 2819; x_wconf 72' lang='lat' dir='ltr'><strong>deliciis</strong></span> <span class='ocrx_word' id='word_1_474' title='bbox 734 2792 847 2827; x_wconf 76' lang='lat' dir='ltr'><strong>(Ezec/t.</strong></span> <span class='ocrx_word' id='word_1_475' title='bbox 863 2794 905 2821; x_wconf 82' lang='grc'><strong>16.</strong></span> <span class='ocrx_word' id='word_1_476' title='bbox 921 2795 955 2822; x_wconf 72' lang='grc'><strong>48</strong></span> <span class='ocrx_word' id='word_1_477' title='bbox 967 2794 988 2828; x_wconf 88' lang='grc'><strong>).</strong></span> 
     </span>
    </p>
   </div>
   <div class='ocr_carea' id='block_1_59' title="bbox 237 2834 988 2873">
    <p class='ocr_par' dir='ltr' id='par_1_59' title="bbox 237 2834 988 2873">
     <span class='ocr_line' id='line_1_59' title="bbox 237 2834 988 2873; baseline 0.009 -12"><span class='ocrx_word' id='word_1_478' title='bbox 237 2834 340 2867; x_wconf 71' lang='lat' dir='ltr'><strong>Quarum</strong></span> <span class='ocrx_word' id='word_1_479' title='bbox 353 2836 422 2862; x_wconf 83' lang='lat' dir='ltr'><strong>mala</strong></span> <span class='ocrx_word' id='word_1_480' title='bbox 435 2844 467 2863; x_wconf 68' lang='lat' dir='ltr'><strong>ex</strong></span> <span class='ocrx_word' id='word_1_481' title='bbox 485 2837 546 2872; x_wconf 84' lang='lat' dir='ltr'><strong>gula</strong></span> <span class='ocrx_word' id='word_1_482' title='bbox 557 2837 719 2865; x_wconf 79' lang='lat' dir='ltr'><strong>oriantur.—</strong></span> <span class='ocrx_word' id='word_1_483' title='bbox 725 2838 870 2873; x_wconf 82' lang='lat' dir='ltr'><strong>Propterea</strong></span> <span class='ocrx_word' id='word_1_484' title='bbox 892 2840 988 2868; x_wconf 85' lang='lat' dir='ltr'><strong>Paulus</strong></span> 
     </span>
    </p>
   </div>
   <div class='ocr_carea' id='block_1_60' title="bbox 201 2881 983 2921">
    <p class='ocr_par' dir='ltr' id='par_1_60' title="bbox 201 2881 983 2921">
     <span class='ocr_line' id='line_1_60' title="bbox 201 2881 983 2921; baseline 0.009 -14"><span class='ocrx_word' id='word_1_485' title='bbox 201 2886 307 2916; x_wconf 79' lang='lat' dir='ltr'><strong>quoque</strong></span> <span class='ocrx_word' id='word_1_486' title='bbox 328 2881 456 2910; x_wconf 85' lang='lat' dir='ltr'><strong>diccbat:</strong></span> <span class='ocrx_word' id='word_1_487' title='bbox 480 2882 543 2916; x_wconf 76' lang='lat' dir='ltr'><strong>Qua:</strong></span> <span class='ocrx_word' id='word_1_488' title='bbox 564 2888 653 2912; x_wconf 87' lang='lat' dir='ltr'><strong>autctn</strong></span> <span class='ocrx_word' id='word_1_489' title='bbox 674 2885 701 2912; x_wconf 86' lang='lat' dir='ltr'><strong>in</strong></span> <span class='ocrx_word' id='word_1_490' title='bbox 722 2884 819 2913; x_wconf 74' lang='lat' dir='ltr'><strong>deliciis</strong></span> <span class='ocrx_word' id='word_1_491' title='bbox 833 2884 900 2921; x_wconf 75' lang='lat' dir='ltr'><strong>degit</strong></span> <span class='ocrx_word' id='word_1_492' title='bbox 914 2906 921 2920; x_wconf 93' lang='lat'><strong>,</strong></span> <span class='ocrx_word' id='word_1_493' title='bbox 947 2886 983 2915; x_wconf 78' lang='lat' dir='ltr'><strong>vi-</strong></span> 
     </span>
    </p>
   </div>
   <div class='ocr_carea' id='block_1_61' title="bbox 695 169 1337 202">
    <p class='ocr_par' dir='ltr' id='par_1_61' title="bbox 695 169 1337 202">
     <span class='ocr_line' id='line_1_61' title="bbox 695 169 1337 202; baseline -0.005 0"><span class='ocrx_word' id='word_1_494' title='bbox 695 174 728 202; x_wconf 74' lang='lat' dir='ltr'><strong>IN</strong></span> <span class='ocrx_word' id='word_1_495' title='bbox 747 172 856 202; x_wconf 82' lang='lat' dir='ltr'><strong>EPIST.</strong></span> <span class='ocrx_word' id='word_1_496' title='bbox 875 171 886 199; x_wconf 90' lang='grc' dir='ltr'><strong>Ι</strong></span> <span class='ocrx_word' id='word_1_497' title='bbox 918 171 964 199; x_wconf 80' lang='lat' dir='ltr'><strong>AD</strong></span> <span class='ocrx_word' id='word_1_498' title='bbox 982 169 1060 200; x_wconf 78' lang='lat' dir='ltr'><strong>COR.</strong></span> <span class='ocrx_word' id='word_1_499' title='bbox 1082 170 1195 199; x_wconf 78' lang='lat' dir='ltr'><strong>IIOMIL.</strong></span> <span class='ocrx_word' id='word_1_500' title='bbox 1218 171 1337 199; x_wconf 75' lang='lat' dir='ltr'><strong>XXXIX.</strong></span> 
     </span>
    </p>
   </div>
   <div class='ocr_carea' id='block_1_62' title="bbox 1782 171 1834 198">
    <p class='ocr_par' dir='ltr' id='par_1_62' title="bbox 1782 171 1834 198">
     <span class='ocr_line' id='line_1_62' title="bbox 1782 171 1834 198; baseline 0 0"><span class='ocrx_word' id='word_1_501' title='bbox 1782 171 1834 198; x_wconf 75' lang='grc'><strong>516</strong></span> 
     </span>
    </p>
   </div>
   <div class='ocr_carea' id='block_1_63' title="bbox 1043 229 1833 265">
    <p class='ocr_par' dir='ltr' id='par_1_63' title="bbox 1043 229 1833 265">
     <span class='ocr_line' id='line_1_63' title="bbox 1043 229 1833 265; baseline 0.005 -11"><span class='ocrx_word' id='word_1_502' title='bbox 1043 235 1102 255; x_wconf 70' lang='lat' dir='ltr'><strong>nens</strong></span> <span class='ocrx_word' id='word_1_503' title='bbox 1126 234 1163 256; x_wconf 70' lang='lat' dir='ltr'><strong>est</strong></span> <span class='ocrx_word' id='word_1_504' title='bbox 1182 235 1281 257; x_wconf 81' lang='lat' dir='ltr'><strong>mortua</strong></span> <span class='ocrx_word' id='word_1_505' title='bbox 1300 230 1345 265; x_wconf 87' lang='grc'><strong>(1.</strong></span> <span class='ocrx_word' id='word_1_506' title='bbox 1367 229 1435 257; x_wconf 84' lang='lat' dir='ltr'><strong>Tim.</strong></span> <span class='ocrx_word' id='word_1_507' title='bbox 1455 231 1483 258; x_wconf 84' lang='lat'><strong>5.</strong></span> <span class='ocrx_word' id='word_1_508' title='bbox 1503 230 1550 265; x_wconf 86' lang='lat'><strong>6).</strong></span> <span class='ocrx_word' id='word_1_509' title='bbox 1580 230 1685 264; x_wconf 84' lang='lat' dir='ltr'><strong>Quare?</strong></span> <span class='ocrx_word' id='word_1_510' title='bbox 1701 230 1833 264; x_wconf 83' lang='lat' dir='ltr'><strong>Quoniam</strong></span> 
     </span>
    </p>
   </div>
   <div class='ocr_carea' id='block_1_64' title="bbox 1043 274 1833 312">
    <p class='ocr_par' dir='ltr' id='par_1_64' title="bbox 1043 274 1833 312">
     <span class='ocr_line' id='line_1_64' title="bbox 1043 274 1833 312; baseline 0.004 -12"><span class='ocrx_word' id='word_1_511' title='bbox 1043 274 1198 302; x_wconf 84' lang='lat' dir='ltr'><strong>circumfert</strong></span> <span class='ocrx_word' id='word_1_512' title='bbox 1220 283 1320 311; x_wconf 87' lang='lat' dir='ltr'><strong>corpus</strong></span> <span class='ocrx_word' id='word_1_513' title='bbox 1346 282 1479 312; x_wconf 88' lang='lat' dir='ltr'><strong>tamquam</strong></span> <span class='ocrx_word' id='word_1_514' title='bbox 1501 277 1665 312; x_wconf 87' lang='lat' dir='ltr'><strong>sepulcrum,</strong></span> <span class='ocrx_word' id='word_1_515' title='bbox 1680 277 1833 312; x_wconf 80' lang='lat' dir='ltr'><strong>colligatum</strong></span> 
     </span>
    </p>
   </div>
   <div class='ocr_carea' id='block_1_65' title="bbox 1043 319 1833 357">
    <p class='ocr_par' dir='ltr' id='par_1_65' title="bbox 1043 319 1833 357">
     <span class='ocr_line' id='line_1_65' title="bbox 1043 319 1833 357; baseline 0.004 -11"><span class='ocrx_word' id='word_1_516' title='bbox 1043 319 1120 347; x_wconf 79' lang='lat' dir='ltr'><strong>malis</strong></span> <span class='ocrx_word' id='word_1_517' title='bbox 1135 320 1384 350; x_wconf 85' lang='lat' dir='ltr'><strong>innumerabilibus.</strong></span> <span class='ocrx_word' id='word_1_518' title='bbox 1405 323 1434 353; x_wconf 80' lang='lat' dir='ltr'><strong>Si</strong></span> <span class='ocrx_word' id='word_1_519' title='bbox 1456 327 1547 350; x_wconf 91' lang='lat' dir='ltr'><strong>autem</strong></span> <span class='ocrx_word' id='word_1_520' title='bbox 1572 330 1670 357; x_wconf 90' lang='lat' dir='ltr'><strong>corpus</strong></span> <span class='ocrx_word' id='word_1_521' title='bbox 1690 323 1726 349; x_wconf 93' lang='lat' dir='ltr'><strong>ita</strong></span> <span class='ocrx_word' id='word_1_522' title='bbox 1746 323 1833 357; x_wconf 85' lang='lat' dir='ltr'><strong>perit,</strong></span> 
     </span>
    </p>
   </div>
   <div class='ocr_carea' id='block_1_66' title="bbox 1042 366 1833 402">
    <p class='ocr_par' dir='ltr' id='par_1_66' title="bbox 1042 366 1833 402">
     <span class='ocr_line' id='line_1_66' title="bbox 1042 366 1833 402; baseline 0.004 -10"><span class='ocrx_word' id='word_1_523' title='bbox 1042 366 1178 399; x_wconf 88' lang='lat' dir='ltr'><strong>quomodo</strong></span> <span class='ocrx_word' id='word_1_524' title='bbox 1191 366 1325 395; x_wconf 85' lang='lat' dir='ltr'><strong>afﬁcietur</strong></span> <span class='ocrx_word' id='word_1_525' title='bbox 1339 368 1427 395; x_wconf 90' lang='lat' dir='ltr'><strong>anima</strong></span> <span class='ocrx_word' id='word_1_526' title='bbox 1439 388 1445 400; x_wconf 88' lang='lat'><strong>,</strong></span> <span class='ocrx_word' id='word_1_527' title='bbox 1462 372 1562 402; x_wconf 85' lang='lat' dir='ltr'><strong>quanto</strong></span> <span class='ocrx_word' id='word_1_528' title='bbox 1575 368 1690 395; x_wconf 90' lang='lat' dir='ltr'><strong>tumultu</strong></span> <span class='ocrx_word' id='word_1_529' title='bbox 1700 388 1709 401; x_wconf 89' lang='lat'><strong>,</strong></span> <span class='ocrx_word' id='word_1_530' title='bbox 1725 369 1833 402; x_wconf 87' lang='lat' dir='ltr'><strong>quantis</strong></span> 
     </span>
    </p>
   </div>
   <div class='ocr_carea' id='block_1_67' title="bbox 1042 409 1832 448">
    <p class='ocr_par' dir='ltr' id='par_1_67' title="bbox 1042 409 1832 448">
     <span class='ocr_line' id='line_1_67' title="bbox 1042 409 1832 448; baseline 0.004 -11"><span class='ocrx_word' id='word_1_531' title='bbox 1042 409 1168 438; x_wconf 82' lang='lat' dir='ltr'><strong>ﬂuctibus</strong></span> <span class='ocrx_word' id='word_1_532' title='bbox 1178 432 1186 444; x_wconf 94' lang='lat'><strong>,</strong></span> <span class='ocrx_word' id='word_1_533' title='bbox 1202 417 1301 447; x_wconf 83' lang='lat' dir='ltr'><strong>quanta</strong></span> <span class='ocrx_word' id='word_1_534' title='bbox 1316 417 1476 447; x_wconf 81' lang='lat' dir='ltr'><strong>tempestate</strong></span> <span class='ocrx_word' id='word_1_535' title='bbox 1489 414 1541 440; x_wconf 89' lang='lat' dir='ltr'><strong>erit</strong></span> <span class='ocrx_word' id='word_1_536' title='bbox 1556 414 1674 441; x_wconf 83' lang='lat' dir='ltr'><strong>referta?</strong></span> <span class='ocrx_word' id='word_1_537' title='bbox 1688 413 1832 448; x_wconf 85' lang='lat' dir='ltr'><strong>Propterea</strong></span> 
     </span>
    </p>
   </div>
   <div class='ocr_carea' id='block_1_68' title="bbox 1043 457 1833 492">
    <p class='ocr_par' dir='ltr' id='par_1_68' title="bbox 1043 457 1833 492">
     <span class='ocr_line' id='line_1_68' title="bbox 1043 457 1833 492; baseline 0.003 -8"><span class='ocrx_word' id='word_1_538' title='bbox 1043 457 1151 492; x_wconf 91' lang='lat' dir='ltr'><strong>quidem</strong></span> <span class='ocrx_word' id='word_1_539' title='bbox 1164 463 1237 485; x_wconf 84' lang='lat' dir='ltr'><strong>certe</strong></span> <span class='ocrx_word' id='word_1_540' title='bbox 1247 458 1281 485; x_wconf 88' lang='lat' dir='ltr'><strong>ad</strong></span> <span class='ocrx_word' id='word_1_541' title='bbox 1295 460 1385 485; x_wconf 91' lang='lat' dir='ltr'><strong>omnia</strong></span> <span class='ocrx_word' id='word_1_542' title='bbox 1396 459 1428 486; x_wconf 95' lang='lat' dir='ltr'><strong>sit</strong></span> <span class='ocrx_word' id='word_1_543' title='bbox 1443 459 1556 490; x_wconf 87' lang='lat' dir='ltr'><strong>inutilis,</strong></span> <span class='ocrx_word' id='word_1_544' title='bbox 1567 465 1595 486; x_wconf 88' lang='lat' dir='ltr'><strong>et</strong></span> <span class='ocrx_word' id='word_1_545' title='bbox 1609 466 1659 486; x_wconf 88' lang='lat' dir='ltr'><strong>nec</strong></span> <span class='ocrx_word' id='word_1_546' title='bbox 1672 458 1773 492; x_wconf 86' lang='lat' dir='ltr'><strong>dicere,</strong></span> <span class='ocrx_word' id='word_1_547' title='bbox 1783 466 1833 485; x_wconf 83' lang='lat' dir='ltr'><strong>tice</strong></span> 
     </span>
    </p>
   </div>
   <div class='ocr_carea' id='block_1_69' title="bbox 1042 503 1829 541">
    <p class='ocr_par' dir='ltr' id='par_1_69' title="bbox 1042 503 1829 541">
     <span class='ocr_line' id='line_1_69' title="bbox 1042 503 1829 541; baseline 0.004 -11"><span class='ocrx_word' id='word_1_548' title='bbox 1042 503 1146 536; x_wconf 82' lang='lat' dir='ltr'><strong>audire,</strong></span> <span class='ocrx_word' id='word_1_549' title='bbox 1161 511 1248 539; x_wconf 89' lang='lat' dir='ltr'><strong>neque</strong></span> <span class='ocrx_word' id='word_1_550' title='bbox 1257 506 1412 533; x_wconf 86' lang='lat' dir='ltr'><strong>consultare</strong></span> <span class='ocrx_word' id='word_1_551' title='bbox 1430 513 1517 540; x_wconf 87' lang='lat' dir='ltr'><strong>neque</strong></span> <span class='ocrx_word' id='word_1_552' title='bbox 1530 506 1629 540; x_wconf 83' lang='lat' dir='ltr'><strong>aliquid</strong></span> <span class='ocrx_word' id='word_1_553' title='bbox 1644 513 1723 541; x_wconf 81' lang='lat' dir='ltr'><strong>agere</strong></span> <span class='ocrx_word' id='word_1_554' title='bbox 1735 513 1829 533; x_wconf 88' lang='lat' dir='ltr'><strong>eorum</strong></span> 
     </span>
    </p>
   </div>
   <div class='ocr_carea' id='block_1_70' title="bbox 1041 549 1830 586">
    <p class='ocr_par' dir='ltr' id='par_1_70' title="bbox 1041 549 1830 586">
     <span class='ocr_line' id='line_1_70' title="bbox 1041 549 1830 586; baseline 0.003 -10"><span class='ocrx_word' id='word_1_555' title='bbox 1041 556 1101 584; x_wconf 82' lang='lat' dir='ltr'><strong>quae</strong></span> <span class='ocrx_word' id='word_1_556' title='bbox 1115 549 1193 577; x_wconf 90' lang='lat' dir='ltr'><strong>decet</strong></span> <span class='ocrx_word' id='word_1_557' title='bbox 1215 550 1293 578; x_wconf 85' lang='lat' dir='ltr'><strong>facile</strong></span> <span class='ocrx_word' id='word_1_558' title='bbox 1318 551 1433 585; x_wconf 86' lang='lat' dir='ltr'><strong>poterit:</strong></span> <span class='ocrx_word' id='word_1_559' title='bbox 1448 551 1495 578; x_wconf 89' lang='lat' dir='ltr'><strong>sed</strong></span> <span class='ocrx_word' id='word_1_560' title='bbox 1517 552 1588 579; x_wconf 86' lang='lat' dir='ltr'><strong>sicut</strong></span> <span class='ocrx_word' id='word_1_561' title='bbox 1606 552 1769 586; x_wconf 82' lang='lat' dir='ltr'><strong>gubernator</strong></span> <span class='ocrx_word' id='word_1_562' title='bbox 1780 571 1788 582; x_wconf 93' lang='lat'><strong>,</strong></span> <span class='ocrx_word' id='word_1_563' title='bbox 1805 551 1830 578; x_wconf 89' lang='lat' dir='ltr'><strong>si</strong></span> 
     </span>
    </p>
   </div>
   <div class='ocr_carea' id='block_1_71' title="bbox 1041 596 1831 631">
    <p class='ocr_par' dir='ltr' id='par_1_71' title="bbox 1041 596 1831 631">
     <span class='ocr_line' id='line_1_71' title="bbox 1041 596 1831 631; baseline 0.003 -9"><span class='ocrx_word' id='word_1_564' title='bbox 1041 598 1188 629; x_wconf 82' lang='lat' dir='ltr'><strong>tempestas</strong></span> <span class='ocrx_word' id='word_1_565' title='bbox 1202 596 1297 623; x_wconf 87' lang='lat' dir='ltr'><strong>vicerit</strong></span> <span class='ocrx_word' id='word_1_566' title='bbox 1308 601 1393 624; x_wconf 89' lang='lat' dir='ltr'><strong>artem</strong></span> <span class='ocrx_word' id='word_1_567' title='bbox 1405 616 1412 628; x_wconf 95' lang='lat'><strong>,</strong></span> <span class='ocrx_word' id='word_1_568' title='bbox 1428 604 1490 624; x_wconf 90' lang='lat' dir='ltr'><strong>cum</strong></span> <span class='ocrx_word' id='word_1_569' title='bbox 1506 597 1562 631; x_wconf 88' lang='lat' dir='ltr'><strong>ipsa</strong></span> <span class='ocrx_word' id='word_1_570' title='bbox 1578 605 1645 624; x_wconf 90' lang='lat' dir='ltr'><strong>nave</strong></span> <span class='ocrx_word' id='word_1_571' title='bbox 1665 601 1690 624; x_wconf 90' lang='lat' dir='ltr'><strong>et</strong></span> <span class='ocrx_word' id='word_1_572' title='bbox 1715 598 1831 624; x_wconf 84' lang='lat' dir='ltr'><strong>vectori—</strong></span> 
     </span>
    </p>
   </div>
   <div class='ocr_carea' id='block_1_72' title="bbox 1040 641 1827 678">
    <p class='ocr_par' dir='ltr' id='par_1_72' title="bbox 1040 641 1827 678">
     <span class='ocr_line' id='line_1_72' title="bbox 1040 641 1827 678; baseline 0.003 -10"><span class='ocrx_word' id='word_1_573' title='bbox 1040 641 1091 669; x_wconf 86' lang='lat' dir='ltr'><strong>bus</strong></span> <span class='ocrx_word' id='word_1_574' title='bbox 1105 641 1302 676; x_wconf 78' lang='lat' dir='ltr'><strong>submergitur:</strong></span> <span class='ocrx_word' id='word_1_575' title='bbox 1319 642 1355 669; x_wconf 85' lang='lat' dir='ltr'><strong>ita</strong></span> <span class='ocrx_word' id='word_1_576' title='bbox 1369 643 1451 670; x_wconf 91' lang='lat' dir='ltr'><strong>etiam</strong></span> <span class='ocrx_word' id='word_1_577' title='bbox 1466 643 1554 669; x_wconf 88' lang='lat' dir='ltr'><strong>anima</strong></span> <span class='ocrx_word' id='word_1_578' title='bbox 1569 650 1630 669; x_wconf 90' lang='lat' dir='ltr'><strong>cum</strong></span> <span class='ocrx_word' id='word_1_579' title='bbox 1649 651 1764 678; x_wconf 87' lang='lat' dir='ltr'><strong>corpore</strong></span> <span class='ocrx_word' id='word_1_580' title='bbox 1778 643 1827 670; x_wconf 85' lang='lat' dir='ltr'><strong>de-</strong></span> 
     </span>
    </p>
   </div>
   <div class='ocr_carea' id='block_1_73' title="bbox 1040 688 1831 724">
    <p class='ocr_par' dir='ltr' id='par_1_73' title="bbox 1040 688 1831 724">
     <span class='ocr_line' id='line_1_73' title="bbox 1040 688 1831 724; baseline 0.003 -10"><span class='ocrx_word' id='word_1_581' title='bbox 1040 688 1171 722; x_wconf 79' lang='lat' dir='ltr'><strong>mergitur</strong></span> <span class='ocrx_word' id='word_1_582' title='bbox 1192 689 1219 715; x_wconf 94' lang='lat' dir='ltr'><strong>in</strong></span> <span class='ocrx_word' id='word_1_583' title='bbox 1243 696 1351 722; x_wconf 75' lang='lat' dir='ltr'><strong>gravent</strong></span> <span class='ocrx_word' id='word_1_584' title='bbox 1377 689 1504 724; x_wconf 84' lang='lat' dir='ltr'><strong>abyssum</strong></span> <span class='ocrx_word' id='word_1_585' title='bbox 1527 689 1750 716; x_wconf 86' lang='lat' dir='ltr'><strong>inscnsibilitatis.</strong></span> <span class='ocrx_word' id='word_1_586' title='bbox 1764 689 1831 716; x_wconf 83' lang='lat' dir='ltr'><strong>Nam</strong></span> 
     </span>
    </p>
   </div>
   <div class='ocr_carea' id='block_1_74' title="bbox 1039 733 1828 768">
    <p class='ocr_par' dir='ltr' id='par_1_74' title="bbox 1039 733 1828 768">
     <span class='ocr_line' id='line_1_74' title="bbox 1039 733 1828 768; baseline 0.001 -8"><span class='ocrx_word' id='word_1_587' title='bbox 1039 733 1110 761; x_wconf 89' lang='lat' dir='ltr'><strong>sicut</strong></span> <span class='ocrx_word' id='word_1_588' title='bbox 1123 733 1265 768; x_wconf 87' lang='lat' dir='ltr'><strong>quamdam</strong></span> <span class='ocrx_word' id='word_1_589' title='bbox 1280 735 1379 761; x_wconf 88' lang='lat' dir='ltr'><strong>molam</strong></span> <span class='ocrx_word' id='word_1_590' title='bbox 1396 735 1466 762; x_wconf 87' lang='lat' dir='ltr'><strong>Deus</strong></span> <span class='ocrx_word' id='word_1_591' title='bbox 1487 735 1565 762; x_wconf 90' lang='lat' dir='ltr'><strong>nobis</strong></span> <span class='ocrx_word' id='word_1_592' title='bbox 1589 739 1710 762; x_wconf 89' lang='lat' dir='ltr'><strong>ventrem</strong></span> <span class='ocrx_word' id='word_1_593' title='bbox 1724 735 1828 767; x_wconf 89' lang='lat' dir='ltr'><strong>indidit,</strong></span> 
     </span>
    </p>
   </div>
   <div class='ocr_carea' id='block_1_75' title="bbox 1039 779 1830 815">
    <p class='ocr_par' dir='ltr' id='par_1_75' title="bbox 1039 779 1830 815">
     <span class='ocr_line' id='line_1_75' title="bbox 1039 779 1830 815; baseline 0.003 -9"><span class='ocrx_word' id='word_1_594' title='bbox 1039 779 1100 807; x_wconf 84' lang='lat' dir='ltr'><strong>data</strong></span> <span class='ocrx_word' id='word_1_595' title='bbox 1114 780 1273 815; x_wconf 73' lang='lat' dir='ltr'><strong>congruenti</strong></span> <span class='ocrx_word' id='word_1_596' title='bbox 1287 784 1316 808; x_wconf 89' lang='lat' dir='ltr'><strong>et</strong></span> <span class='ocrx_word' id='word_1_597' title='bbox 1329 781 1467 809; x_wconf 89' lang='lat' dir='ltr'><strong>moderata</strong></span> <span class='ocrx_word' id='word_1_598' title='bbox 1483 782 1619 814; x_wconf 86' lang='lat' dir='ltr'><strong>facultate,</strong></span> <span class='ocrx_word' id='word_1_599' title='bbox 1635 786 1662 809; x_wconf 90' lang='lat' dir='ltr'><strong>et</strong></span> <span class='ocrx_word' id='word_1_600' title='bbox 1676 786 1750 809; x_wconf 91' lang='lat' dir='ltr'><strong>certa</strong></span> <span class='ocrx_word' id='word_1_601' title='bbox 1763 789 1830 809; x_wconf 86' lang='lat' dir='ltr'><strong>con-</strong></span> 
     </span>
    </p>
   </div>
   <div class='ocr_carea' id='block_1_76' title="bbox 1039 824 1831 862">
    <p class='ocr_par' dir='ltr' id='par_1_76' title="bbox 1039 824 1831 862">
     <span class='ocr_line' id='line_1_76' title="bbox 1039 824 1831 862; baseline 0.003 -10"><span class='ocrx_word' id='word_1_602' title='bbox 1039 824 1131 852; x_wconf 83' lang='lat' dir='ltr'><strong>stituta</strong></span> <span class='ocrx_word' id='word_1_603' title='bbox 1150 833 1295 859; x_wconf 89' lang='lat' dir='ltr'><strong>mensura,</strong></span> <span class='ocrx_word' id='word_1_604' title='bbox 1311 834 1391 861; x_wconf 87' lang='lat' dir='ltr'><strong>quam</strong></span> <span class='ocrx_word' id='word_1_605' title='bbox 1407 826 1495 861; x_wconf 92' lang='lat' dir='ltr'><strong>ipsum</strong></span> <span class='ocrx_word' id='word_1_606' title='bbox 1518 831 1624 862; x_wconf 88' lang='lat' dir='ltr'><strong>oportet</strong></span> <span class='ocrx_word' id='word_1_607' title='bbox 1638 827 1757 862; x_wconf 88' lang='lat' dir='ltr'><strong>quotidie</strong></span> <span class='ocrx_word' id='word_1_608' title='bbox 1774 835 1831 854; x_wconf 90' lang='lat' dir='ltr'><strong>mo-</strong></span> 
     </span>
    </p>
   </div>
   <div class='ocr_carea' id='block_1_77' title="bbox 1038 869 1832 908">
    <p class='ocr_par' dir='ltr' id='par_1_77' title="bbox 1038 869 1832 908">
     <span class='ocr_line' id='line_1_77' title="bbox 1038 869 1832 908; baseline 0.004 -11"><span class='ocrx_word' id='word_1_609' title='bbox 1038 869 1106 898; x_wconf 88' lang='lat' dir='ltr'><strong>lere.</strong></span> <span class='ocrx_word' id='word_1_610' title='bbox 1117 870 1146 898; x_wconf 92' lang='lat' dir='ltr'><strong>Si</strong></span> <span class='ocrx_word' id='word_1_611' title='bbox 1159 871 1219 906; x_wconf 88' lang='lat' dir='ltr'><strong>quis</strong></span> <span class='ocrx_word' id='word_1_612' title='bbox 1231 879 1296 906; x_wconf 79' lang='lat' dir='ltr'><strong>ergo</strong></span> <span class='ocrx_word' id='word_1_613' title='bbox 1310 872 1386 906; x_wconf 87' lang='lat' dir='ltr'><strong>plura</strong></span> <span class='ocrx_word' id='word_1_614' title='bbox 1400 872 1511 908; x_wconf 85' lang='lat' dir='ltr'><strong>injiciat,</strong></span> <span class='ocrx_word' id='word_1_615' title='bbox 1525 880 1555 900; x_wconf 91' lang='lat' dir='ltr'><strong>ea</strong></span> <span class='ocrx_word' id='word_1_616' title='bbox 1569 880 1622 900; x_wconf 90' lang='lat' dir='ltr'><strong>non</strong></span> <span class='ocrx_word' id='word_1_617' title='bbox 1635 873 1757 900; x_wconf 88' lang='lat' dir='ltr'><strong>confecta</strong></span> <span class='ocrx_word' id='word_1_618' title='bbox 1771 874 1832 901; x_wconf 40' lang='lat' dir='ltr'><strong>uni.</strong></span> 
     </span>
    </p>
   </div>
   <div class='ocr_carea' id='block_1_78' title="bbox 1038 917 1830 948">
    <p class='ocr_par' dir='ltr' id='par_1_78' title="bbox 1038 917 1830 948">
     <span class='ocr_line' id='line_1_78' title="bbox 1038 917 1830 948; baseline 0.005 -5"><span class='ocrx_word' id='word_1_619' title='bbox 1038 923 1117 944; x_wconf 88' lang='lat' dir='ltr'><strong>verso</strong></span> <span class='ocrx_word' id='word_1_620' title='bbox 1131 917 1241 944; x_wconf 87' lang='lat' dir='ltr'><strong>exilium</strong></span> <span class='ocrx_word' id='word_1_621' title='bbox 1255 917 1381 946; x_wconf 83' lang='lat' dir='ltr'><strong>all&#39;erunt.</strong></span> <span class='ocrx_word' id='word_1_622' title='bbox 1405 918 1473 946; x_wconf 85' lang='lat' dir='ltr'><strong>Hinc</strong></span> <span class='ocrx_word' id='word_1_623' title='bbox 1486 919 1574 946; x_wconf 90' lang='lat' dir='ltr'><strong>morbi</strong></span> <span class='ocrx_word' id='word_1_624' title='bbox 1589 924 1617 946; x_wconf 91' lang='lat' dir='ltr'><strong>et</strong></span> <span class='ocrx_word' id='word_1_625' title='bbox 1635 919 1830 948; x_wconf 88' lang='lat' dir='ltr'><strong>imbecillitates</strong></span> 
     </span>
    </p>
   </div>
   <div class='ocr_carea' id='block_1_79' title="bbox 1037 961 1831 999">
    <p class='ocr_par' dir='ltr' id='par_1_79' title="bbox 1037 961 1831 999">
     <span class='ocr_line' id='line_1_79' title="bbox 1037 961 1831 999; baseline 0.008 -11"><span class='ocrx_word' id='word_1_626' title='bbox 1037 965 1066 989; x_wconf 84' lang='lat' dir='ltr'><strong>et</strong></span> <span class='ocrx_word' id='word_1_627' title='bbox 1080 961 1265 991; x_wconf 87' lang='lat' dir='ltr'><strong>deformitates</strong></span> <span class='ocrx_word' id='word_1_628' title='bbox 1278 971 1285 990; x_wconf 85' lang='lat'><strong>:</strong></span> <span class='ocrx_word' id='word_1_629' title='bbox 1302 971 1355 991; x_wconf 91' lang='lat' dir='ltr'><strong>non</strong></span> <span class='ocrx_word' id='word_1_630' title='bbox 1372 965 1443 992; x_wconf 89' lang='lat' dir='ltr'><strong>enim</strong></span> <span class='ocrx_word' id='word_1_631' title='bbox 1459 965 1544 993; x_wconf 90' lang='lat' dir='ltr'><strong>solum</strong></span> <span class='ocrx_word' id='word_1_632' title='bbox 1560 966 1725 999; x_wconf 83' lang='lat' dir='ltr'><strong>morbidum,</strong></span> <span class='ocrx_word' id='word_1_633' title='bbox 1740 967 1787 994; x_wconf 89' lang='lat' dir='ltr'><strong>sed</strong></span> <span class='ocrx_word' id='word_1_634' title='bbox 1802 971 1831 994; x_wconf 88' lang='lat' dir='ltr'><strong>et</strong></span> 
     </span>
    </p>
   </div>
   <div class='ocr_carea' id='block_1_80' title="bbox 1037 1008 1831 1047">
    <p class='ocr_par' dir='ltr' id='par_1_80' title="bbox 1037 1008 1831 1047">
     <span class='ocr_line' id='line_1_80' title="bbox 1037 1008 1831 1047; baseline 0.003 -11"><span class='ocrx_word' id='word_1_635' title='bbox 1037 1013 1142 1044; x_wconf 88' lang='lat' dir='ltr'><strong>turpem</strong></span> <span class='ocrx_word' id='word_1_636' title='bbox 1158 1008 1259 1038; x_wconf 91' lang='lat' dir='ltr'><strong>faciunt</strong></span> <span class='ocrx_word' id='word_1_637' title='bbox 1270 1010 1374 1038; x_wconf 65' lang='lat' dir='ltr'><strong>delicia:</strong></span> <span class='ocrx_word' id='word_1_638' title='bbox 1387 1018 1446 1038; x_wconf 87' lang='lat' dir='ltr'><strong>eam</strong></span> <span class='ocrx_word' id='word_1_639' title='bbox 1461 1019 1521 1047; x_wconf 75' lang='lat' dir='ltr'><strong>qua:</strong></span> <span class='ocrx_word' id='word_1_640' title='bbox 1536 1012 1644 1047; x_wconf 87' lang='lat' dir='ltr'><strong>pulchra</strong></span> <span class='ocrx_word' id='word_1_641' title='bbox 1657 1017 1726 1041; x_wconf 87' lang='lat' dir='ltr'><strong>erat.</strong></span> <span class='ocrx_word' id='word_1_642' title='bbox 1740 1013 1831 1046; x_wconf 86' lang='lat' dir='ltr'><strong>Quan-</strong></span> 
     </span>
    </p>
   </div>
   <div class='ocr_carea' id='block_1_81' title="bbox 1037 1054 1829 1093">
    <p class='ocr_par' dir='ltr' id='par_1_81' title="bbox 1037 1054 1829 1093">
     <span class='ocr_line' id='line_1_81' title="bbox 1037 1054 1829 1093; baseline 0.004 -11"><span class='ocrx_word' id='word_1_643' title='bbox 1037 1054 1073 1082; x_wconf 93' lang='lat' dir='ltr'><strong>do</strong></span> <span class='ocrx_word' id='word_1_644' title='bbox 1095 1055 1167 1082; x_wconf 88' lang='lat' dir='ltr'><strong>enim</strong></span> <span class='ocrx_word' id='word_1_645' title='bbox 1182 1055 1325 1091; x_wconf 86' lang='lat' dir='ltr'><strong>injucunda</strong></span> <span class='ocrx_word' id='word_1_646' title='bbox 1340 1057 1448 1085; x_wconf 86' lang='lat' dir='ltr'><strong>assidue</strong></span> <span class='ocrx_word' id='word_1_647' title='bbox 1463 1062 1581 1089; x_wconf 87' lang='lat' dir='ltr'><strong>eructat,</strong></span> <span class='ocrx_word' id='word_1_648' title='bbox 1595 1063 1623 1086; x_wconf 90' lang='lat' dir='ltr'><strong>et</strong></span> <span class='ocrx_word' id='word_1_649' title='bbox 1638 1058 1772 1093; x_wconf 83' lang='lat' dir='ltr'><strong>putridum</strong></span> <span class='ocrx_word' id='word_1_650' title='bbox 1787 1058 1829 1085; x_wconf 91' lang='lat' dir='ltr'><strong>vi-</strong></span> 
     </span>
    </p>
   </div>
   <div class='ocr_carea' id='block_1_82' title="bbox 1037 1100 1829 1137">
    <p class='ocr_par' dir='ltr' id='par_1_82' title="bbox 1037 1100 1829 1137">
     <span class='ocr_line' id='line_1_82' title="bbox 1037 1100 1829 1137; baseline 0.005 -11"><span class='ocrx_word' id='word_1_651' title='bbox 1037 1107 1101 1127; x_wconf 89' lang='lat' dir='ltr'><strong>num</strong></span> <span class='ocrx_word' id='word_1_652' title='bbox 1115 1100 1217 1135; x_wconf 87' lang='lat' dir='ltr'><strong>spirat,</strong></span> <span class='ocrx_word' id='word_1_653' title='bbox 1233 1104 1261 1128; x_wconf 90' lang='lat' dir='ltr'><strong>et</strong></span> <span class='ocrx_word' id='word_1_654' title='bbox 1279 1101 1339 1136; x_wconf 88' lang='lat' dir='ltr'><strong>plus</strong></span> <span class='ocrx_word' id='word_1_655' title='bbox 1351 1109 1430 1137; x_wconf 92' lang='lat' dir='ltr'><strong>quam</strong></span> <span class='ocrx_word' id='word_1_656' title='bbox 1452 1109 1502 1136; x_wconf 87' lang='lat' dir='ltr'><strong>par</strong></span> <span class='ocrx_word' id='word_1_657' title='bbox 1521 1102 1556 1130; x_wconf 90' lang='lat' dir='ltr'><strong>sit</strong></span> <span class='ocrx_word' id='word_1_658' title='bbox 1575 1103 1708 1136; x_wconf 86' lang='lat' dir='ltr'><strong>rubescit,</strong></span> <span class='ocrx_word' id='word_1_659' title='bbox 1722 1108 1750 1130; x_wconf 88' lang='lat' dir='ltr'><strong>et</strong></span> <span class='ocrx_word' id='word_1_660' title='bbox 1764 1111 1829 1131; x_wconf 87' lang='lat' dir='ltr'><strong>eum</strong></span> 
     </span>
    </p>
   </div>
   <div class='ocr_carea' id='block_1_83' title="bbox 1037 1145 1831 1184">
    <p class='ocr_par' dir='ltr' id='par_1_83' title="bbox 1037 1145 1831 1184">
     <span class='ocr_line' id='line_1_83' title="bbox 1037 1145 1831 1184; baseline 0.004 -12"><span class='ocrx_word' id='word_1_661' title='bbox 1037 1145 1083 1179; x_wconf 86' lang='lat' dir='ltr'><strong>qui</strong></span> <span class='ocrx_word' id='word_1_662' title='bbox 1097 1145 1204 1173; x_wconf 92' lang='lat' dir='ltr'><strong>mulieri</strong></span> <span class='ocrx_word' id='word_1_663' title='bbox 1217 1147 1344 1174; x_wconf 86' lang='lat' dir='ltr'><strong>convenit</strong></span> <span class='ocrx_word' id='word_1_664' title='bbox 1357 1152 1482 1175; x_wconf 90' lang='lat' dir='ltr'><strong>ornatum</strong></span> <span class='ocrx_word' id='word_1_665' title='bbox 1493 1149 1652 1183; x_wconf 86' lang='lat' dir='ltr'><strong>corrumpit,</strong></span> <span class='ocrx_word' id='word_1_666' title='bbox 1668 1156 1831 1184; x_wconf 88' lang='lat' dir='ltr'><strong>omnemque</strong></span> 
     </span>
    </p>
   </div>
   <div class='ocr_carea' id='block_1_84' title="bbox 1037 1190 1829 1229">
    <p class='ocr_par' dir='ltr' id='par_1_84' title="bbox 1037 1190 1829 1229">
     <span class='ocr_line' id='line_1_84' title="bbox 1037 1190 1829 1229; baseline 0.005 -12"><span class='ocrx_word' id='word_1_667' title='bbox 1037 1190 1126 1225; x_wconf 90' lang='lat' dir='ltr'><strong>perdit</strong></span> <span class='ocrx_word' id='word_1_668' title='bbox 1139 1190 1264 1219; x_wconf 91' lang='lat' dir='ltr'><strong>decorem</strong></span> <span class='ocrx_word' id='word_1_669' title='bbox 1285 1197 1313 1220; x_wconf 90' lang='lat' dir='ltr'><strong>et</strong></span> <span class='ocrx_word' id='word_1_670' title='bbox 1336 1192 1524 1226; x_wconf 86' lang='lat' dir='ltr'><strong>honestatem;</strong></span> <span class='ocrx_word' id='word_1_671' title='bbox 1548 1198 1576 1221; x_wconf 89' lang='lat' dir='ltr'><strong>et</strong></span> <span class='ocrx_word' id='word_1_672' title='bbox 1601 1194 1710 1222; x_wconf 85' lang='lat' dir='ltr'><strong>ﬁaccida</strong></span> <span class='ocrx_word' id='word_1_673' title='bbox 1722 1194 1829 1229; x_wconf 89' lang='lat' dir='ltr'><strong>quidem</strong></span> 
     </span>
    </p>
   </div>
   <div class='ocr_carea' id='block_1_85' title="bbox 1038 1235 1831 1273">
    <p class='ocr_par' dir='ltr' id='par_1_85' title="bbox 1038 1235 1831 1273">
     <span class='ocr_line' id='line_1_85' title="bbox 1038 1235 1831 1273; baseline 0.008 -12"><span class='ocrx_word' id='word_1_674' title='bbox 1038 1235 1067 1261; x_wconf 87' lang='lat' dir='ltr'><strong>ﬁt</strong></span> <span class='ocrx_word' id='word_1_675' title='bbox 1082 1242 1161 1267; x_wconf 83' lang='lat' dir='ltr'><strong>caro,</strong></span> <span class='ocrx_word' id='word_1_676' title='bbox 1181 1237 1326 1271; x_wconf 80' lang='lat' dir='ltr'><strong>sanguinea</strong></span> <span class='ocrx_word' id='word_1_677' title='bbox 1345 1242 1435 1264; x_wconf 90' lang='lat' dir='ltr'><strong>autem</strong></span> <span class='ocrx_word' id='word_1_678' title='bbox 1454 1243 1481 1265; x_wconf 91' lang='lat' dir='ltr'><strong>ct</strong></span> <span class='ocrx_word' id='word_1_679' title='bbox 1503 1238 1606 1265; x_wconf 84' lang='lat' dir='ltr'><strong>intensa</strong></span> <span class='ocrx_word' id='word_1_680' title='bbox 1622 1239 1767 1273; x_wconf 78' lang='lat' dir='ltr'><strong>supercilia</strong></span> <span class='ocrx_word' id='word_1_681' title='bbox 1779 1259 1786 1271; x_wconf 93' lang='lat'><strong>,</strong></span> <span class='ocrx_word' id='word_1_682' title='bbox 1804 1244 1831 1267; x_wconf 89' lang='lat' dir='ltr'><strong>ct</strong></span> 
     </span>
    </p>
   </div>
   <div class='ocr_carea' id='block_1_86' title="bbox 1038 1281 1826 1320">
    <p class='ocr_par' dir='ltr' id='par_1_86' title="bbox 1038 1281 1826 1320">
     <span class='ocr_line' id='line_1_86' title="bbox 1038 1281 1826 1320; baseline 0.008 -13"><span class='ocrx_word' id='word_1_683' title='bbox 1038 1281 1124 1315; x_wconf 90' lang='lat' dir='ltr'><strong>major</strong></span> <span class='ocrx_word' id='word_1_684' title='bbox 1138 1289 1217 1316; x_wconf 90' lang='lat' dir='ltr'><strong>quam</strong></span> <span class='ocrx_word' id='word_1_685' title='bbox 1231 1289 1279 1317; x_wconf 92' lang='lat' dir='ltr'><strong>par</strong></span> <span class='ocrx_word' id='word_1_686' title='bbox 1292 1284 1328 1311; x_wconf 86' lang='lat' dir='ltr'><strong>sit</strong></span> <span class='ocrx_word' id='word_1_687' title='bbox 1342 1284 1502 1318; x_wconf 85' lang='lat' dir='ltr'><strong>crassitudo,</strong></span> <span class='ocrx_word' id='word_1_688' title='bbox 1511 1289 1538 1312; x_wconf 90' lang='lat' dir='ltr'><strong>et</strong></span> <span class='ocrx_word' id='word_1_689' title='bbox 1552 1292 1750 1320; x_wconf 84' lang='lat' dir='ltr'><strong>supervacanea</strong></span> <span class='ocrx_word' id='word_1_690' title='bbox 1766 1293 1826 1313; x_wconf 87' lang='lat' dir='ltr'><strong>car-</strong></span> 
     </span>
    </p>
   </div>
   <div class='ocr_carea' id='block_1_87' title="bbox 1038 1326 1829 1365">
    <p class='ocr_par' dir='ltr' id='par_1_87' title="bbox 1038 1326 1829 1365">
     <span class='ocr_line' id='line_1_87' title="bbox 1038 1326 1829 1365; baseline 0.006 -11"><span class='ocrx_word' id='word_1_691' title='bbox 1038 1326 1080 1354; x_wconf 90' lang='lat' dir='ltr'><strong>nis</strong></span> <span class='ocrx_word' id='word_1_692' title='bbox 1093 1329 1274 1356; x_wconf 77' lang='lat' dir='ltr'><strong>excrescentia</strong></span> <span class='ocrx_word' id='word_1_693' title='bbox 1285 1337 1292 1355; x_wconf 88' lang='lat'><strong>:</strong></span> <span class='ocrx_word' id='word_1_694' title='bbox 1304 1329 1390 1364; x_wconf 84' lang='lat' dir='ltr'><strong>cogita</strong></span> <span class='ocrx_word' id='word_1_695' title='bbox 1404 1335 1502 1365; x_wconf 89' lang='lat' dir='ltr'><strong>quanta</strong></span> <span class='ocrx_word' id='word_1_696' title='bbox 1515 1331 1576 1358; x_wconf 88' lang='lat' dir='ltr'><strong>hinc</strong></span> <span class='ocrx_word' id='word_1_697' title='bbox 1591 1331 1626 1358; x_wconf 88' lang='lat' dir='ltr'><strong>sit</strong></span> <span class='ocrx_word' id='word_1_698' title='bbox 1639 1331 1788 1359; x_wconf 83' lang='lat' dir='ltr'><strong>insuavitas</strong></span> <span class='ocrx_word' id='word_1_699' title='bbox 1800 1337 1829 1359; x_wconf 87' lang='lat' dir='ltr'><strong>et</strong></span> 
     </span>
    </p>
   </div>
   <div class='ocr_carea' id='block_1_88' title="bbox 1037 1374 1829 1411">
    <p class='ocr_par' dir='ltr' id='par_1_88' title="bbox 1037 1374 1829 1411">
     <span class='ocr_line' id='line_1_88' title="bbox 1037 1374 1829 1411; baseline 0.004 -10"><span class='ocrx_word' id='word_1_700' title='bbox 1037 1374 1170 1402; x_wconf 88' lang='lat' dir='ltr'><strong>molestia.</strong></span> <span class='ocrx_word' id='word_1_701' title='bbox 1192 1375 1288 1403; x_wconf 82' lang='lat' dir='ltr'><strong>Audivi</strong></span> <span class='ocrx_word' id='word_1_702' title='bbox 1311 1384 1418 1411; x_wconf 87' lang='lat' dir='ltr'><strong>quoque</strong></span> <span class='ocrx_word' id='word_1_703' title='bbox 1442 1377 1560 1404; x_wconf 89' lang='lat' dir='ltr'><strong>medicos</strong></span> <span class='ocrx_word' id='word_1_704' title='bbox 1580 1377 1716 1410; x_wconf 88' lang='lat' dir='ltr'><strong>dicentes,</strong></span> <span class='ocrx_word' id='word_1_705' title='bbox 1737 1377 1829 1404; x_wconf 90' lang='lat' dir='ltr'><strong>multis</strong></span> 
     </span>
    </p>
   </div>
   <div class='ocr_carea' id='block_1_89' title="bbox 1038 1419 1830 1456">
    <p class='ocr_par' dir='ltr' id='par_1_89' title="bbox 1038 1419 1830 1456">
     <span class='ocr_line' id='line_1_89' title="bbox 1038 1419 1830 1456; baseline 0.005 -11"><span class='ocrx_word' id='word_1_706' title='bbox 1038 1419 1229 1454; x_wconf 86' lang='lat' dir='ltr'><strong>impedimento</strong></span> <span class='ocrx_word' id='word_1_707' title='bbox 1241 1420 1325 1448; x_wconf 85' lang='lat' dir='ltr'><strong>fuisse</strong></span> <span class='ocrx_word' id='word_1_708' title='bbox 1338 1420 1449 1449; x_wconf 90' lang='lat' dir='ltr'><strong>delicias</strong></span> <span class='ocrx_word' id='word_1_709' title='bbox 1462 1430 1496 1450; x_wconf 92' lang='lat' dir='ltr'><strong>nc</strong></span> <span class='ocrx_word' id='word_1_710' title='bbox 1511 1423 1664 1456; x_wconf 85' lang='lat' dir='ltr'><strong>proccriore</strong></span> <span class='ocrx_word' id='word_1_711' title='bbox 1673 1427 1764 1450; x_wconf 89' lang='lat' dir='ltr'><strong>essent</strong></span> <span class='ocrx_word' id='word_1_712' title='bbox 1774 1426 1830 1449; x_wconf 86' lang='lat' dir='ltr'><strong>sta-</strong></span> 
     </span>
    </p>
   </div>
   <div class='ocr_carea' id='block_1_90' title="bbox 1037 1461 1828 1501">
    <p class='ocr_par' dir='ltr' id='par_1_90' title="bbox 1037 1461 1828 1501">
     <span class='ocr_line' id='line_1_90' title="bbox 1037 1461 1828 1501; baseline 0.005 -10"><span class='ocrx_word' id='word_1_713' title='bbox 1037 1468 1106 1492; x_wconf 89' lang='lat' dir='ltr'><strong>tura.</strong></span> <span class='ocrx_word' id='word_1_714' title='bbox 1124 1465 1191 1492; x_wconf 86' lang='lat' dir='ltr'><strong>Nam</strong></span> <span class='ocrx_word' id='word_1_715' title='bbox 1201 1473 1262 1493; x_wconf 89' lang='lat' dir='ltr'><strong>cum</strong></span> <span class='ocrx_word' id='word_1_716' title='bbox 1275 1461 1450 1494; x_wconf 73' lang='lat' dir='ltr'><strong>intersecatur</strong></span> <span class='ocrx_word' id='word_1_717' title='bbox 1464 1467 1574 1501; x_wconf 86' lang='lat' dir='ltr'><strong>spiritus</strong></span> <span class='ocrx_word' id='word_1_718' title='bbox 1595 1468 1764 1497; x_wconf 88' lang='lat' dir='ltr'><strong>multitudine</strong></span> <span class='ocrx_word' id='word_1_719' title='bbox 1778 1475 1828 1496; x_wconf 85' lang='lat' dir='ltr'><strong>eo-</strong></span> 
     </span>
    </p>
   </div>
   <div class='ocr_carea' id='block_1_91' title="bbox 1036 1511 1824 1547">
    <p class='ocr_par' dir='ltr' id='par_1_91' title="bbox 1036 1511 1824 1547">
     <span class='ocr_line' id='line_1_91' title="bbox 1036 1511 1824 1547; baseline 0.005 -10"><span class='ocrx_word' id='word_1_720' title='bbox 1036 1517 1096 1537; x_wconf 90' lang='lat' dir='ltr'><strong>rum</strong></span> <span class='ocrx_word' id='word_1_721' title='bbox 1118 1518 1177 1546; x_wconf 73' lang='lat' dir='ltr'><strong>quze</strong></span> <span class='ocrx_word' id='word_1_722' title='bbox 1191 1511 1363 1546; x_wconf 85' lang='lat' dir='ltr'><strong>dejictuntur,</strong></span> <span class='ocrx_word' id='word_1_723' title='bbox 1378 1517 1406 1539; x_wconf 91' lang='lat' dir='ltr'><strong>et</strong></span> <span class='ocrx_word' id='word_1_724' title='bbox 1419 1518 1564 1547; x_wconf 89' lang='lat' dir='ltr'><strong>occupetur</strong></span> <span class='ocrx_word' id='word_1_725' title='bbox 1579 1513 1605 1540; x_wconf 91' lang='lat' dir='ltr'><strong>in</strong></span> <span class='ocrx_word' id='word_1_726' title='bbox 1626 1513 1658 1540; x_wconf 89' lang='lat' dir='ltr'><strong>iis</strong></span> <span class='ocrx_word' id='word_1_727' title='bbox 1677 1514 1824 1542; x_wconf 86' lang='lat' dir='ltr'><strong>conﬁcien-</strong></span> 
     </span>
    </p>
   </div>
   <div class='ocr_carea' id='block_1_92' title="bbox 1036 1555 1827 1594">
    <p class='ocr_par' dir='ltr' id='par_1_92' title="bbox 1036 1555 1827 1594">
     <span class='ocr_line' id='line_1_92' title="bbox 1036 1555 1827 1594; baseline 0.006 -12"><span class='ocrx_word' id='word_1_728' title='bbox 1036 1555 1095 1589; x_wconf 89' lang='lat' dir='ltr'><strong>dis,</strong></span> <span class='ocrx_word' id='word_1_729' title='bbox 1109 1556 1182 1591; x_wconf 93' lang='lat' dir='ltr'><strong>quod</strong></span> <span class='ocrx_word' id='word_1_730' title='bbox 1196 1557 1338 1591; x_wconf 87' lang='lat' dir='ltr'><strong>oportebat</strong></span> <span class='ocrx_word' id='word_1_731' title='bbox 1361 1557 1394 1586; x_wconf 89' lang='lat' dir='ltr'><strong>ad</strong></span> <span class='ocrx_word' id='word_1_732' title='bbox 1419 1562 1591 1593; x_wconf 80' lang='lat' dir='ltr'><strong>augmentum</strong></span> <span class='ocrx_word' id='word_1_733' title='bbox 1618 1559 1786 1594; x_wconf 89' lang='lat' dir='ltr'><strong>procedere,</strong></span> <span class='ocrx_word' id='word_1_734' title='bbox 1801 1559 1827 1587; x_wconf 89' lang='lat' dir='ltr'><strong>id</strong></span> 
     </span>
    </p>
   </div>
   <div class='ocr_carea' id='block_1_93' title="bbox 1036 1600 1826 1637">
    <p class='ocr_par' dir='ltr' id='par_1_93' title="bbox 1036 1600 1826 1637">
     <span class='ocr_line' id='line_1_93' title="bbox 1036 1600 1826 1637; baseline 0.004 -8"><span class='ocrx_word' id='word_1_735' title='bbox 1036 1600 1064 1629; x_wconf 88' lang='lat' dir='ltr'><strong>in</strong></span> <span class='ocrx_word' id='word_1_736' title='bbox 1079 1608 1336 1636; x_wconf 85' lang='lat' dir='ltr'><strong>supervacaneorum</strong></span> <span class='ocrx_word' id='word_1_737' title='bbox 1351 1603 1494 1631; x_wconf 85' lang='lat' dir='ltr'><strong>insumitur</strong></span> <span class='ocrx_word' id='word_1_738' title='bbox 1505 1604 1686 1632; x_wconf 85' lang='lat' dir='ltr'><strong>confectione.</strong></span> <span class='ocrx_word' id='word_1_739' title='bbox 1699 1604 1767 1637; x_wconf 91' lang='lat' dir='ltr'><strong>Quid</strong></span> <span class='ocrx_word' id='word_1_740' title='bbox 1783 1604 1826 1632; x_wconf 91' lang='lat' dir='ltr'><strong>di-</strong></span> 
     </span>
    </p>
   </div>
   <div class='ocr_carea' id='block_1_94' title="bbox 1036 1648 1830 1685">
    <p class='ocr_par' dir='ltr' id='par_1_94' title="bbox 1036 1648 1830 1685">
     <span class='ocr_line' id='line_1_94' title="bbox 1036 1648 1830 1685; baseline 0.003 -10"><span class='ocrx_word' id='word_1_741' title='bbox 1036 1648 1109 1675; x_wconf 80' lang='lat' dir='ltr'><strong>xeris</strong></span> <span class='ocrx_word' id='word_1_742' title='bbox 1123 1648 1158 1675; x_wconf 89' lang='lat' dir='ltr'><strong>de</strong></span> <span class='ocrx_word' id='word_1_743' title='bbox 1172 1648 1269 1682; x_wconf 90' lang='lat' dir='ltr'><strong>pedum</strong></span> <span class='ocrx_word' id='word_1_744' title='bbox 1284 1649 1422 1677; x_wconf 91' lang='lat' dir='ltr'><strong>doloribus</strong></span> <span class='ocrx_word' id='word_1_745' title='bbox 1433 1669 1440 1682; x_wconf 96' lang='lat'><strong>,</strong></span> <span class='ocrx_word' id='word_1_746' title='bbox 1457 1649 1491 1677; x_wconf 89' lang='lat' dir='ltr'><strong>de</strong></span> <span class='ocrx_word' id='word_1_747' title='bbox 1512 1649 1652 1678; x_wconf 88' lang='lat' dir='ltr'><strong>rheumate</strong></span> <span class='ocrx_word' id='word_1_748' title='bbox 1665 1650 1737 1685; x_wconf 91' lang='lat' dir='ltr'><strong>quod</strong></span> <span class='ocrx_word' id='word_1_749' title='bbox 1751 1650 1830 1677; x_wconf 85' lang='lat' dir='ltr'><strong>ober-</strong></span> 
     </span>
    </p>
   </div>
   <div class='ocr_carea' id='block_1_95' title="bbox 1036 1695 1830 1732">
    <p class='ocr_par' dir='ltr' id='par_1_95' title="bbox 1036 1695 1830 1732">
     <span class='ocr_line' id='line_1_95' title="bbox 1036 1695 1830 1732; baseline 0.001 -10"><span class='ocrx_word' id='word_1_750' title='bbox 1036 1699 1078 1722; x_wconf 91' lang='lat' dir='ltr'><strong>rat</strong></span> <span class='ocrx_word' id='word_1_751' title='bbox 1092 1695 1118 1722; x_wconf 91' lang='lat' dir='ltr'><strong>in</strong></span> <span class='ocrx_word' id='word_1_752' title='bbox 1141 1702 1236 1723; x_wconf 87' lang='lat' dir='ltr'><strong>omnes</strong></span> <span class='ocrx_word' id='word_1_753' title='bbox 1258 1701 1364 1731; x_wconf 82' lang='lat' dir='ltr'><strong>partes,</strong></span> <span class='ocrx_word' id='word_1_754' title='bbox 1379 1697 1443 1731; x_wconf 92' lang='lat' dir='ltr'><strong>quid</strong></span> <span class='ocrx_word' id='word_1_755' title='bbox 1457 1696 1490 1724; x_wconf 94' lang='lat' dir='ltr'><strong>de</strong></span> <span class='ocrx_word' id='word_1_756' title='bbox 1512 1696 1572 1724; x_wconf 86' lang='lat' dir='ltr'><strong>aliis</strong></span> <span class='ocrx_word' id='word_1_757' title='bbox 1586 1697 1686 1725; x_wconf 88' lang='lat' dir='ltr'><strong>morbis</strong></span> <span class='ocrx_word' id='word_1_758' title='bbox 1699 1697 1743 1732; x_wconf 91' lang='lat' dir='ltr'><strong>qui</strong></span> <span class='ocrx_word' id='word_1_759' title='bbox 1767 1697 1830 1724; x_wconf 88' lang='lat' dir='ltr'><strong>hinc</strong></span> 
     </span>
    </p>
   </div>
   <div class='ocr_carea' id='block_1_96' title="bbox 1037 1744 1830 1781">
    <p class='ocr_par' dir='ltr' id='par_1_96' title="bbox 1037 1744 1830 1781">
     <span class='ocr_line' id='line_1_96' title="bbox 1037 1744 1830 1781; baseline 0.004 -10"><span class='ocrx_word' id='word_1_760' title='bbox 1037 1744 1160 1771; x_wconf 89' lang='lat' dir='ltr'><strong>oriuntur</strong></span> <span class='ocrx_word' id='word_1_761' title='bbox 1171 1765 1178 1778; x_wconf 96' lang='lat'><strong>,</strong></span> <span class='ocrx_word' id='word_1_762' title='bbox 1192 1749 1220 1772; x_wconf 92' lang='lat' dir='ltr'><strong>et</strong></span> <span class='ocrx_word' id='word_1_763' title='bbox 1235 1744 1295 1772; x_wconf 90' lang='lat' dir='ltr'><strong>aliis</strong></span> <span class='ocrx_word' id='word_1_764' title='bbox 1308 1744 1512 1773; x_wconf 88' lang='lat' dir='ltr'><strong>abominandis?</strong></span> <span class='ocrx_word' id='word_1_765' title='bbox 1528 1745 1600 1773; x_wconf 72' lang='lat' dir='ltr'><strong>Nihil</strong></span> <span class='ocrx_word' id='word_1_766' title='bbox 1614 1751 1655 1774; x_wconf 89' lang='lat' dir='ltr'><strong>est</strong></span> <span class='ocrx_word' id='word_1_767' title='bbox 1668 1746 1738 1774; x_wconf 90' lang='lat' dir='ltr'><strong>enim</strong></span> <span class='ocrx_word' id='word_1_768' title='bbox 1752 1754 1830 1781; x_wconf 76' lang='lat' dir='ltr'><strong>teque</strong></span> 
     </span>
    </p>
   </div>
   <div class='ocr_carea' id='block_1_97' title="bbox 1037 1789 1828 1825">
    <p class='ocr_par' dir='ltr' id='par_1_97' title="bbox 1037 1789 1828 1825">
     <span class='ocr_line' id='line_1_97' title="bbox 1037 1789 1828 1825; baseline 0.004 -9"><span class='ocrx_word' id='word_1_769' title='bbox 1037 1789 1210 1823; x_wconf 90' lang='lat' dir='ltr'><strong>injucundum</strong></span> <span class='ocrx_word' id='word_1_770' title='bbox 1224 1794 1252 1817; x_wconf 90' lang='lat' dir='ltr'><strong>et</strong></span> <span class='ocrx_word' id='word_1_771' title='bbox 1266 1790 1376 1818; x_wconf 86' lang='lat' dir='ltr'><strong>insuave</strong></span> <span class='ocrx_word' id='word_1_772' title='bbox 1389 1795 1420 1818; x_wconf 91' lang='lat' dir='ltr'><strong>ut</strong></span> <span class='ocrx_word' id='word_1_773' title='bbox 1432 1791 1529 1818; x_wconf 92' lang='lat' dir='ltr'><strong>mulier</strong></span> <span class='ocrx_word' id='word_1_774' title='bbox 1542 1811 1550 1824; x_wconf 92' lang='lat'><strong>,</strong></span> <span class='ocrx_word' id='word_1_775' title='bbox 1566 1799 1625 1825; x_wconf 66' lang='lat' dir='ltr'><strong>qua:</strong></span> <span class='ocrx_word' id='word_1_776' title='bbox 1639 1792 1722 1818; x_wconf 90' lang='lat' dir='ltr'><strong>multa</strong></span> <span class='ocrx_word' id='word_1_777' title='bbox 1736 1799 1828 1819; x_wconf 88' lang='lat' dir='ltr'><strong>come—</strong></span> 
     </span>
    </p>
   </div>
   <div class='ocr_carea' id='block_1_98' title="bbox 1037 1834 1830 1871">
    <p class='ocr_par' dir='ltr' id='par_1_98' title="bbox 1037 1834 1830 1871">
     <span class='ocr_line' id='line_1_98' title="bbox 1037 1834 1830 1871; baseline 0.005 -10"><span class='ocrx_word' id='word_1_778' title='bbox 1037 1834 1087 1862; x_wconf 91' lang='lat' dir='ltr'><strong>dit.</strong></span> <span class='ocrx_word' id='word_1_779' title='bbox 1103 1834 1248 1870; x_wconf 87' lang='lat' dir='ltr'><strong>Propterea</strong></span> <span class='ocrx_word' id='word_1_780' title='bbox 1263 1835 1289 1863; x_wconf 94' lang='lat' dir='ltr'><strong>in</strong></span> <span class='ocrx_word' id='word_1_781' title='bbox 1305 1836 1474 1871; x_wconf 81' lang='lat' dir='ltr'><strong>pauperculis</strong></span> <span class='ocrx_word' id='word_1_782' title='bbox 1484 1836 1582 1864; x_wconf 90' lang='lat' dir='ltr'><strong>videris</strong></span> <span class='ocrx_word' id='word_1_783' title='bbox 1595 1836 1724 1871; x_wconf 81' lang='lat' dir='ltr'><strong>majorem</strong></span> <span class='ocrx_word' id='word_1_784' title='bbox 1736 1838 1830 1865; x_wconf 70' lang='lat' dir='ltr'><strong>formae</strong></span> 
     </span>
    </p>
   </div>
   <div class='ocr_carea' id='block_1_99' title="bbox 1037 1880 1830 1916">
    <p class='ocr_par' dir='ltr' id='par_1_99' title="bbox 1037 1880 1830 1916">
     <span class='ocr_line' id='line_1_99' title="bbox 1037 1880 1830 1916; baseline 0.004 -9"><span class='ocrx_word' id='word_1_785' title='bbox 1037 1880 1264 1916; x_wconf 89' lang='lat' dir='ltr'><strong>pulchritudinent</strong></span> <span class='ocrx_word' id='word_1_786' title='bbox 1275 1902 1283 1915; x_wconf 93' lang='lat'><strong>,</strong></span> <span class='ocrx_word' id='word_1_787' title='bbox 1297 1881 1361 1908; x_wconf 90' lang='lat' dir='ltr'><strong>dum</strong></span> <span class='ocrx_word' id='word_1_788' title='bbox 1383 1886 1577 1909; x_wconf 88' lang='lat' dir='ltr'><strong>consumuntur</strong></span> <span class='ocrx_word' id='word_1_789' title='bbox 1597 1886 1769 1909; x_wconf 81' lang='lat' dir='ltr'><strong>excrementa</strong></span> <span class='ocrx_word' id='word_1_790' title='bbox 1780 1902 1787 1914; x_wconf 94' lang='lat'><strong>,</strong></span> <span class='ocrx_word' id='word_1_791' title='bbox 1801 1887 1830 1910; x_wconf 88' lang='lat' dir='ltr'><strong>et</strong></span> 
     </span>
    </p>
   </div>
   <div class='ocr_carea' id='block_1_100' title="bbox 1037 1925 1830 1962">
    <p class='ocr_par' dir='ltr' id='par_1_100' title="bbox 1037 1925 1830 1962">
     <span class='ocr_line' id='line_1_100' title="bbox 1037 1925 1830 1962; baseline 0.003 -10"><span class='ocrx_word' id='word_1_792' title='bbox 1037 1932 1092 1952; x_wconf 91' lang='lat' dir='ltr'><strong>non</strong></span> <span class='ocrx_word' id='word_1_793' title='bbox 1111 1925 1251 1953; x_wconf 59' lang='lat' dir='ltr'><strong>adhaerent</strong></span> <span class='ocrx_word' id='word_1_794' title='bbox 1265 1934 1352 1962; x_wconf 88' lang='lat' dir='ltr'><strong>neqtte</strong></span> <span class='ocrx_word' id='word_1_795' title='bbox 1375 1926 1472 1953; x_wconf 86' lang='lat' dir='ltr'><strong>frustra</strong></span> <span class='ocrx_word' id='word_1_796' title='bbox 1487 1926 1650 1960; x_wconf 88' lang='lat' dir='ltr'><strong>adjiciuntur</strong></span> <span class='ocrx_word' id='word_1_797' title='bbox 1665 1927 1730 1961; x_wconf 89' lang='lat' dir='ltr'><strong>ipsis</strong></span> <span class='ocrx_word' id='word_1_798' title='bbox 1745 1928 1830 1955; x_wconf 88' lang='lat' dir='ltr'><strong>instar</strong></span> 
     </span>
    </p>
   </div>
   <div class='ocr_carea' id='block_1_101' title="bbox 1037 1971 1828 2007">
    <p class='ocr_par' dir='ltr' id='par_1_101' title="bbox 1037 1971 1828 2007">
     <span class='ocr_line' id='line_1_101' title="bbox 1037 1971 1828 2007; baseline 0.001 -8"><span class='ocrx_word' id='word_1_799' title='bbox 1037 1971 1086 1999; x_wconf 90' lang='lat' dir='ltr'><strong>luti</strong></span> <span class='ocrx_word' id='word_1_800' title='bbox 1097 1972 1300 2006; x_wconf 85' lang='lat' dir='ltr'><strong>supervacanei.</strong></span> <span class='ocrx_word' id='word_1_801' title='bbox 1315 1971 1381 1999; x_wconf 87' lang='lat' dir='ltr'><strong>Nam</strong></span> <span class='ocrx_word' id='word_1_802' title='bbox 1397 1971 1552 2007; x_wconf 88' lang='lat' dir='ltr'><strong>quotidiana</strong></span> <span class='ocrx_word' id='word_1_803' title='bbox 1565 1972 1722 2000; x_wconf 78' lang='lat' dir='ltr'><strong>exercitatio</strong></span> <span class='ocrx_word' id='word_1_804' title='bbox 1735 1992 1742 2005; x_wconf 93' lang='lat'><strong>,</strong></span> <span class='ocrx_word' id='word_1_805' title='bbox 1754 1971 1828 2000; x_wconf 80' lang='lat' dir='ltr'><strong>labo-</strong></span> 
     </span>
    </p>
   </div>
   <div class='ocr_carea' id='block_1_102' title="bbox 1036 2016 1826 2050">
    <p class='ocr_par' dir='ltr' id='par_1_102' title="bbox 1036 2016 1826 2050">
     <span class='ocr_line' id='line_1_102' title="bbox 1036 2016 1826 2050; baseline 0.003 -6"><span class='ocrx_word' id='word_1_806' title='bbox 1036 2024 1092 2050; x_wconf 89' lang='lat' dir='ltr'><strong>res,</strong></span> <span class='ocrx_word' id='word_1_807' title='bbox 1106 2016 1267 2045; x_wconf 84' lang='lat' dir='ltr'><strong>amictiones</strong></span> <span class='ocrx_word' id='word_1_808' title='bbox 1277 2038 1284 2050; x_wconf 89' lang='lat'><strong>,</strong></span> <span class='ocrx_word' id='word_1_809' title='bbox 1300 2025 1394 2045; x_wconf 85' lang='lat' dir='ltr'><strong>mensa</strong></span> <span class='ocrx_word' id='word_1_810' title='bbox 1408 2018 1544 2045; x_wconf 85' lang='lat' dir='ltr'><strong>moderata</strong></span> <span class='ocrx_word' id='word_1_811' title='bbox 1561 2022 1588 2046; x_wconf 87' lang='lat' dir='ltr'><strong>et</strong></span> <span class='ocrx_word' id='word_1_812' title='bbox 1607 2018 1694 2045; x_wconf 90' lang='lat' dir='ltr'><strong>tenuis</strong></span> <span class='ocrx_word' id='word_1_813' title='bbox 1706 2019 1768 2046; x_wconf 77' lang='lat' dir='ltr'><strong>vita:</strong></span> <span class='ocrx_word' id='word_1_814' title='bbox 1781 2027 1826 2046; x_wconf 87' lang='lat' dir='ltr'><strong>ra-</strong></span> 
     </span>
    </p>
   </div>
   <div class='ocr_carea' id='block_1_103' title="bbox 1037 2064 1829 2100">
    <p class='ocr_par' dir='ltr' id='par_1_103' title="bbox 1037 2064 1829 2100">
     <span class='ocr_line' id='line_1_103' title="bbox 1037 2064 1829 2100; baseline 0.001 -9"><span class='ocrx_word' id='word_1_815' title='bbox 1037 2064 1086 2097; x_wconf 88' lang='lat' dir='ltr'><strong>tio,</strong></span> <span class='ocrx_word' id='word_1_816' title='bbox 1102 2064 1215 2091; x_wconf 83' lang='lat' dir='ltr'><strong>multam</strong></span> <span class='ocrx_word' id='word_1_817' title='bbox 1226 2064 1265 2092; x_wconf 89' lang='lat' dir='ltr'><strong>eis</strong></span> <span class='ocrx_word' id='word_1_818' title='bbox 1278 2065 1399 2100; x_wconf 69' lang='lat' dir='ltr'><strong>prmbent</strong></span> <span class='ocrx_word' id='word_1_819' title='bbox 1413 2065 1509 2092; x_wconf 89' lang='lat' dir='ltr'><strong>bonam</strong></span> <span class='ocrx_word' id='word_1_820' title='bbox 1522 2065 1714 2098; x_wconf 83' lang='lat' dir='ltr'><strong>habitudinem,</strong></span> <span class='ocrx_word' id='word_1_821' title='bbox 1728 2069 1755 2092; x_wconf 91' lang='lat' dir='ltr'><strong>et</strong></span> <span class='ocrx_word' id='word_1_822' title='bbox 1766 2065 1829 2093; x_wconf 89' lang='lat' dir='ltr'><strong>hinc</strong></span> 
     </span>
    </p>
   </div>
   <div class='ocr_carea' id='block_1_104' title="bbox 1037 2109 1830 2146">
    <p class='ocr_par' dir='ltr' id='par_1_104' title="bbox 1037 2109 1830 2146">
     <span class='ocr_line' id='line_1_104' title="bbox 1037 2109 1830 2146; baseline 0.003 -10"><span class='ocrx_word' id='word_1_823' title='bbox 1037 2116 1144 2144; x_wconf 92' lang='lat' dir='ltr'><strong>quoque</strong></span> <span class='ocrx_word' id='word_1_824' title='bbox 1159 2117 1282 2145; x_wconf 80' lang='lat' dir='ltr'><strong>magnam</strong></span> <span class='ocrx_word' id='word_1_825' title='bbox 1297 2109 1534 2146; x_wconf 88' lang='lat' dir='ltr'><strong>pulchritudinem.</strong></span> <span class='ocrx_word' id='word_1_826' title='bbox 1550 2110 1578 2138; x_wconf 89' lang='lat' dir='ltr'><strong>Si</strong></span> <span class='ocrx_word' id='word_1_827' title='bbox 1592 2115 1682 2138; x_wconf 90' lang='lat' dir='ltr'><strong>autem</strong></span> <span class='ocrx_word' id='word_1_828' title='bbox 1697 2111 1830 2139; x_wconf 87' lang='lat' dir='ltr'><strong>obtendas</strong></span> 
     </span>
    </p>
   </div>
   <div class='ocr_carea' id='block_1_105' title="bbox 1037 2154 1829 2191">
    <p class='ocr_par' dir='ltr' id='par_1_105' title="bbox 1037 2154 1829 2191">
     <span class='ocr_line' id='line_1_105' title="bbox 1037 2154 1829 2191; baseline 0.001 -9"><span class='ocrx_word' id='word_1_829' title='bbox 1037 2154 1194 2182; x_wconf 87' lang='lat' dir='ltr'><strong>deliciarum</strong></span> <span class='ocrx_word' id='word_1_830' title='bbox 1206 2155 1381 2190; x_wconf 87' lang='lat' dir='ltr'><strong>voluptatem,</strong></span> <span class='ocrx_word' id='word_1_831' title='bbox 1396 2163 1456 2183; x_wconf 88' lang='lat' dir='ltr'><strong>eam</strong></span> <span class='ocrx_word' id='word_1_832' title='bbox 1470 2155 1589 2184; x_wconf 89' lang='lat' dir='ltr'><strong>invenies</strong></span> <span class='ocrx_word' id='word_1_833' title='bbox 1600 2156 1688 2183; x_wconf 90' lang='lat' dir='ltr'><strong>solum</strong></span> <span class='ocrx_word' id='word_1_834' title='bbox 1702 2163 1785 2191; x_wconf 86' lang='lat' dir='ltr'><strong>usque</strong></span> <span class='ocrx_word' id='word_1_835' title='bbox 1795 2156 1829 2184; x_wconf 88' lang='lat' dir='ltr'><strong>ad</strong></span> 
     </span>
    </p>
   </div>
   <div class='ocr_carea' id='block_1_106' title="bbox 1037 2201 1828 2237">
    <p class='ocr_par' dir='ltr' id='par_1_106' title="bbox 1037 2201 1828 2237">
     <span class='ocr_line' id='line_1_106' title="bbox 1037 2201 1828 2237; baseline 0.003 -9"><span class='ocrx_word' id='word_1_836' title='bbox 1037 2201 1146 2236; x_wconf 82' lang='lat' dir='ltr'><strong>gulam:</strong></span> <span class='ocrx_word' id='word_1_837' title='bbox 1161 2209 1222 2228; x_wconf 90' lang='lat' dir='ltr'><strong>nam</strong></span> <span class='ocrx_word' id='word_1_838' title='bbox 1243 2202 1323 2229; x_wconf 89' lang='lat' dir='ltr'><strong>simul</strong></span> <span class='ocrx_word' id='word_1_839' title='bbox 1335 2206 1415 2237; x_wconf 89' lang='lat' dir='ltr'><strong>atque</strong></span> <span class='ocrx_word' id='word_1_840' title='bbox 1429 2202 1546 2237; x_wconf 83' lang='lat' dir='ltr'><strong>linguam</strong></span> <span class='ocrx_word' id='word_1_841' title='bbox 1562 2202 1707 2237; x_wconf 83' lang='lat' dir='ltr'><strong>praeteriit,</strong></span> <span class='ocrx_word' id='word_1_842' title='bbox 1724 2203 1828 2237; x_wconf 88' lang='lat' dir='ltr'><strong>avolat,</strong></span> 
     </span>
    </p>
   </div>
   <div class='ocr_carea' id='block_1_107' title="bbox 1037 2247 1831 2276">
    <p class='ocr_par' dir='ltr' id='par_1_107' title="bbox 1037 2247 1831 2276">
     <span class='ocr_line' id='line_1_107' title="bbox 1037 2247 1831 2276; baseline 0.001 -2"><span class='ocrx_word' id='word_1_843' title='bbox 1037 2247 1136 2275; x_wconf 90' lang='lat' dir='ltr'><strong>multas</strong></span> <span class='ocrx_word' id='word_1_844' title='bbox 1151 2247 1299 2275; x_wconf 90' lang='lat' dir='ltr'><strong>immittens</strong></span> <span class='ocrx_word' id='word_1_845' title='bbox 1313 2248 1461 2275; x_wconf 87' lang='lat' dir='ltr'><strong>molestias.</strong></span> <span class='ocrx_word' id='word_1_846' title='bbox 1474 2247 1513 2275; x_wconf 87' lang='lat' dir='ltr'><strong>Ne</strong></span> <span class='ocrx_word' id='word_1_847' title='bbox 1523 2248 1588 2275; x_wconf 90' lang='lat' dir='ltr'><strong>mihi</strong></span> <span class='ocrx_word' id='word_1_848' title='bbox 1601 2248 1672 2275; x_wconf 90' lang='lat' dir='ltr'><strong>enim</strong></span> <span class='ocrx_word' id='word_1_849' title='bbox 1687 2248 1774 2276; x_wconf 88' lang='lat' dir='ltr'><strong>solum</strong></span> <span class='ocrx_word' id='word_1_850' title='bbox 1785 2255 1831 2275; x_wconf 85' lang='lat' dir='ltr'><strong>ac-</strong></span> 
     </span>
    </p>
   </div>
   <div class='ocr_carea' id='block_1_108' title="bbox 1037 2293 1830 2329">
    <p class='ocr_par' dir='ltr' id='par_1_108' title="bbox 1037 2293 1830 2329">
     <span class='ocr_line' id='line_1_108' title="bbox 1037 2293 1830 2329; baseline 0.001 -9"><span class='ocrx_word' id='word_1_851' title='bbox 1037 2293 1194 2321; x_wconf 91' lang='lat' dir='ltr'><strong>cumbentes</strong></span> <span class='ocrx_word' id='word_1_852' title='bbox 1206 2293 1297 2321; x_wconf 85' lang='lat' dir='ltr'><strong>videas</strong></span> <span class='ocrx_word' id='word_1_853' title='bbox 1308 2301 1355 2321; x_wconf 91' lang='lat' dir='ltr'><strong>eos</strong></span> <span class='ocrx_word' id='word_1_854' title='bbox 1365 2294 1409 2329; x_wconf 92' lang='lat' dir='ltr'><strong>qui</strong></span> <span class='ocrx_word' id='word_1_855' title='bbox 1420 2294 1512 2321; x_wconf 90' lang='lat' dir='ltr'><strong>vivunt</strong></span> <span class='ocrx_word' id='word_1_856' title='bbox 1522 2294 1548 2321; x_wconf 92' lang='lat' dir='ltr'><strong>in</strong></span> <span class='ocrx_word' id='word_1_857' title='bbox 1560 2294 1673 2326; x_wconf 87' lang='lat' dir='ltr'><strong>deliciis,</strong></span> <span class='ocrx_word' id='word_1_858' title='bbox 1688 2294 1734 2321; x_wconf 86' lang='lat' dir='ltr'><strong>sed</strong></span> <span class='ocrx_word' id='word_1_859' title='bbox 1745 2302 1830 2329; x_wconf 90' lang='lat' dir='ltr'><strong>quan-</strong></span> 
     </span>
    </p>
   </div>
   <div class='ocr_carea' id='block_1_109' title="bbox 1037 2339 1830 2374">
    <p class='ocr_par' dir='ltr' id='par_1_109' title="bbox 1037 2339 1830 2374">
     <span class='ocr_line' id='line_1_109' title="bbox 1037 2339 1830 2374; baseline 0 -7"><span class='ocrx_word' id='word_1_860' title='bbox 1037 2339 1073 2367; x_wconf 93' lang='lat' dir='ltr'><strong>do</strong></span> <span class='ocrx_word' id='word_1_861' title='bbox 1088 2339 1185 2367; x_wconf 88' lang='lat' dir='ltr'><strong>videris</strong></span> <span class='ocrx_word' id='word_1_862' title='bbox 1207 2347 1254 2367; x_wconf 89' lang='lat' dir='ltr'><strong>eos</strong></span> <span class='ocrx_word' id='word_1_863' title='bbox 1275 2340 1443 2372; x_wconf 80' lang='lat' dir='ltr'><strong>surrexisse,</strong></span> <span class='ocrx_word' id='word_1_864' title='bbox 1460 2344 1522 2367; x_wconf 91' lang='lat' dir='ltr'><strong>tunc</strong></span> <span class='ocrx_word' id='word_1_865' title='bbox 1542 2347 1672 2374; x_wconf 88' lang='lat' dir='ltr'><strong>sequere,</strong></span> <span class='ocrx_word' id='word_1_866' title='bbox 1686 2344 1714 2366; x_wconf 93' lang='lat' dir='ltr'><strong>et</strong></span> <span class='ocrx_word' id='word_1_867' title='bbox 1726 2339 1830 2367; x_wconf 87' lang='lat' dir='ltr'><strong>videbis</strong></span> 
     </span>
    </p>
   </div>
   <div class='ocr_carea' id='block_1_110' title="bbox 1037 2385 1829 2421">
    <p class='ocr_par' dir='ltr' id='par_1_110' title="bbox 1037 2385 1829 2421">
     <span class='ocr_line' id='line_1_110' title="bbox 1037 2385 1829 2421; baseline -0.001 -9"><span class='ocrx_word' id='word_1_868' title='bbox 1037 2385 1122 2421; x_wconf 83' lang='lat' dir='ltr'><strong>magis</strong></span> <span class='ocrx_word' id='word_1_869' title='bbox 1137 2392 1198 2413; x_wconf 88' lang='lat' dir='ltr'><strong>esse</strong></span> <span class='ocrx_word' id='word_1_870' title='bbox 1214 2385 1329 2413; x_wconf 88' lang='lat' dir='ltr'><strong>ferarum</strong></span> <span class='ocrx_word' id='word_1_871' title='bbox 1342 2388 1370 2413; x_wconf 88' lang='lat' dir='ltr'><strong>et</strong></span> <span class='ocrx_word' id='word_1_872' title='bbox 1382 2385 1521 2413; x_wconf 90' lang='lat' dir='ltr'><strong>brutorum</strong></span> <span class='ocrx_word' id='word_1_873' title='bbox 1532 2392 1644 2420; x_wconf 87' lang='lat' dir='ltr'><strong>corpora</strong></span> <span class='ocrx_word' id='word_1_874' title='bbox 1654 2405 1662 2418; x_wconf 92' lang='lat'><strong>,</strong></span> <span class='ocrx_word' id='word_1_875' title='bbox 1683 2393 1763 2420; x_wconf 89' lang='lat' dir='ltr'><strong>quam</strong></span> <span class='ocrx_word' id='word_1_876' title='bbox 1779 2385 1829 2411; x_wconf 87' lang='lat' dir='ltr'><strong>ho-</strong></span> 
     </span>
    </p>
   </div>
   <div class='ocr_carea' id='block_1_111' title="bbox 1039 2430 1828 2466">
    <p class='ocr_par' dir='ltr' id='par_1_111' title="bbox 1039 2430 1828 2466">
     <span class='ocr_line' id='line_1_111' title="bbox 1039 2430 1828 2466; baseline 0 -8"><span class='ocrx_word' id='word_1_877' title='bbox 1039 2431 1152 2458; x_wconf 89' lang='lat' dir='ltr'><strong>minum.</strong></span> <span class='ocrx_word' id='word_1_878' title='bbox 1164 2430 1275 2458; x_wconf 83' lang='lat' dir='ltr'><strong>Videbis</strong></span> <span class='ocrx_word' id='word_1_879' title='bbox 1286 2431 1357 2458; x_wconf 90' lang='lat' dir='ltr'><strong>enim</strong></span> <span class='ocrx_word' id='word_1_880' title='bbox 1368 2431 1455 2466; x_wconf 88' lang='lat' dir='ltr'><strong>capite</strong></span> <span class='ocrx_word' id='word_1_881' title='bbox 1466 2435 1601 2466; x_wconf 85' lang='lat' dir='ltr'><strong>gravatos,</strong></span> <span class='ocrx_word' id='word_1_882' title='bbox 1614 2430 1828 2465; x_wconf 86' lang='lat' dir='ltr'><strong>pandiculantes,</strong></span> 
     </span>
    </p>
   </div>
   <div class='ocr_carea' id='block_1_112' title="bbox 1038 2476 1829 2512">
    <p class='ocr_par' dir='ltr' id='par_1_112' title="bbox 1038 2476 1829 2512">
     <span class='ocr_line' id='line_1_112' title="bbox 1038 2476 1829 2512; baseline 0.001 -9"><span class='ocrx_word' id='word_1_883' title='bbox 1038 2476 1199 2512; x_wconf 76' lang='lat' dir='ltr'><strong>colligatos,</strong></span> <span class='ocrx_word' id='word_1_884' title='bbox 1213 2476 1284 2504; x_wconf 91' lang='lat' dir='ltr'><strong>lecto</strong></span> <span class='ocrx_word' id='word_1_885' title='bbox 1305 2484 1373 2512; x_wconf 90' lang='lat' dir='ltr'><strong>opus</strong></span> <span class='ocrx_word' id='word_1_886' title='bbox 1388 2476 1535 2510; x_wconf 89' lang='lat' dir='ltr'><strong>habentes,</strong></span> <span class='ocrx_word' id='word_1_887' title='bbox 1558 2477 1684 2512; x_wconf 79' lang='lat' dir='ltr'><strong>stragulis</strong></span> <span class='ocrx_word' id='word_1_888' title='bbox 1703 2481 1731 2504; x_wconf 87' lang='lat' dir='ltr'><strong>et</strong></span> <span class='ocrx_word' id='word_1_889' title='bbox 1746 2477 1829 2504; x_wconf 86' lang='lat' dir='ltr'><strong>multa</strong></span> 
     </span>
    </p>
   </div>
   <div class='ocr_carea' id='block_1_113' title="bbox 1038 2522 1829 2558">
    <p class='ocr_par' dir='ltr' id='par_1_113' title="bbox 1038 2522 1829 2558">
     <span class='ocr_line' id='line_1_113' title="bbox 1038 2522 1829 2558; baseline -0.001 -8"><span class='ocrx_word' id='word_1_890' title='bbox 1038 2523 1128 2558; x_wconf 87' lang='lat' dir='ltr'><strong>quiete</strong></span> <span class='ocrx_word' id='word_1_891' title='bbox 1138 2542 1147 2556; x_wconf 87' lang='lat'><strong>,</strong></span> <span class='ocrx_word' id='word_1_892' title='bbox 1162 2527 1190 2550; x_wconf 91' lang='lat' dir='ltr'><strong>et</strong></span> <span class='ocrx_word' id='word_1_893' title='bbox 1204 2526 1339 2558; x_wconf 87' lang='lat' dir='ltr'><strong>tamquam</strong></span> <span class='ocrx_word' id='word_1_894' title='bbox 1355 2522 1382 2550; x_wconf 93' lang='lat' dir='ltr'><strong>in</strong></span> <span class='ocrx_word' id='word_1_895' title='bbox 1398 2523 1490 2551; x_wconf 88' lang='lat' dir='ltr'><strong>multis</strong></span> <span class='ocrx_word' id='word_1_896' title='bbox 1506 2523 1584 2550; x_wconf 91' lang='lat' dir='ltr'><strong>undis</strong></span> <span class='ocrx_word' id='word_1_897' title='bbox 1597 2522 1774 2558; x_wconf 86' lang='lat' dir='ltr'><strong>ﬂuctibusque</strong></span> <span class='ocrx_word' id='word_1_898' title='bbox 1786 2523 1829 2558; x_wconf 86' lang='lat' dir='ltr'><strong>ja-</strong></span> 
     </span>
    </p>
   </div>
   <div class='ocr_carea' id='block_1_114' title="bbox 1038 2568 1829 2604">
    <p class='ocr_par' dir='ltr' id='par_1_114' title="bbox 1038 2568 1829 2604">
     <span class='ocr_line' id='line_1_114' title="bbox 1038 2568 1829 2604; baseline -0.003 -8"><span class='ocrx_word' id='word_1_899' title='bbox 1038 2572 1126 2596; x_wconf 89' lang='lat' dir='ltr'><strong>ctatos</strong></span> <span class='ocrx_word' id='word_1_900' title='bbox 1137 2573 1164 2595; x_wconf 91' lang='lat' dir='ltr'><strong>et</strong></span> <span class='ocrx_word' id='word_1_901' title='bbox 1178 2568 1349 2603; x_wconf 87' lang='lat' dir='ltr'><strong>perturbatos</strong></span> <span class='ocrx_word' id='word_1_902' title='bbox 1359 2589 1366 2602; x_wconf 95' lang='lat'><strong>,</strong></span> <span class='ocrx_word' id='word_1_903' title='bbox 1380 2573 1407 2596; x_wconf 90' lang='lat' dir='ltr'><strong>et</strong></span> <span class='ocrx_word' id='word_1_904' title='bbox 1420 2568 1453 2596; x_wconf 90' lang='lat' dir='ltr'><strong>iis</strong></span> <span class='ocrx_word' id='word_1_905' title='bbox 1467 2568 1513 2603; x_wconf 89' lang='lat' dir='ltr'><strong>qui</strong></span> <span class='ocrx_word' id='word_1_906' title='bbox 1525 2573 1633 2596; x_wconf 88' lang='lat' dir='ltr'><strong>servent</strong></span> <span class='ocrx_word' id='word_1_907' title='bbox 1644 2576 1711 2604; x_wconf 82' lang='lat' dir='ltr'><strong>opus</strong></span> <span class='ocrx_word' id='word_1_908' title='bbox 1726 2569 1829 2596; x_wconf 87' lang='lat' dir='ltr'><strong>haben-</strong></span> 
     </span>
    </p>
   </div>
   <div class='ocr_carea' id='block_1_115' title="bbox 1039 2614 1830 2650">
    <p class='ocr_par' dir='ltr' id='par_1_115' title="bbox 1039 2614 1830 2650">
     <span class='ocr_line' id='line_1_115' title="bbox 1039 2614 1830 2650; baseline -0.001 -8"><span class='ocrx_word' id='word_1_909' title='bbox 1039 2619 1098 2648; x_wconf 88' lang='lat' dir='ltr'><strong>tes,</strong></span> <span class='ocrx_word' id='word_1_910' title='bbox 1113 2614 1306 2649; x_wconf 89' lang='lat' dir='ltr'><strong>cupientesque</strong></span> <span class='ocrx_word' id='word_1_911' title='bbox 1322 2615 1347 2642; x_wconf 91' lang='lat' dir='ltr'><strong>in</strong></span> <span class='ocrx_word' id='word_1_912' title='bbox 1369 2615 1416 2642; x_wconf 91' lang='lat' dir='ltr'><strong>illo</strong></span> <span class='ocrx_word' id='word_1_913' title='bbox 1435 2622 1496 2642; x_wconf 87' lang='lat' dir='ltr'><strong>esse</strong></span> <span class='ocrx_word' id='word_1_914' title='bbox 1518 2619 1605 2647; x_wconf 89' lang='lat' dir='ltr'><strong>statu,</strong></span> <span class='ocrx_word' id='word_1_915' title='bbox 1629 2615 1655 2642; x_wconf 92' lang='lat' dir='ltr'><strong>in</strong></span> <span class='ocrx_word' id='word_1_916' title='bbox 1678 2622 1732 2650; x_wconf 89' lang='lat' dir='ltr'><strong>quo</strong></span> <span class='ocrx_word' id='word_1_917' title='bbox 1753 2619 1830 2642; x_wconf 86' lang='lat' dir='ltr'><strong>erant</strong></span> 
     </span>
    </p>
   </div>
   <div class='ocr_carea' id='block_1_116' title="bbox 1039 2660 1830 2697">
    <p class='ocr_par' dir='ltr' id='par_1_116' title="bbox 1039 2660 1830 2697">
     <span class='ocr_line' id='line_1_116' title="bbox 1039 2660 1830 2697; baseline 0 -9"><span class='ocrx_word' id='word_1_918' title='bbox 1039 2661 1194 2696; x_wconf 90' lang='lat' dir='ltr'><strong>priusquam</strong></span> <span class='ocrx_word' id='word_1_919' title='bbox 1209 2661 1452 2697; x_wconf 90' lang='lat' dir='ltr'><strong>disrumperentur.</strong></span> <span class='ocrx_word' id='word_1_920' title='bbox 1468 2661 1614 2696; x_wconf 85' lang='lat' dir='ltr'><strong>Tamquam</strong></span> <span class='ocrx_word' id='word_1_921' title='bbox 1626 2662 1697 2690; x_wconf 90' lang='lat' dir='ltr'><strong>enim</strong></span> <span class='ocrx_word' id='word_1_922' title='bbox 1709 2660 1830 2696; x_wconf 75' lang='lat' dir='ltr'><strong>gravidas</strong></span> 
     </span>
    </p>
   </div>
   <div class='ocr_carea' id='block_1_117' title="bbox 1039 2706 1830 2743">
    <p class='ocr_par' dir='ltr' id='par_1_117' title="bbox 1039 2706 1830 2743">
     <span class='ocr_line' id='line_1_117' title="bbox 1039 2706 1830 2743; baseline 0 -10"><span class='ocrx_word' id='word_1_923' title='bbox 1039 2707 1166 2734; x_wconf 87' lang='lat' dir='ltr'><strong>mulieres</strong></span> <span class='ocrx_word' id='word_1_924' title='bbox 1175 2727 1183 2740; x_wconf 88' lang='lat'><strong>,</strong></span> <span class='ocrx_word' id='word_1_925' title='bbox 1198 2707 1233 2735; x_wconf 88' lang='lat' dir='ltr'><strong>ita</strong></span> <span class='ocrx_word' id='word_1_926' title='bbox 1244 2708 1346 2743; x_wconf 77' lang='lat' dir='ltr'><strong>gravati</strong></span> <span class='ocrx_word' id='word_1_927' title='bbox 1362 2713 1469 2735; x_wconf 87' lang='lat' dir='ltr'><strong>ventres</strong></span> <span class='ocrx_word' id='word_1_928' title='bbox 1481 2707 1682 2740; x_wconf 86' lang='lat' dir='ltr'><strong>circumferunt,</strong></span> <span class='ocrx_word' id='word_1_929' title='bbox 1694 2711 1722 2735; x_wconf 90' lang='lat' dir='ltr'><strong>et</strong></span> <span class='ocrx_word' id='word_1_930' title='bbox 1730 2707 1774 2734; x_wconf 88' lang='lat' dir='ltr'><strong>vix</strong></span> <span class='ocrx_word' id='word_1_931' title='bbox 1788 2706 1830 2733; x_wconf 83' lang='lat' dir='ltr'><strong>in-</strong></span> 
     </span>
    </p>
   </div>
   <div class='ocr_carea' id='block_1_118' title="bbox 1039 2752 1827 2789">
    <p class='ocr_par' dir='ltr' id='par_1_118' title="bbox 1039 2752 1827 2789">
     <span class='ocr_line' id='line_1_118' title="bbox 1039 2752 1827 2789; baseline 0 -10"><span class='ocrx_word' id='word_1_932' title='bbox 1039 2752 1212 2787; x_wconf 77' lang='lat' dir='ltr'><strong>grediuntur,</strong></span> <span class='ocrx_word' id='word_1_933' title='bbox 1242 2755 1286 2781; x_wconf 75' lang='lat' dir='ltr'><strong>vix</strong></span> <span class='ocrx_word' id='word_1_934' title='bbox 1311 2754 1460 2789; x_wconf 85' lang='lat' dir='ltr'><strong>aspiciunt,</strong></span> <span class='ocrx_word' id='word_1_935' title='bbox 1477 2755 1520 2781; x_wconf 93' lang='lat' dir='ltr'><strong>vix</strong></span> <span class='ocrx_word' id='word_1_936' title='bbox 1546 2754 1705 2789; x_wconf 87' lang='lat' dir='ltr'><strong>loquuntur,</strong></span> <span class='ocrx_word' id='word_1_937' title='bbox 1732 2757 1759 2780; x_wconf 90' lang='lat' dir='ltr'><strong>et</strong></span> <span class='ocrx_word' id='word_1_938' title='bbox 1781 2753 1827 2779; x_wconf 79' lang='lat' dir='ltr'><strong>vix</strong></span> 
     </span>
    </p>
   </div>
   <div class='ocr_carea' id='block_1_119' title="bbox 1040 2796 1827 2835">
    <p class='ocr_par' dir='ltr' id='par_1_119' title="bbox 1040 2796 1827 2835">
     <span class='ocr_line' id='line_1_119' title="bbox 1040 2796 1827 2835; baseline -0.001 -10"><span class='ocrx_word' id='word_1_939' title='bbox 1040 2799 1141 2826; x_wconf 89' lang='lat' dir='ltr'><strong>omnia.</strong></span> <span class='ocrx_word' id='word_1_940' title='bbox 1156 2799 1235 2833; x_wconf 88' lang='lat' dir='ltr'><strong>Quod</strong></span> <span class='ocrx_word' id='word_1_941' title='bbox 1248 2800 1270 2827; x_wconf 87' lang='lat' dir='ltr'><strong>si</strong></span> <span class='ocrx_word' id='word_1_942' title='bbox 1285 2804 1428 2835; x_wconf 79' lang='lat' dir='ltr'><strong>contigerit</strong></span> <span class='ocrx_word' id='word_1_943' title='bbox 1448 2807 1495 2828; x_wconf 89' lang='lat' dir='ltr'><strong>eos</strong></span> <span class='ocrx_word' id='word_1_944' title='bbox 1515 2807 1608 2835; x_wconf 91' lang='lat' dir='ltr'><strong>parum</strong></span> <span class='ocrx_word' id='word_1_945' title='bbox 1629 2798 1761 2834; x_wconf 85' lang='lat' dir='ltr'><strong>dormire,</strong></span> <span class='ocrx_word' id='word_1_946' title='bbox 1778 2796 1827 2824; x_wconf 90' lang='lat' dir='ltr'><strong>ab-</strong></span> 
     </span>
    </p>
   </div>
   <div class='ocr_carea' id='block_1_120' title="bbox 1041 2844 1827 2879">
    <p class='ocr_par' dir='ltr' id='par_1_120' title="bbox 1041 2844 1827 2879">
     <span class='ocr_line' id='line_1_120' title="bbox 1041 2844 1827 2879; baseline -0.004 -7"><span class='ocrx_word' id='word_1_947' title='bbox 1041 2845 1122 2872; x_wconf 90' lang='lat' dir='ltr'><strong>surda</strong></span> <span class='ocrx_word' id='word_1_948' title='bbox 1138 2853 1233 2872; x_wconf 89' lang='lat' dir='ltr'><strong>rursus</strong></span> <span class='ocrx_word' id='word_1_949' title='bbox 1247 2845 1337 2873; x_wconf 87' lang='lat' dir='ltr'><strong>vident</strong></span> <span class='ocrx_word' id='word_1_950' title='bbox 1346 2846 1448 2873; x_wconf 88' lang='lat' dir='ltr'><strong>somnia</strong></span> <span class='ocrx_word' id='word_1_951' title='bbox 1457 2866 1465 2879; x_wconf 90' lang='lat'><strong>,</strong></span> <span class='ocrx_word' id='word_1_952' title='bbox 1479 2851 1506 2873; x_wconf 89' lang='lat' dir='ltr'><strong>et</strong></span> <span class='ocrx_word' id='word_1_953' title='bbox 1518 2845 1615 2873; x_wconf 86' lang='lat' dir='ltr'><strong>referta</strong></span> <span class='ocrx_word' id='word_1_954' title='bbox 1626 2844 1689 2871; x_wconf 91' lang='lat' dir='ltr'><strong>visis</strong></span> <span class='ocrx_word' id='word_1_955' title='bbox 1703 2844 1827 2870; x_wconf 87' lang='lat' dir='ltr'><strong>innume-</strong></span> 
     </span>
    </p>
   </div>
   <div class='ocr_carea' id='block_1_121' title="bbox 1040 2888 1824 2924">
    <p class='ocr_par' dir='ltr' id='par_1_121' title="bbox 1040 2888 1824 2924">
     <span class='ocr_line' id='line_1_121' title="bbox 1040 2888 1824 2924; baseline -0.003 -6"><span class='ocrx_word' id='word_1_956' title='bbox 1040 2890 1180 2919; x_wconf 85' lang='lat' dir='ltr'><strong>rabilibus.</strong></span> <span class='ocrx_word' id='word_1_957' title='bbox 1192 2890 1262 2924; x_wconf 86' lang='lat' dir='ltr'><strong>Quid</strong></span> <span class='ocrx_word' id='word_1_958' title='bbox 1274 2897 1368 2920; x_wconf 76' lang='lat' dir='ltr'><strong>rursus</strong></span> <span class='ocrx_word' id='word_1_959' title='bbox 1375 2890 1476 2919; x_wconf 76' lang='lat' dir='ltr'><strong>dixeris</strong></span> <span class='ocrx_word' id='word_1_960' title='bbox 1487 2891 1520 2919; x_wconf 90' lang='lat' dir='ltr'><strong>dc</strong></span> <span class='ocrx_word' id='word_1_961' title='bbox 1534 2891 1585 2918; x_wconf 88' lang='lat' dir='ltr'><strong>alia</strong></span> <span class='ocrx_word' id='word_1_962' title='bbox 1596 2890 1701 2918; x_wconf 89' lang='lat' dir='ltr'><strong>illorum</strong></span> <span class='ocrx_word' id='word_1_963' title='bbox 1711 2888 1824 2922; x_wconf 79' lang='lat' dir='ltr'><strong>insania,</strong></span> 
     </span>
    </p>
   </div>
  </div>
