2021 3117
156 168 211 202 5n

159 229 254 264 dere,
278 229 401 265 inquam,
425 229 560 257 venerea?
583 229 649 256 Nam
663 236 695 256 ea
717 235 824 264 quoque
844 235 876 255 ex
899 226 952 255 hoc

163 276 237 303 fonte
250 280 356 303 manat:
368 280 396 303 et
409 275 478 303 sicut
490 274 553 309 equi
568 275 595 302 in
611 274 725 302 feminas
738 273 829 301 furore
841 272 951 309 perciti,

162 322 199 348 ita
214 321 351 350 ebrietatis
365 325 449 349 (nstro
469 319 613 353 stimulati,
629 327 723 348 omnes
745 319 882 352 insiliunt,
895 323 953 346 sto-

163 367 242 395 lidius
261 371 289 395 et
313 366 440 394 furiosius
463 373 543 401 quam
560 365 598 392 illi
621 365 806 397 exsultantes,
821 369 849 392 et
869 364 954 391 multa

161 413 213 440 alia
228 412 352 440 indecore
366 412 504 444 facientes,
515 419 575 447 quae
587 411 663 439 nefas
676 410 784 446 quidem
799 414 839 438 est
853 410 954 437 dicere.

164 459 255 493 Neque
269 457 341 485 enim
364 457 453 485 sciunt
467 465 497 485 ea
508 478 516 490 ,
532 464 593 492 qua:
608 457 748 492 patiuntur
758 476 766 490 ,
789 463 876 490 neque
896 461 956 490 qua:

163 507 256 538 agunt.
271 502 323 531 Sed
337 510 391 530 non
404 507 446 530 est
465 503 596 537 ejusmodi
611 503 634 530 is
653 502 698 537 qui
714 509 767 529 non
784 501 831 528 dat
845 507 956 534 operam

163 550 284 581 deliciis;
298 549 346 577 sed
365 550 443 581 sedet
456 549 482 576 in
497 554 574 584 portu
585 569 592 580 ,
609 540 724 576 aliorum
737 547 832 574 videns
847 545 959 573 naufra-

164 595 220 630 gia,
234 599 262 622 et
274 602 339 630 pura
355 599 537 631 perpetuaque
550 595 647 623 fruitur
659 594 812 629 voluptate,
826 600 886 621 eam
899 599 959 628 quae

536 172 565 202 S.
578 171 716 202 JDANNIS
733 164 969 200 CHRYSOSTOMI
988 169 1146 198 ARCHIEP.
1159 166 1424 199 CONSTANTINOP.

1005 227 1092 255 libero
1105 226 1206 255 homini
1219 227 1345 255 convenit
1359 227 1440 254 vitam
1455 233 1547 261 agens.
1560 225 1623 254 Haec
1634 232 1699 261 ergo
1709 226 1798 254 scien-

1006 278 1064 307 tes,
1078 274 1210 309 fugiamus
1231 273 1301 300 mala
1322 273 1443 300 convivia
1458 272 1614 300 deliciarum
1628 276 1656 300 et
1677 279 1800 299 mensam

1006 325 1147 348 teneamus
1162 324 1291 348 tenuem:
1307 325 1336 347 ut
1354 325 1382 347 et
1395 320 1484 347 anima
1504 324 1531 347 et
1545 327 1658 355 corpore
1677 319 1747 346 bene
1762 317 1802 345 af-

1007 366 1080 399 fecti,
1094 373 1201 394 omnein
1216 373 1361 400 operemur
1374 366 1515 397 virtutem,
1531 369 1559 392 et
1571 365 1640 392 bona
1657 364 1743 391 futura
1758 370 1804 391 as-

1007 418 1168 446 sequamur,
1184 410 1268 446 gratia
1284 415 1312 438 et
1326 410 1490 446 benignitate
1506 409 1610 437 Domini
1631 409 1717 437 nostri
1736 408 1802 436 Jesu

1007 456 1126 489 Christi,
1142 456 1249 492 quicum
1265 456 1336 483 Patri
1352 463 1459 490 unaque
1468 455 1579 490 Spiritui
1594 458 1689 482 sancto
1699 454 1801 490 gloria,

1010 502 1168 536 imperium,
1184 502 1289 534 honor,
1314 509 1386 530 nunc
1410 507 1438 529 et
1461 509 1587 537 semper,
1612 505 1640 528 et
1662 501 1689 528 in
1705 499 1803 528 sa-cula

1010 548 1181 576 saeculorum.
1196 547 1294 576 Amen.

165 639 1805 659 __________________.________.

859 684 1035 716 HOMILIA
1055 685 1125 716 XL.

166 759 229 787 CAP.
252 759 297 787 15.
316 767 344 786 v.
358 758 405 787 29.
425 759 526 794 Alioqui
540 758 601 794 quid
623 758 716 794 facient
735 757 777 791 qui
799 756 962 791 buptizantur

203 814 250 841 pro
264 806 383 839 mortuis,
401 807 423 833 ai
437 805 540 832 omnino
555 804 647 832 mortui
662 812 713 832 non
726 802 881 839 resurgunt?
899 801 960 838 quid

202 856 227 878 et
240 851 400 886 baptizantur
413 859 459 886 pro
472 851 524 878 illis
533 851 546 878 .’

205 898 231 923 1.
253 896 477 923 Marcionistarum
498 896 572 923 ritus.
595 910 632 916 —
653 893 734 922 Aliud
755 900 861 922 rursum
883 897 963 928 caput

167 943 320 979 aggreditur
329 963 336 975 ,
350 943 493 978 aliquando
507 942 614 978 quidem
627 950 661 970 ex
675 942 707 970 iis
719 949 779 977 quae
793 941 866 968 Deus
879 939 942 967 facit
952 959 966 972 ,.

168 989 312 1026 aliquando
326 995 416 1017 autem
430 997 464 1017 ex
486 989 519 1016 iis
538 996 598 1024 qua:
613 988 663 1023 ipsi
681 992 764 1023 agunt
774 1007 782 1019 ,
801 987 917 1022 probans
931 992 963 1013 ea

169 1043 229 1071 quae
249 1035 385 1064 dicuntur.
406 1035 454 1063 Est
474 1040 563 1063 autem
583 1035 635 1062 hoc
654 1034 688 1062 ad
709 1033 894 1062 defensionem
909 1038 964 1059 non

170 1089 282 1117 parvum
296 1085 482 1116 argumentum
496 1101 503 1113 ,
518 1080 626 1116 quando
637 1087 685 1107 eos
699 1079 744 1115 qui
757 1078 963 1110 contradicunt,

171 1123 280 1151 adducit
299 1127 380 1150 testes
400 1130 494 1150 eorum
513 1130 574 1158 qua:
588 1122 713 1149 dicuntur
725 1142 732 1155 ,
748 1128 795 1156 per
808 1128 840 1148 ea
853 1127 913 1155 qua:
925 1118 965 1146 fa—

170 1169 256 1196 ciunt.
274 1169 342 1202 Quid
362 1173 403 1196 est
422 1176 486 1203 ergo
500 1168 572 1203 quod
592 1167 679 1195 dicit?
699 1175 734 1194 an
749 1167 831 1195 vultis
849 1166 964 1202 primum

172 1215 271 1247 dicam,
286 1214 420 1250 quomodo
434 1215 503 1241 hanc
515 1214 658 1242 dictionem
672 1214 824 1241 adulteram
836 1213 881 1248 qui
894 1219 966 1239 mor-

173 1262 209 1288 bo
230 1260 351 1288 laborant
371 1259 534 1287 Marcionis?
554 1260 641 1294 Atque
662 1260 719 1287 scio
738 1259 846 1294 quidem
866 1258 924 1285 fore
939 1261 968 1285 ut

173 1307 257 1334 risum
272 1306 383 1333 multum
397 1313 519 1333 moveam
531 1313 539 1338 ;
554 1313 646 1333 verum
660 1305 741 1332 etiam
756 1309 897 1339 propterea
911 1311 968 1330 ma-

174 1353 247 1380 xime
261 1352 363 1385 dicam,
376 1355 406 1379 ut
420 1351 526 1378 illorum
541 1351 662 1379 morbum
675 1349 758 1385 magis
771 1348 888 1385 fugiatis.
902 1348 969 1376 Nam

175 1403 316 1434 postquam
324 1397 530 1425 catechumcnus
537 1397 668 1433 quispiam
677 1396 747 1432 apud
755 1403 802 1424 eos
809 1395 968 1428 excesserit,

176 1445 227 1471 sub
236 1444 306 1471 lecto
315 1444 412 1471 mortui
424 1444 556 1470 absconso
566 1442 655 1477 aliquo
666 1442 782 1475 vivente,
796 1441 926 1469 accedunt
936 1439 971 1467 ad

177 1494 311 1516 mortuum
332 1493 360 1516 et
380 1489 551 1523 alloquuntur
569 1492 716 1523 rogantque
733 1488 832 1515 velitne
850 1487 972 1521 accipere

177 1535 337 1569 baptismum
353 1542 360 1561 :
375 1533 472 1561 deinde
494 1533 540 1561 illo
560 1533 626 1560 nihil
647 1533 846 1568 respondente,
867 1533 912 1567 qui
931 1535 973 1559 est

178 1581 327 1608 absconsus
341 1579 445 1608 inferne
456 1600 464 1612 ,
486 1587 534 1614 pro
555 1579 601 1606 illo
616 1578 681 1606 dicit
695 1586 725 1606 se
739 1578 808 1606 velle
824 1577 951 1612 baptizari
963 1584 971 1609 ;

179 1631 207 1654 et
221 1628 260 1654 sic
274 1634 334 1654 eum
350 1626 487 1661 baptizant
502 1633 550 1660 pro
563 1632 596 1653 eo
610 1625 654 1660 qui
668 1624 784 1652 excessit
795 1643 803 1655 .
818 1623 928 1658 perinde
942 1630 975 1650 ac

179 1673 203 1699 si
217 1673 244 1700 in
259 1679 340 1700 scena
354 1672 476 1699 luderent
491 1680 497 1698 :
511 1676 613 1698 tantum
627 1671 709 1697 valuit
723 1670 848 1697 diabolus
860 1669 888 1696 in
900 1669 974 1704 igna-

180 1727 275 1746 vorum
287 1718 393 1745 animis.
408 1717 508 1745 Deinde
519 1725 580 1745 cum
594 1722 766 1748 accusantur,
777 1716 914 1743 adducunt
925 1715 975 1743 hoc

180 1765 311 1796 verbum,
324 1764 445 1791 dicentes
455 1764 611 1799 Apostolum
625 1762 735 1795 dixisse,
754 1762 803 1795 Qui
816 1761 976 1796 baptizautur

182 1819 230 1846 pro
241 1811 357 1838 mortuis.
371 1810 491 1837 Vidistin‘
501 1817 623 1844 magnam
635 1809 805 1836 irrisionem?
816 1807 976 1835 convenitne

182 1857 311 1884 adversus
326 1864 356 1883 ca
375 1856 545 1890 disceptare?
565 1855 622 1890 Ego
640 1854 748 1890 quidem
767 1861 820 1881 non
840 1853 975 1881 arbitror:

183 1903 235 1930 nisi
248 1903 381 1930 disserere
392 1906 515 1937 oporteat
525 1909 585 1929 cum
600 1901 750 1928 furentibus
761 1908 811 1935 pro
822 1900 854 1927 iis
863 1907 922 1934 quae
935 1899 976 1925 lo-

185 1954 302 1984 quuntur
313 1949 468 1976 delirantes.
490 1948 525 1975 Ut
539 1955 618 1975 nemo
631 1952 720 1975 autem
735 1947 856 1981 capiatur
868 1953 901 1973 ex
914 1945 979 1973 sim-

185 1996 353 2032 plicioribus,
363 2002 473 2023 necesse
480 1999 521 2022 est
531 2000 559 2021 ut
566 1994 635 2022 hanc
643 2001 749 2029 quoque
757 1992 978 2028 disceptationem

187 2042 317 2070 adversus
326 2048 374 2068 eos
386 2040 568 2068 instituamus.
582 2040 647 2067 Nam
658 2040 680 2066 si
695 2039 745 2066 hoc
758 2039 859 2066 diceret
870 2037 978 2070 Paulus,

187 2096 236 2116 cur
250 2088 366 2115 minatus
381 2091 423 2114 est
435 2086 505 2113 Deus
518 2086 542 2113 ei
556 2086 600 2120 qui
617 2093 669 2112 noti
685 2085 853 2118 baptizatur?
866 2091 918 2111 non
932 2091 980 2118 po-

188 2138 241 2162 test
255 2133 327 2161 enim
343 2133 399 2159 fieri
415 2137 444 2158 ut
458 2132 589 2166 quispiam
604 2130 731 2165 deinceps
745 2138 797 2157 non
811 2129 959 2164 baptizatur
970 2149 978 2162 ,

187 2179 238 2206 hoc
250 2178 412 2213 excogitato.
436 2176 541 2211 Alioqui
557 2184 621 2203 vero
639 2183 692 2202 nou
712 2181 752 2202 est
771 2175 847 2209 culpa
863 2175 920 2209 ejus
934 2175 979 2210 qui

188 2225 315 2257 excessit,
329 2224 376 2251 sed
389 2223 447 2259 ejus
461 2223 504 2258 qui
519 2223 595 2250 vivit.
612 2222 777 2256 Quibusnam
790 2227 879 2249 autem
893 2221 959 2249 dixit
972 2241 980 2254 ,

189 2270 249 2297 Nisi
263 2269 420 2296 comederitis
432 2277 534 2295 carnem
548 2276 644 2301 meam,
659 2273 682 2295 et
697 2267 808 2294 biberitis
823 2275 906 2295 meum
919 2275 981 2294 sart-

188 2315 288 2352 guinem
300 2335 307 2347 ,
323 2322 374 2342 non
394 2313 513 2341 habebitis
528 2314 604 2340 vitam
623 2313 650 2340 in
663 2313 731 2340 vobis
746 2312 846 2348 (Joan.
861 2312 886 2340 6.
903 2313 936 2340 54
950 2311 982 2348 )‘i

190 2361 294 2388 vivisne
308 2367 342 2387 an
356 2359 487 2392 mortuis,
503 2359 546 2387 dic
559 2359 670 2394 quaeso?
684 2363 711 2386 et
725 2365 818 2386 rursus
829 2379 837 2391 ,
855 2357 914 2385 Nisi
927 2358 982 2393 quis

187 2411 350 2442 regeneratus
363 2406 438 2441 fuerit
453 2413 484 2432 ex
496 2413 562 2440 aqua
575 2409 598 2431 et
614 2404 713 2439 Spiritu
724 2425 732 2437 ,
745 2412 795 2431 non
809 2408 888 2439 potest
900 2404 984 2431 videre

188 2460 294 2487 regnum
310 2452 356 2478 Dei
371 2452 380 2485 (
395 2451 439 2478 Id.
453 2452 480 2479 3.
495 2452 511 2478 5
523 2452 532 2486 )
543 2452 556 2478 ?
569 2451 596 2478 Si
624 2451 694 2478 enim
722 2450 773 2478 hoc
800 2450 962 2485 permittitur
973 2470 980 2483 ,

191 2506 241 2525 nec
254 2505 322 2532 Opus
340 2502 381 2525 est
395 2497 533 2524 voluntate
547 2501 575 2524 et
597 2497 716 2523 inStituto
729 2496 788 2530 ejus
800 2496 844 2530 qui
865 2496 981 2530 accipit,

193 2551 244 2571 nec
257 2551 368 2571 assensu
382 2543 440 2578 ejus
453 2543 498 2577 qui
511 2547 552 2569 est
565 2542 590 2569 in
603 2542 655 2568 vita
667 2550 674 2574 ;
688 2542 750 2576 quid
763 2546 832 2569 vetat
843 2541 984 2576 quominus

192 2594 219 2615 ιιι
233 2588 332 2616 ethnici
347 2593 373 2615 et
386 2588 470 2615 Judaei
485 2587 523 2614 sic
536 2587 600 2614 ﬁant
613 2587 719 2618 ﬁdeles,
733 2587 793 2614 aliis
807 2591 866 2622 post
878 2586 983 2613 illorum

192 2635 332 2662 decessum
346 2642 392 2668 pro
404 2634 456 2660 illis
467 2633 525 2660 hzcc
536 2632 710 2660 facientibus?
719 2632 772 2660 Sed
784 2640 817 2660 nc
826 2640 984 2659 aranearum

195 2682 261 2707 tu-las
274 2680 387 2715 amplius
399 2679 614 2710 conscindentes,
628 2679 742 2705 inaniter
756 2679 905 2706 laboremus
915 2699 921 2711 ,
936 2686 986 2713 age

194 2727 274 2760 hujus
285 2725 410 2753 dictionis
423 2725 476 2752 vim
488 2726 661 2759 explicemus.
676 2725 743 2757 Quid
758 2732 822 2759 ergo
836 2725 900 2751 dicit
914 2724 984 2751 Pau-

192 2770 257 2799 lus?
272 2771 353 2800 Vobis
368 2772 493 2807 primum,
509 2771 553 2806 qui
569 2771 702 2807 mysteriis
715 2770 780 2798 estis
796 2771 907 2803 initiati,
924 2771 985 2798 volo

194 2819 222 2845 in
238 2819 393 2846 memoriam
409 2824 608 2845 revocare'eam
624 2816 767 2844 dictionem
782 2837 788 2849 ,
804 2824 882 2850 ημευῃ
898 2817 923 2843 in
940 2817 984 2843 illa

194 2871 304 2900 Vespera
321 2865 415 2900 jubent
432 2871 479 2892 vos
499 2863 587 2891 dicere
607 2864 652 2899 qui
674 2864 800 2898 mysterio
821 2863 942 2896 initianl,
958 2867 985 2890 et

1015 759 1079 783 tunc
1090 755 1153 791 quid
1165 755 1238 784 dicat
1252 755 1350 784 Paulus
1363 757 1502 792 explicabo
1516 767 1524 786 :
1537 759 1577 788 sic
1591 760 1661 788 enim
1676 761 1729 790 hoc
1741 770 1808 798 quo-

1014 808 1068 836 que
1082 801 1158 829 vobis
1171 801 1223 829 erit
1243 801 1397 830 dilucidius.
1413 803 1479 830 Nam
1504 809 1563 839 post
1582 806 1632 833 alia
1647 809 1735 835 omnia
1756 809 1809 836 hoc

1014 847 1137 875 addimus
1150 868 1158 880 ,
1172 848 1243 883 quod
1265 856 1337 877 nunc
1356 849 1421 877 dicit
1444 851 1550 879 Paulus.
1572 853 1608 880 Et
1624 854 1686 881 volo
1700 855 1808 890 quidem

1015 898 1108 929 aperte
1123 894 1174 921 hoc
1185 894 1275 923 dicere
1289 903 1296 922 :
1311 903 1364 923 non
1379 896 1465 924 audeo
1478 902 1567 926 autem
1583 904 1692 935 propter
1704 908 1750 928 eos
1763 901 1809 936 qui

1016 947 1070 966 non
1085 944 1146 967 sunt
1160 940 1255 968 initiati
1272 950 1280 968 :
1293 941 1311 968 ii
1325 942 1396 969 enim
1411 944 1605 978 expositionem
1620 946 1697 974 nobis
1710 947 1811 975 faciunt

1016 984 1206 1019 difﬁciliorem,
1218 990 1247 1013 ut
1259 986 1304 1021 qui
1317 994 1366 1014 nos
1378 993 1474 1023 cogant
1485 989 1526 1016 vel
1539 998 1592 1018 non
1605 996 1697 1026 aperte
1709 992 1810 1024 dicere,

1017 1035 1064 1058 aut
1082 1031 1122 1058 eis
1144 1039 1240 1059 arcana
1260 1033 1411 1061 enuntiare.
1432 1034 1484 1062 Sed
1501 1039 1587 1063 tamen
1603 1037 1689 1064 dicam
1701 1058 1711 1070 ,
1724 1038 1811 1073 quoad

1018 1076 1077 1112 ejus
1089 1084 1104 1104 a
1118 1085 1162 1105 me
1175 1077 1232 1104 ﬁeri
1247 1078 1354 1112 poterit,
1369 1083 1439 1108 tecte
1452 1086 1479 1108 et
1491 1081 1657 1110 adumbrate.
1672 1083 1738 1110 Nam
1754 1089 1813 1118 post

1018 1123 1192 1159 mysticorum
1207 1124 1313 1151 illorum
1326 1129 1354 1153 et
1367 1127 1525 1154 terribilium
1537 1128 1679 1156 verborum
1691 1131 1814 1158 enuntia-

1020 1169 1131 1203 tionem,
1145 1175 1172 1197 et
1187 1170 1335 1199 horrendas
1350 1173 1456 1207 regulas
1469 1173 1635 1209 dogmatnm,
1648 1184 1709 1211 qua:
1719 1184 1735 1204 e
1747 1178 1815 1204 caelo

1020 1220 1082 1242 sunt
1096 1215 1224 1247 demissa.
1247 1216 1299 1244 hoc
1317 1225 1422 1252 quoque
1442 1219 1468 1246 in
1484 1219 1536 1248 ﬁne
1548 1220 1671 1248 addimus
1683 1241 1690 1252 ,
1707 1223 1815 1256 quando

1020 1268 1114 1288 sumus
1133 1262 1303 1297 baptizandi,
1315 1263 1441 1298 jubentes
1456 1264 1546 1293 dicere
1557 1287 1565 1298 ,
1579 1266 1667 1294 Credo
1682 1269 1708 1294 in
1724 1275 1816 1295 resur-

1021 1308 1168 1335 rectionem
1192 1313 1358 1336 mortuorum
1374 1317 1381 1336 :
1395 1314 1422 1337 et
1443 1311 1469 1338 in
1493 1311 1544 1339 hac
1567 1311 1620 1339 ﬁde
1639 1313 1815 1348 baptizamur.

1023 1353 1165 1388 Postquam
1181 1355 1252 1381 enim
1268 1354 1319 1382 hoc
1331 1355 1445 1383 confessi
1467 1364 1560 1385 sumus
1577 1365 1637 1385 cum
1659 1359 1718 1386 aliis
1729 1380 1736 1391 ,
1754 1364 1817 1387 tunc

1023 1398 1189 1426 demittimur
1205 1400 1230 1426 in
1245 1400 1345 1427 fontem
1363 1409 1501 1428 sacrorum
1517 1402 1624 1430 illorum
1644 1404 1815 1431 fluentorum.

1024 1443 1081 1471 lloc
1094 1452 1158 1479 ergo
1173 1445 1199 1471 in
1215 1446 1370 1472 memoriam
1389 1454 1519 1475 revocans
1534 1447 1639 1475 dicebat
1655 1449 1752 1477 Paulus
1763 1469 1771 1481 ,
1788 1450 1818 1477 Si

1024 1497 1075 1516 non
1090 1495 1125 1516 est
1139 1491 1299 1523 resurrectio,
1314 1500 1359 1518 cur
1373 1491 1509 1527 baptizari:
1524 1501 1570 1527 pro
1585 1495 1711 1521 mortuis?
1725 1495 1750 1522 id
1765 1500 1818 1528 est,

1025 1543 1076 1570 pro
1088 1537 1255 1570 corporibus.
1273 1537 1386 1571 Propter
1400 1538 1450 1565 hoc
1464 1539 1534 1565 enim
1548 1540 1707 1574 baptizaris,
1721 1541 1820 1568 mortui

1026 1581 1148 1616 corporis
1168 1581 1281 1609 credens
1303 1583 1526 1611 resurrectionem
1539 1605 1547 1617 ,
1563 1593 1660 1619 nempe
1673 1586 1745 1620 quod
1767 1594 1821 1613 non

1027 1631 1133 1654 maneat
1147 1631 1291 1654 mortuum.
1307 1628 1339 1654 Et
1353 1632 1380 1654 tu
1393 1629 1501 1663 quidem
1515 1637 1563 1663 per
1575 1631 1655 1658 verba
1669 1631 1737 1658 dicis
1750 1639 1822 1658 mor-

1028 1677 1133 1700 tuorum
1148 1673 1370 1700 resurrectionem
1385 1683 1392 1700 :
1406 1675 1532 1702 sacerdos
1545 1680 1633 1703 autem
1648 1682 1782 1712 tamquam
1795 1678 1823 1704 in

1028 1717 1142 1752 quadam
1158 1718 1282 1752 imagine,
1297 1726 1357 1753 qua:
1371 1719 1507 1747 credidisti
1522 1725 1549 1747 et
1564 1728 1610 1755 per
1624 1721 1703 1748 verba
1717 1729 1747 1749 es
1760 1729 1824 1749 con-

1029 1762 1116 1790 fessus
1128 1783 1136 1795 ,
1152 1763 1231 1790 etiam
1249 1771 1296 1797 per
1312 1771 1355 1790 res
1370 1764 1441 1798 ipsas
1455 1765 1583 1793 ostendit.
1598 1767 1711 1800 Quando
1723 1768 1826 1803 absque

1029 1808 1106 1843 signo
1117 1808 1219 1840 credis,
1234 1813 1298 1836 tunc
1312 1809 1359 1836 tibi
1372 1810 1452 1837 etiam
1467 1811 1568 1845 prtcbet
1581 1812 1686 1847 signum
1700 1821 1706 1840 :
1718 1813 1826 1848 quando

1029 1862 1090 1889 qua:
1113 1859 1156 1881 tua
1177 1859 1241 1882 sunt
1261 1855 1357 1882 feceris
1369 1877 1376 1887 ,
1398 1860 1461 1884 tunc
1483 1858 1554 1885 Deus
1572 1866 1678 1894 quoque
1694 1864 1719 1887 te
1738 1860 1827 1888 reddit

1030 1899 1186 1927 certiorem.
1209 1899 1371 1933 Quomodo?
1396 1901 1447 1929 Per
1468 1909 1574 1937 aquam.
1600 1904 1730 1938 Baptizari
1753 1906 1826 1932 enim

1031 1950 1059 1973 et
1070 1945 1200 1981 demergi,
1216 1946 1312 1974 deinde
1327 1955 1432 1974 sursum
1450 1956 1570 1976 remeare
1585 1954 1610 1976 et
1625 1958 1772 1986 emergere,
1785 1956 1827 1979 est

1031 1991 1183 2027 symbolum
1200 1999 1248 2019 seu
1267 1993 1370 2027 signum
1387 1993 1532 2022 descensus
1554 1995 1586 2022 ad
1610 1995 1709 2023 inferos
1723 2001 1751 2024 et
1766 1997 1827 2024 inde

1032 2045 1169 2066 ascensus.
1184 2038 1363 2071 Quamobrem
1380 2039 1476 2067 Paulus
1489 2048 1595 2076 quoque
1609 2041 1771 2076 baptismum
1785 2050 1827 2069 se-

1033 2084 1153 2118 pulcrum
1172 2088 1266 2116 vocat,
1285 2084 1400 2112 dicens:
1415 2085 1561 2121 Comepulti
1578 2087 1645 2113 enim
1664 2095 1751 2115 sumus
1771 2096 1829 2114 cum

1033 2129 1079 2157 illo
1089 2138 1133 2164 per
1142 2130 1294 2165 baptismum
1304 2132 1330 2157 in
1340 2136 1444 2159 mortem
1453 2132 1541 2167 (Rom.
1553 2134 1579 2160 6.
1592 2134 1632 2168 Δ).
1644 2134 1682 2161 Ex
1696 2142 1729 2162 eo
1739 2130 1828 2163 autem

1034 2183 1091 2202 rem
1105 2174 1222 2203 futuram
1237 2183 1342 2210 quoque
1356 2176 1420 2203 facit
1433 2177 1605 2211 credibilem,
1620 2186 1774 2214 corporum,
1789 2181 1829 2207 in-

1034 2229 1126 2256 quam,
1138 2222 1372 2249 resurrectionem.
1387 2223 1434 2250 Est
1447 2223 1518 2250 enim
1532 2224 1610 2259 longe
1623 2224 1708 2259 majus
1721 2231 1829 2260 peccata

1035 2267 1146 2300 delere,
1168 2275 1247 2302 quam
1272 2275 1370 2302 corpus
1394 2269 1534 2296 suscitare.
1558 2270 1592 2296 Et
1614 2269 1665 2297 hoc
1686 2271 1830 2298 enuntians

1034 2312 1157 2341 Christus
1168 2313 1273 2341 dicebat
1285 2322 1291 2339 :
1305 2314 1373 2346 Quid
1383 2314 1453 2341 enim
1465 2320 1500 2341 est
1515 2315 1616 2350 facilius
1629 2316 1722 2349 dicere,
1736 2316 1830 2344 Remit-

1036 2363 1125 2386 lunlur
1138 2358 1182 2386 tibi
1196 2363 1308 2393 peccata,
1321 2368 1354 2386 an
1367 2359 1460 2391 dicere,
1477 2359 1548 2387 Tolle
1561 2360 1709 2395 grabbatum
1722 2367 1792 2388 tuum
1807 2366 1831 2388 et

1036 2404 1137 2431 antbula
1161 2404 1275 2441 (Matth.
1290 2405 1317 2432 9.
1331 2405 1357 2432 5.
1371 2405 1387 2432 6
1399 2405 1428 2440 )ἳ
1448 2405 1513 2432 lllud
1529 2405 1637 2440 quidem
1647 2427 1655 2438 ,
1670 2407 1775 2441 inquit,
1790 2411 1832 2434 est

1036 2450 1172 2478 difﬁcilius
1185 2459 1192 2477 :
1205 2451 1330 2485 quoniam
1343 2455 1431 2478 autem
1447 2451 1471 2478 id
1487 2452 1574 2479 minus
1586 2452 1706 2486 creditis,
1721 2458 1748 2480 ut
1761 2453 1831 2488 quod

1037 2503 1091 2523 non
1104 2497 1139 2523 sit
1153 2496 1262 2523 evidens
1274 2517 1282 2529 ,
1298 2501 1325 2523 et
1338 2496 1408 2531 quod
1428 2501 1471 2524 est
1487 2497 1590 2524 facilius
1604 2505 1652 2532 pro
1664 2498 1766 2525 difﬁcili
1782 2499 1831 2524 ha-

1037 2541 1124 2575 betis,
1146 2549 1242 2577 nempe
1263 2544 1404 2577 potestatis
1425 2550 1493 2569 mete
1512 2544 1711 2575 ostenxionem;
1732 2551 1767 2571 ne
1782 2544 1832 2570 hoc

1038 2587 1144 2622 quidem
1157 2587 1283 2615 indicium
1298 2587 1427 2614 recusabo
1441 2588 1518 2614 vobis
1532 2588 1671 2616 exhibere.
1687 2588 1759 2615 Tum:
1772 2589 1832 2615 dicit

1039 2634 1190 2669 paralytico,
1202 2634 1296 2669 Surge,
1312 2633 1371 2660 tolle
1383 2634 1474 2661 lectum
1487 2639 1569 2666 tuum,
1580 2639 1603 2661 et
1615 2634 1678 2661 vade
1690 2636 1716 2661 in
1730 2635 1833 2662 domum

1039 2684 1119 2706 luant.

1073 2725 1101 2751 2.
1122 2725 1156 2751 Et
1174 2724 1309 2759 quomodo
1328 2729 1367 2752 est
1380 2745 1388 2757 ,
1409 2725 1531 2759 inquies,
1552 2725 1661 2752 difﬁcile
1673 2746 1680 2758 ,
1696 2733 1758 2753 cum
1781 2725 1832 2752 hoc

1039 2771 1142 2805 possint
1152 2770 1239 2797 facere
1249 2775 1277 2797 et
1288 2778 1365 2804 reges
1376 2774 1403 2797 et
1415 2770 1566 2805 principes?
1578 2771 1715 2798 adulteros
1725 2771 1795 2797 enim
1805 2775 1832 2797 et

1040 2816 1187 2844 homicidas
1199 2816 1237 2843 illi
1251 2815 1398 2843 dimittunt.
1412 2816 1505 2850 Ludis,
1517 2824 1534 2844 ο
1547 2816 1637 2848 homo,
1653 2816 1710 2844 haec
1723 2816 1829 2844 dicens:

1040 2871 1101 2891 nam
1126 2870 1198 2890 scius
1221 2862 1329 2898 quidem
1349 2863 1420 2891 Deus
1439 2867 1527 2899 potest
1546 2867 1655 2899 peccata
1673 2862 1831 2893 remittere;
