2021 3117
165 162 215 191 347

164 217 351 250 διασωζόντων
369 217 524 253 δεομένους,
543 219 591 246 καὶ
609 219 810 255 ἐπιθυμοῦντας
826 221 874 255 τῆς
900 229 951 247 κα-

165 264 321 295 ταστάσεως
337 263 455 299 ἐκείνης,
479 265 509 291 ἐν
526 261 543 302 ᾖ
561 264 625 301 πρὶν
643 266 659 301 ἢ
675 265 855 301 διαρραγῆναι
869 264 950 302 ⁴ἦσαν.

164 309 299 345 Καθάπερ
309 310 364 344 γάρ
377 310 404 336 αἱ
418 310 532 337 κύουσαι
544 310 599 337 τῶν
612 311 761 345 γυναικῶν,
773 311 844 338 οὔτω
857 310 952 346 βαρού-

166 363 241 390 μενοι
260 355 310 386 τάς
328 354 466 390 γαστέρας
492 355 696 390 περιφέρονται,
722 356 768 382 καὶ
790 356 866 391 μόλις
891 357 952 382 ἐπι-

165 400 297 432 σαίνουσι,
311 401 357 427 καὶ
374 400 451 435 μόλις
465 400 604 436 βλέπουσι,
622 401 670 428 καὶ
685 401 761 437 μόλις
776 401 950 436 φθέγγονται,

164 448 211 473 καὶ
227 446 318 473 πάντα
343 446 429 481 μόλις.
450 447 499 472 Ἂν
514 446 542 472 δέ
563 446 660 482 μικρὸν
675 447 772 477 αὐτοὺς
785 446 855 482 τύχῃ
868 455 952 473 κατα-

163 492 283 527 δαρθεῖν,
299 491 429 527 ὀνείρατα
443 491 525 518 πάλιν
547 492 635 518 ἄτοπα.
650 492 697 519 καὶ
711 492 817 528 μυρίων
834 492 953 527 γέμοντα

163 537 321 572 φαντασιῶν
336 536 431 572 ὁρῶσι.
444 537 478 563 Τί
494 537 527 564 ἄν
538 545 580 569 τις
591 537 663 564 εἴποι
676 537 726 573 τὴν
740 537 837 573 ἑτέραν
849 537 952 564 τούτων

165 580 275 616 μανίαν,
286 581 336 617 τὴν
345 581 399 608 τῶν
409 581 574 616 ἀφροδισίων
587 581 674 616 λέγω;
687 581 742 609 Καὶ
754 581 809 617 γὰρ
822 582 869 609 καὶ
882 581 952 617 αὕτη

164 627 213 658 τὰς
227 627 319 662 πηγὰς
337 627 464 654 ἐντεῦθεν
486 627 544 663 ἔχει
553 636 561 644 ·
579 627 626 654 καὶ
639 627 765 663 καθάπερ
779 628 857 654 ἵπποι
871 627 953 662 θηλυ-

164 673 271 707 μανεῐς,
292 671 366 699 οὕτω
393 672 433 708 τῷ
454 673 555 708 οῐστρῳ
578 672 629 708 τῆς
658 672 744 708 μέθης
768 672 954 708 κεντούμενοι,

164 717 249 744 πᾶσιν
276 716 456 754 ἐπιπηδῶσιν,
486 717 656 754 ἀλογώτερον
687 718 736 745 καὶ
769 717 955 755 μανικώτερον

162 761 276 790 ἐκείνων
287 763 464 799 σκιρτῶντες,
477 764 525 791 καὶ
534 763 621 791 πολλά
632 763 714 800 ἕτερα
725 762 953 800 ἀσχημονοῦντες,

710 161 743 190 IN
762 161 873 190 EPIST.
893 162 904 189 l
940 161 985 189 AD
1004 162 1084 190 COR.
1104 162 1221 190 HOMIL.
1242 161 1298 188 XL.

1740 157 1794 185 368

1004 220 1022 247 ἃ
1037 221 1104 256 μηδέ
1124 221 1210 247 εἰπεῖν
1234 219 1324 253 θέμις.
1340 218 1407 245 Οὐδὲ
1423 218 1476 254 γὰρ
1495 218 1568 243 ἴσασι
1583 213 1678 242 λοιπον
1692 213 1753 241 οῦτε
1776 213 1794 240 ἃ

1005 266 1168 301 πάσχουσιν,
1184 264 1246 292 οὔτε
1263 265 1280 292 ἃ
1294 265 1470 301 πράττουσιν.
1494 262 1565 289 Ἀλλ’
1581 261 1630 296 οὐχ
1644 261 1658 288 6
1679 260 1716 295 μὴ
1729 268 1795 295 τρυ-

1005 311 1074 346 φῶν,
1085 311 1215 342 τοιοῦτος’
1229 311 1286 337 ἀλλ’
1299 311 1327 337 ἐν
1339 311 1428 345 λιμένι
1438 309 1556 344 κάθηται
1565 307 1599 334 τὰ
1612 307 1713 341 ἑτέρων
1724 304 1795 340 ὁρῶν

1005 357 1134 391 ναυάγια,
1145 357 1193 384 καὶ
1202 357 1299 391 ἡδονῆς
1312 356 1444 383 ἀπολαύει
1457 355 1580 390 καθαρᾶς
1594 352 1642 380 καὶ
1655 350 1793 386 διαρκοῦς,

1004 403 1054 437 τὴν
1069 403 1203 438 ἐλευθέρῳ
1218 403 1412 438 προσήκουσαν
1427 402 1500 436 ζωὴν
1518 399 1627 436 μετιών.
1641 398 1725 424 Ταῦτ’
1748 394 1795 423 οὖν

1007 447 1084 484 [578]
1095 447 1208 480 ειδότες,
1226 446 1359 482 φύγωμεν
1372 447 1406 474 τὰ
1421 447 1526 481 πονηρὰ
1540 445 1589 477 τῆς
1605 443 1712 479 τρυφῆς
1724 450 1795 476 συμ-

1006 492 1097 525 πόσια,
1117 493 1165 519 καὶ
1178 493 1255 528 λιτῆς
1268 492 1445 527 ἀντεχώμεθα
1458 490 1609 526 τραπέζης,
1627 489 1670 515 ἵνα
1684 487 1731 514 καὶ
1744 486 1794 521 τὴν

1005 537 1093 573 ψυχὴν
1108 537 1155 564 καὶ
1170 537 1202 563 τὸ
1217 537 1297 572 σῶμα
1310 534 1339 562 εὖ
1360 535 1538 570 διακείμενοι,
1555 533 1646 560 πᾶσάν
1662 540 1691 558 τε
1711 532 1794 566 ἐργα-

1007 582 1119 618 σώμεθά
1151 582 1261 618 ἀρετὴν,
1285 582 1332 609 καὶ
1355 581 1410 608 τῶν
1440 580 1593 616 μελλόντων
1620 577 1795 612 ἐπιτύχωμεν

1005 628 1125 662 ἀγαθῶν,
1141 628 1232 663 χάριτι
1253 628 1301 654 καὶ
1315 626 1506 662 φιλανθρωπίᾳ
1523 625 1570 652 τοῦ
1592 623 1695 659 Κυρίου
1714 621 1797 657 ἡμῶν

1012 673 1099 709 Ἰησοῦ
1123 673 1253 709 Χριστοῦ,
1277 672 1337 709 μεθ’
1364 669 1395 699 οὗ
1422 672 1461 706 τῷ
1484 671 1573 706 Πατρὶ
1589 670 1647 705 ἅμα
1671 667 1711 703 τῷ
1725 666 1801 701 ἀγίῳι

1006 719 1147 754 Πνεύματι
1168 719 1242 752 δόξα,
1257 719 1369 754 κράτος,
1395 717 1471 753 τιμὴ,
1487 717 1534 744 νῦν
1551 717 1599 743 καί
1616 716 1669 748 ἀεὶ,
1690 713 1738 741 καὶ
1755 712 1799 743 είς

1006 764 1070 795 τοὺς
1083 764 1184 795 αἰῶνας
1200 764 1254 790 τῶν
1273 763 1389 790 αἰώνων.
1413 763 1509 798 Ἀμήν.

910 880 1032 908 ΟΜΙΛῙΔ
1051 881 1096 908 M'.

168 935 250 964 Ἐπεὶ
268 937 299 972 τί
316 936 501 971 ποιήσουσιν
522 938 551 965 οι
564 936 775 972 βαπτιζόμενοι
798 937 875 970 ὑπὲρ
891 937 952 972 τῶν

196 971 323 1005 νεκρῶν,
338 974 364 999 ει
380 973 458 1006 ὅλως
473 972 574 1007 νεκροί
591 973 649 1007 οὐκ
661 971 842 1007 érsfporﬂu;
860 972 889 998 τί
902 971 952 998 καί

193 1007 389 1038 βαπτίζονται
402 1009 480 1043 ὑπὲρ
492 1006 552 1035 τῶν
564 1006 695 1042 νεκρῶν-ς

195 1065 230 1088 α’.
247 1063 351 1099 Ἐτέρῳ
365 1064 446 1091 πάλιν
462 1065 596 1101 ἐπιχειρεῖ
614 1063 764 1100 κεφαλαίῳ,
776 1064 841 1092 ποτὲ
856 1064 905 1100 μὲν
919 1064 949 1098 ἐξ

161 1100 199 1131 ῶν
212 1105 227 1132 6
239 1105 306 1138 Θεὸς
320 1108 403 1140 ποιεῖ,
419 1107 485 1134 ποτέ
499 1107 527 1134 δὲ
543 1100 576 1140 ἐξ
591 1107 681 1134 αὐτῶν
690 1103 727 1134 ὢν
737 1107 898 1142 πράττουσι,
914 1107 949 1134 τὰ

163 1144 298 1181 λεγόμενα
312 1148 535 1180 κατασκευάζων.
552 1148 590 1175 Οὐ
605 1148 702 1184 μικρὸν
718 1148 747 1175 δέ
762 1147 899 1175 καὶτοῦτο
913 1149 953 1180 είς

165 1188 330 1223 συνηγορίαν
339 1188 487 1224 δικαίωμα,
497 1190 563 1216 ὅταν
572 1190 636 1221 τοὺς
650 1189 842 1224 ἀντιλέγοντας
854 1189 953 1221 αὐτοὺς

165 1229 310 1264 μάρτυρας
323 1230 484 1267 παραγάγῃ,
500 1231 533 1257 δι’
543 1227 581 1257 ὧν
595 1230 713 1263 ποιοῦσι,
724 1231 778 1257 τῶν
789 1231 952 1266 λεγομένων.

164 1270 197 1296 Τί
212 1269 260 1298 οὗν
273 1272 349 1298 ἐστιν
363 1272 380 1298 ᾰ
392 1280 493 1306 φησιν;
509 1272 525 1307 ἦ
538 1271 664 1307 βούλεσθε
679 1271 787 1307 πρῶτον
803 1273 882 1305 εῐπω,
895 1271 954 1304 πῶς

164 1312 349 1346 παραποιοῦσι
363 1313 418 1348 τὴν
429 1313 509 1348 ῥῆσιν
525 1314 628 1347 ταύτην
642 1314 667 1339 οι
678 1313 713 1340 τὰ
732 1313 894 1349 Μαρκίωνος
909 1321 954 1339 νο-

165 1352 293 1387 σοῦντεςς
318 1355 373 1382 Καὶ
398 1351 458 1381 οἶδα
476 1354 526 1390 μὲν
539 1355 580 1381 ὅτι
605 1355 689 1382 πολὺν
713 1356 815 1390 κινήσω
837 1354 953 1389 γέλωτα,

165 1393 235 1429 πλὴν
250 1394 318 1420 ἀλλά
332 1395 379 1422 καὶ
395 1395 439 1422 διὰ
452 1395 532 1422 τοῦτο
547 1395 665 1430 μάλιστα
679 1395 745 1431 ἐρῶ,
763 1396 807 1422 ἴνα
824 1394 955 1431 μειζόνως

164 1435 255 1461 αὐτῶν
269 1435 374 1470 φύγητε
388 1437 438 1471 τὴν
449 1437 536 1464 νόσον.
559 1437 685 1464 Ἐπειδὰν
700 1437 754 1471 γάρ
767 1445 808 1469 τις
820 1437 954 1473 κατηχού-

166 1483 246 1510 μενος
259 1477 366 1513 ἀπέλθῃ
381 1478 447 1514 παρ⁹
458 1479 560 1510 αὐτοῖς,
574 1478 619 1505 τὸν
637 1477 725 1511 ζῶντα
739 1478 791 1504 ὑπὸ
801 1478 850 1512 τὴν
860 1478 955 1513 κλίνην

165 1517 212 1544 τοῦ
233 1518 458 1553 τετελευτηκότος
480 1519 643 1554 κρύψαντες,
663 1519 790 1555 προσίασι
807 1519 846 1554 τῷ
866 1519 955 1554 νεκρῷ

166 1557 212 1582 καὶ
223 1556 394 1591 διαλέγονται
415 1559 461 1585 καὶ
478 1559 670 1590 πυνθάνονται,
689 1560 713 1585 εἰ
731 1559 852 1594 βούλοιτο
862 1558 954 1585 λαϐεῖν

165 1598 197 1623 τὸ
212 1597 355 1634 βάπτισμα
365 1607 372 1613 ·
388 1597 448 1626 εἶτα
465 1600 571 1627 ἐκείνου
595 1600 680 1635 μηδὲν
700 1600 927 1636 ἀποκρινομένου,
941 1600 955 1626 ό

166 1641 356 1676 κεκρυμμένος
376 1641 500 1669 κάτωθεν
526 1643 584 1669 ἀντ’
610 1642 715 1669 ἐκείνου
743 1642 836 1678 φησὶν,
862 1642 902 1668 ὄτι
923 1641 955 1677 δὴ

167 1681 289 1716 βούλοιτο
306 1682 502 1718 βαπτισθῆναι·
520 1684 567 1710 καὶ
589 1683 659 1710 οὕτω
677 1683 852 1719 βαπτίζουσιν
874 1683 956 1710 αὑτὸν

166 1723 227 1749 ἀντὶ
241 1723 288 1750 τοῦ
314 1724 488 1757 ἀπελθόντος,
506 1724 632 1760 καθάπερ
646 1725 693 1752 ἐπὶ
705 1724 754 1759 τῆς
768 1725 871 1760 σκηνῆς
891 1724 955 1750 παί-

167 1763 259 1796 ζοντες
269 1773 276 1780 ·
292 1765 418 1792 τοσοῦτον
435 1766 530 1801 ῐσχυσε
550 1767 610 1798 ταῖς
622 1767 675 1793 τῶν
691 1766 820 1802 ῥᾳθύμων
833 1765 932 1800 ψυχαῖς
941 1765 956 1792 6

166 1805 299 1838 διάσολος.
327 1805 395 1834 Εἶτα
419 1808 624 1843 ἐγκαλούμενοι,
645 1809 719 1834 τουτὶ
747 1807 901 1842 παράγουσι
925 1807 956 1833 τὺ

168 1847 245 1882 ῥῆμα
258 1847 396 1882 λέγοντες,
422 1849 463 1876 ὃτι
491 1850 538 1876 καὶ
559 1851 574 1876 6
595 1849 756 1879 ’Δπόστολος
780 1849 901 1884 εἴρηκεν·
923 1849 956 1874 οι

163 1889 375 1924 βαπτιζόμενοι
392 1891 466 1923 ὑπὲρ
480 1890 540 1918 τῶν
549 1890 674 1925 νεκρῶν.
691 1889 765 1922 Εἶδες
776 1891 823 1917 τὸν
835 1891 956 1924 καταγέ-

167 1930 240 1957 λωτα
254 1931 300 1958 τὸν
311 1931 394 1958 πολύν
402 1940 409 1965 ;
418 1930 463 1968 ἆρ’
472 1930 519 1959 οὖν
532 1932 600 1968 πρὸς
611 1927 698 1959 ταῦτα.
712 1933 850 1959 ἀντειπεῖν
862 1931 954 1966 ἀξιον;

167 1973 224 1999 οὐκ
243 1973 331 2007 ἔγωγε
350 1971 444 2010 οἶμαι·
460 1975 531 2010 πλὴν
547 1975 570 2001 εί
587 1974 624 2010 μὴ
641 1975 688 2001 καὶ
700 1976 755 2006 τοῖς
773 1974 954 2008 μαινομένοις,

167 2015 238 2050 ὑπὲρ
252 2011 290 2041 ὧν
308 2016 512 2050 παραπαίοντες
531 2016 705 2051 φθέγγονται,
717 2016 888 2050 διαλέγεσθαι
904 2016 954 2043 δεῖ.

167 2056 227 2083 Ἵνα
243 2057 273 2083 δὲ
291 2058 385 2093 μηδεὶς
396 2058 449 2084 τῶν
463 2058 565 2093 σφόδρα
575 2058 764 2094 ἀφελεστέρων
783 2057 848 2092 ἁλῷ,
870 2059 954 2093 ἀναγ-

167 2099 245 2124 καῖον
267 2098 411 2132 ὑπομεῖναι
435 2100 482 2126 καὶ
503 2099 552 2135 τὴν
568 2099 636 2134 πρὸς
650 2099 761 2130 τούτους
783 2099 953 2135 ἀντίρρησιν.

167 2139 199 2165 Εἰ
215 2139 270 2174 γὰρ
282 2138 362 2166 τοῦτο
383 2140 459 2174 ἐλεγε
481 2140 597 2173 Παῦλος,
615 2139 687 2172 τίνος
700 2140 794 2167 ἕνεκεν
808 2141 955 2176 ἠπείλησεν

166 2180 181 2206 ὁ
200 2179 267 2211 Θεὸς
286 2180 326 2215 τῷ
352 2181 389 2216 μὴ
417 2181 617 2217 βαπτιζομένῳ.
639 2181 677 2208 Οὐ
691 2181 744 2217 γὰρ
768 2181 826 2208 ἐστι
844 2182 905 2208 τινὰ
916 2182 954 2217 μὴ

168 2220 351 2256 βαπτισθῆναι
367 2223 459 2249 λοιπὸν
476 2223 664 2258 ἐπινοηθέντος
691 2223 800 2250 τούτου·
816 2223 904 2255 ἄλλως
927 2224 956 2250 δὲ

166 2263 197 2289 τὸ
209 2262 336 2298 ἐγκλημα
347 2263 438 2290 οὐκέτι
453 2265 529 2300 παρὰ
541 2265 587 2291 τὸν
596 2265 748 2292 ἀπελθόντα
759 2265 874 2299 γίνεται,
888 2264 957 2292 ἀλλά

167 2304 242 2338 παρά
263 2304 309 2330 τὸν
333 2304 432 2336 ζῶντα.
449 2305 510 2332 Τίσι
535 2306 563 2332 δὲ
580 2306 682 2340 ἔλεγεν,
707 2306 775 2333 Ἐὰν
782 2306 826 2340 μὴ
842 2305 957 2341 φάγητέ

165 2354 224 2379 μου
236 2344 295 2379 τὴν
309 2346 417 2380 σάρκα,
428 2347 478 2375 καὶ
492 2347 580 2381 πίητέ
588 2356 647 2382 μου
662 2347 696 2373 τὸ
709 2345 791 2381 αἷμα,
804 2348 859 2374 οὐκ
872 2347 958 2382 ἔχετε

168 2385 244 2420 (ibi)?
255 2387 290 2414 ἐν
299 2387 436 2421 ὲαυτοῖς;
450 2389 506 2421 τοῖς
520 2388 613 2421 ζῶσιν,
627 2389 643 2424 ἢ
654 2390 711 2421 τοῖς
724 2389 955 2424 τετελευτηκόσιν,

169 2428 228 2455 εἰπέ
248 2438 311 2462 μοι,
337 2430 384 2456 καὶ
405 2430 498 2462 πάλιν,
519 2431 569 2458 Ἂν
589 2430 631 2465 μή
654 2439 700 2464 τις
721 2431 913 2465 ἀνα-Γεννηθῇ
923 2431 958 2463 ἐξ

169 2469 278 2503 ὕδατος
288 2470 337 2497 καί
353 2472 536 2506 Πνεῦμα-τος,
550 2473 585 2499 οὐ
599 2472 724 2499 δύναται
741 2471 816 2499 ίδεῐν
827 2471 885 2506 τὴν
897 2472 956 2504 βα-

167 2513 289 2539 σιλείαν
306 2512 360 2539 τοῦ
378 2512 472 2545 Θεοῦ;
491 2513 524 2540 Εἰ
543 2513 598 2548 γὰρ
613 2513 693 2540 τοῦτο
719 2514 834 2548 ἐφεῖται,
858 2514 906 2540 καὶ
924 2513 954 2540 οὐ

167 2555 246 2587 χρεία
265 2553 379 2589 γνώμης
397 2554 447 2588 τῆς
460 2553 506 2580 τοῦ
522 2553 715 2589 λαμϐάνοντος,
740 2555 801 2581 οὐδὲ
816 2563 956 2589 συγκατα-

167 2595 270 2627 θέσεως
287 2596 336 2630 τῆς
356 2596 386 2621 ἐν
402 2596 441 2631 τῷ
459 2595 519 2632 ζῇν,
535 2596 562 2622 τί
579 2596 678 2623 κωλύει
694 2597 742 2624 καὶ
758 2597 893 2632 Ἕλληνας
906 2597 955 2624 καὶ

173 2636 318 2668 Ἰουδαίους
332 2636 403 2663 οὕτω
417 2637 544 2671 γενέσθαι
562 2638 684 2670 πιστοὺς,
703 2638 803 2674 ἐτέρων
824 2639 893 2673 μετά
908 2639 956 2674 τὴν

167 2678 296 2713 τελευτὴν
321 2679 433 2705 ἐκείνων
459 2679 529 2715 ὑπὲρ
552 2679 664 2707 ἐκείνων
687 2680 772 2707 ταῦτα
790 2679 956 2714 ποιούντων;

173 2719 243 2746 Ἀλλ’
269 2720 314 2746 ἵνα
333 2719 371 2755 μὴ
393 2721 522 2748 ἐπιπλέον
546 2721 581 2748 τὰ
603 2721 746 2756 ἀραχνίδια
764 2721 956 2753 διακόπτοντες

169 2761 406 2796 ματαιοπονῶμεν,
434 2761 500 2797 φέρε
523 2762 574 2796 τῆς
592 2763 698 2798 ρήσεως
716 2762 818 2797 ταύτης
834 2763 883 2799 τὴν
908 2762 955 2789 δύ-

167 2811 250 2839 ναμιν
271 2802 349 2839 [579]
378 2803 445 2838 ύμῖν
467 2802 680 2837 ἀναπτύξωμεν.
710 2803 742 2830 Τί
769 2801 815 2829 οὖν
843 2812 927 2839 φησιν
946 2804 961 2831 ό

168 2848 290 2882 11αῦλος;
304 2849 417 2884 Πρῶτον
427 2848 455 2876 δέ
465 2850 624 2885 ἀναμνῆσαι
637 2849 769 2885 βούλομαι
779 2850 843 2881 τοὺς
855 2859 961 2886 μεμνη-

171 2897 268 2931 μένους
288 2896 361 2931 ὐμᾶς
380 2896 499 2932 ρήσεως,
519 2896 552 2932 ἢν
566 2895 637 2924 κατὰ
650 2895 698 2932 τὴν
715 2896 835 2931 ἑσπέραν
852 2895 961 2931 ἐκείνην

1004 937 1029 963 οε
1049 937 1294 972 μυσταγωγοῦντες
1312 936 1384 972 ὑμᾶς
1404 936 1494 971 λέγειν
1509 936 1660 968 κελεύουσι,
1675 934 1722 962 καὶ
1734 934 1796 961 τότε

1004 978 1060 1013 ἐρῶ
1079 978 1127 1005 καὶ
1146 978 1176 1004 τδ
1196 978 1244 1005 τοῦ
1266 978 1390 1004 Παύλου·
1409 977 1481 1004 οὕτω
1502 979 1556 1013 γὰρ
1573 978 1637 1013 ὑμῖν
1653 975 1796 1004 καὶτοῦτο

1005 1020 1082 1046 ἐσται
1097 1019 1274 1055 σαφέστερον.
1298 1019 1375 1046 Μετὰ
1399 1019 1454 1054 γὰρ
1477 1019 1511 1045 τὰ
1525 1019 1591 1046 ἄλλα
1608 1020 1697 1046 πάντα
1715 1017 1794 1044 τοῦτο

1005 1061 1199 1097 προστίθεμεν,
1221 1062 1236 1088 ὃ
1251 1061 1299 1088 νῦν
1322 1062 1336 1088 ό
1361 1060 1467 1092 Παῦλος
1489 1061 1574 1095 λέγει.
1592 1061 1647 1087 Καὶ
1665 1059 1797 1094 βούλομαι

1007 1104 1057 1140 μὲν
1070 1103 1164 1138 σαφῶς
1178 1104 1243 1131 αὐτὸ
1259 1105 1357 1136 εἰπεῖν,
1371 1104 1402 1130 οὺ
1416 1103 1508 1138 τολμῶ
1520 1103 1548 1129 δέ
1559 1102 1604 1130 διὰ
1617 1103 1679 1133 τοὺς
1706 1100 1796 1135 ἀμυή-

1005 1153 1068 1176 τους
1078 1153 1085 1160 ·
1101 1142 1173 1173 οῦτοι
1185 1145 1240 1180 γὰρ
1252 1145 1459 1180 δυσκολωτέραν
1480 1145 1546 1180 ἡμῖν
1562 1143 1668 1171 ποιοῦσι
1687 1142 1737 1177 τῆν
1751 1142 1794 1174 ἐξ-

1006 1187 1118 1222 ήγησιν,
1132 1187 1334 1221 ἀναγκάζοντες
1349 1187 1365 1222 ἢ
1380 1187 1418 1223 μὴ
1430 1186 1520 1220 λέγειν
1535 1186 1640 1220 σαφῶς,
1653 1184 1670 1220 ἢ
1688 1185 1728 1214 εἰς
1747 1183 1796 1210 αὐ-

1005 1228 1070 1260 τοὺς
1083 1228 1211 1263 ἐκφέρειν
1222 1228 1257 1255 τὰ
1266 1228 1421 1264 ἀπόρρητα.
1438 1227 1511 1263 Πλὴν
1525 1227 1581 1254 ἀλλ’
1598 1227 1635 1257 ὡς
1648 1226 1681 1252 ἂν
1691 1223 1748 1256 οἷός
1765 1232 1800 1251 τεε
1841 1259 1843 1262 ⁴

1006 1266 1040 1301 ὦ,
1054 1269 1294 1305 συνεσκιασμένως
1310 1269 1377 1305 ἐρῶ.
1400 1268 1478 1296 Μετὰ
1496 1269 1548 1304 γὰρ
1560 1269 1610 1303 τὴν
1625 1266 1802 1301 ἀπαγγελίαν

1006 1310 1061 1338 τῶν
1078 1310 1218 1346 μυστικῶν
1240 1311 1376 1346 ῥημάτων
1398 1310 1510 1337 ἐκείνων
1530 1310 1578 1337 καὶ
1597 1308 1731 1344 φοὸερῶν,
1749 1308 1799 1334 καὶ

1007 1353 1070 1385 τοὺς
1085 1354 1217 1388 φρικτοὺς
1230 1354 1346 1385 κανόνας
1360 1353 1415 1380 τῶν
1430 1354 1462 1379 ἐκ
1477 1353 1524 1379 τοῦ
1536 1351 1651 1387 οὐρανοῦ
1664 1358 1795 1384 κατενεχ-

1008 1395 1108 1421 θέντων
1126 1394 1278 1430 δογμάτων,
1300 1395 1348 1422 καὶ
1366 1395 1447 1421 τοῦτο
1467 1394 1535 1429 πρὸς
1549 1393 1587 1429 τῷ
1600 1393 1672 1420 τέλει
1684 1391 1801 1427 προστίι

1008 1436 1100 1471 θεμεν,
1118 1436 1181 1463 ὅταν
1196 1436 1337 1471 μέλλωμεν
1352 1436 1506 1471 βαπτίζειν,
1519 1435 1675 1465 κελεύοντες
1692 1434 1794 1467 λέγειν,

1007 1478 1049 1504 ὃτι
1062 1477 1187 1504 Πιστεύω
1202 1478 1242 1508 εἰς
1255 1477 1359 1513 νεκρῶν
1372 1477 1531 1508 ἀνάστασιν,
1544 1477 1591 1503 καὶ
1603 1476 1650 1502 ἐπὶ
1659 1477 1692 1510 τῇ
1706 1475 1797 1500 πίστει

1008 1519 1094 1555 ταύτῃ
1111 1519 1308 1554 βαπτιζόμεθα.
1324 1519 1401 1545 Μετὰ
1421 1519 1474 1554 γὰρ
1488 1519 1518 1544 τὸ
1537 1518 1702 1553 ὁμολογῆσαι
1717 1516 1797 1542 τοῦτο

1011 1562 1081 1597 μετά
1096 1561 1151 1588 τῶν
1164 1561 1262 1593 ἄλλων,
1279 1561 1339 1587 τότε
1357 1561 1508 1596 καθιέμεθα
1519 1561 1558 1592 εἰς
1571 1560 1620 1595 τὴν
1638 1559 1728 1594 πηγὴν
1742 1558 1797 1585 τῶν

1010 1603 1090 1638 ιερῶν
1103 1603 1230 1638 ναμάτων
1245 1602 1367 1629 ἐκείνων.
1385 1602 1470 1629 Τοῦτο
1480 1602 1570 1629 τοίνυν
1580 1601 1796 1636 ἀναμιμνήσκων

1007 1645 1022 1670 6
1038 1643 1145 1675 Παῦλος
1166 1644 1276 1678 ἔλεγεν·
1296 1644 1330 1670 El
1344 1642 1387 1678 μὴ
1401 1644 1488 1670 ἐστιν
1501 1642 1677 1674 ἀνάστασις.
1696 1642 1725 1668 τί
1745 1641 1796 1667 καὶ

1005 1685 1134 1720 ,βαπτίζῃ
1150 1685 1224 1720 ὑπὲρ
1234 1684 1294 1712 τῶν
1302 1685 1416 1718 νεκρῶν
1422 1693 1432 1717 ;
1440 1685 1574 1716 τουτέστι,
1586 1684 1640 1710 τῶν
1650 1684 1794 1718 σωμάτων.

1008 1727 1064 1754 Καὶ
1086 1727 1141 1762 γὰρ
1162 1727 1208 1753 ἐπὶ
1226 1726 1314 1762 τούτῳ
1341 1726 1470 1762 βαπτίζῃ,
1487 1725 1535 1753 τοῦ
1556 1724 1653 1762 νεκροῦ
1671 1724 1797 1760 σώματος

1008 1768 1157 1795 ἀνάστασιν
1177 1767 1322 1799 πιστεύων,
1344 1768 1385 1794 ὅτι
1407 1768 1499 1794 οὐκέτι
1525 1768 1599 1803 μένει
1619 1766 1725 1801 νεκρόν.
1741 1765 1799 1792 Καὶ

1009 1810 1041 1836 σὺ
1060 1810 1109 1844 μὲν
1129 1809 1173 1835 διὰ
1186 1808 1240 1836 τῶν
1258 1809 1389 1844 ῥημάτων
1401 1808 1490 1843 λέγεις
1511 1808 1616 1842 νεκρῶν
1629 1808 1794 1834 ἀνάστασινι·

1008 1851 1023 1876 6
1036 1851 1065 1878 δὲ
1080 1851 1181 1886 ἱερεὺς,
1196 1850 1291 1886 ὥσπερ
1307 1851 1336 1877 ἐν
1353 1851 1438 1877 εἰκόνι
1454 1851 1518 1882 τινὶ,
1539 1851 1612 1885 ἅπερ
1632 1849 1798 1879 ἐπίστευσας

1008 1892 1056 1918 καὶ
1076 1891 1120 1919 διὰ
1133 1891 1188 1918 τῶν
1205 1892 1335 1927 ῥημάτων
1348 1891 1537 1926 ὡμολόγησας,
1549 1889 1669 1918 δείκνυσί
1692 1898 1733 1916 σοι
1747 1889 1797 1916 καὶ

1008 1933 1052 1960 διὰ
1070 1933 1125 1960 τῶν
1147 1933 1317 1968 πραγμάτων
1337 1932 1437 1960 αὐτῶν.
1464 1933 1548 1959 Ὅταν
1570 1931 1655 1969 χωρὶς
1681 1929 1796 1965 σημείου

1009 1974 1149 2010 πιστεύῃς,
1164 1974 1224 2001 τότε
1244 1983 1284 2001 σοι
1299 1974 1347 2001 καὶ
1360 1974 1391 2000 τὸ
1413 1975 1526 2010 σημεῖον
1540 1973 1666 2009 παρέχει·
1685 1973 1748 1999 ὅταν
1762 1971 1796 1997 τὰ

1009 2016 1109 2044 σαυτοῦ
1134 2017 1262 2052 ποιήσῃς,
1283 2016 1344 2043 τότε
1371 2016 1418 2043 καὶ¹
1443 2017 1457 2042 ό
1473 2015 1539 2047 Θεός
1567 2024 1596 2042 σε
1616 2014 1794 2050 πληροφορεῖ.

1008 2057 1071 2090 Πῶς
1084 2058 1131 2084 καὶ
1143 2058 1197 2085 τίνι
1213 2058 1322 2093 τρόπῳ;
1335 2056 1383 2084 Διά
1395 2056 1442 2084 τοῦ
1459 2057 1563 2089 ὓδατος.
1579 2057 1616 2083 T6
1629 2056 1683 2092 γὰρ
1698 2054 1795 2090 βαπτί-

1008 2099 1103 2132 ζεσθαι
1125 2100 1173 2127 καὶ
1200 2099 1394 2131 καταδύεσθαι,
1420 2096 1480 2125 εἶτα
1510 2097 1661 2128 ἀνανεύειν,
1685 2097 1735 2131 τῆς
1755 2097 1795 2128 είς

1008 2140 1072 2176 ᾆδου
1094 2139 1273 2172 καταῦάσεώς
1301 2141 1359 2166 ἐστι
1385 2139 1519 2175 σύμϐολον
1546 2139 1592 2166 καὶ
1618 2139 1668 2173 τῆς
1691 2137 1796 2164 ἐκεῖθεν

1008 2181 1114 2209 ἀνόδου.
1138 2181 1184 2208 Διδ
1205 2182 1253 2208 καὶ
1266 2181 1351 2216 τάφον
1365 2181 1395 2208 τὺ
1413 2181 1554 2216 βάπτισμα
1567 2181 1581 2206 6
1599 2179 1703 2211 Παῦλος
1720 2179 1797 2206 καλεῖ

1006 2224 1105 2259 λέγων·
1127 2224 1342 2259 Συνετάςρημεν
1362 2223 1418 2252 οὖν
1441 2224 1522 2257 αὐτῷ
1540 2224 1589 2251 διὰ
1610 2223 1662 2250 τοῦ
1684 2223 1796 2256 βαπτί-

1007 2273 1121 2300 σματος
1140 2267 1183 2299 είς
1197 2265 1251 2293 τὸν
1268 2266 1406 2293 θάνατον.
1428 2266 1494 2293 Ἀπὸ
1507 2265 1603 2292 τούτου
1619 2265 1665 2292 καὶ
1685 2265 1715 2291 τὺ
1731 2264 1796 2300 μέλ-

1008 2306 1053 2334 λον
1074 2307 1230 2339 ἀξιόπιστον
1252 2309 1334 2340 ποιεῖ,
1356 2307 1410 2334 τῶν
1433 2308 1567 2343 σωμάτων
1583 2307 1655 2341 λέγω
1669 2306 1718 2341 τὴν
1729 2306 1796 2332 ἀνάο

1009 2357 1112 2375 στασιν.
1138 2348 1191 2376 Τοῦ
1211 2348 1264 2385 γὰρ
1282 2349 1361 2384 σῶμα
1377 2349 1527 2384 ἀναστῆσαι
1551 2348 1640 2383 πολλῷ
1658 2348 1748 2384 μεῖξον
1766 2348 1797 2374 τὸ

1008 2391 1195 2427 ἁμαρτήματα
1209 2391 1350 2425 ἀφανίσαι.
1366 2392 1421 2418 Καὶ
1432 2390 1511 2418 τοῦτο
1520 2391 1534 2417 6
1546 2390 1663 2426 Χριστὸς
1676 2390 1797 2424 ἀποφαι-

1005 2433 1127 2468 νόμενος,
1140 2433 1232 2467 ἔλεγεν
1240 2441 1247 2448 ·
1268 2433 1298 2460 Τί
1311 2433 1366 2468 γάρ
1376 2433 1461 2460 ἐστιν
1473 2432 1678 2466 εὐκοπώτερον
1689 2431 1799 2463 sm»,

1011 2476 1168 2511 Ἀφέωνταί
1188 2484 1238 2504 σοι
1261 2478 1291 2504 αἱ
1315 2477 1464 2511 ἁμαρτίαι,
1477 2476 1496 2510 ἢ
1514 2475 1620 2508 ειπεῖν,
1636 2472 1726 2509 Ἀρον
1743 2474 1797 2501 τὸν

1004 2519 1170 2553 κράϐϐατόν
1194 2527 1263 2552 σου,
1287 2519 1337 2546 καί
1357 2518 1528 2553 περιπάτει;
1556 2518 1593 2544 T6
1625 2517 1675 2552 μὲν
1699 2516 1796 2546 δυσκο-

1003 2559 1122 2596 λώτερον
1147 2561 1246 2592 ἐκεῖνο,
1277 2559 1376 2595 φησιν·
1405 2559 1499 2594 ἐπειδὴ
1525 2559 1554 2586 δὲ
1582 2559 1722 2586 ἀπιστεῖτε
1747 2557 1795 2584 ἂτε

1008 2601 1097 2636 ἀδήλῳ
1107 2601 1174 2632 Evn.
1188 2601 1237 2628 καὶ
1253 2601 1283 2628 τὸ
1294 2601 1477 2636 εὐκολώτερον
1493 2600 1554 2628 ἀντὶ
1567 2600 1696 2627 δυσκόλου
1711 2599 1796 2625 ποιεῖ-

1009 2642 1056 2669 σθε
1077 2643 1127 2676 τῆς
1147 2643 1216 2678 ἐμῆς
1229 2642 1370 2677 δυνάμεως
1391 2642 1538 2675 ἀπόδειξιν,
1557 2642 1617 2668 οὐδὲ
1633 2641 1712 2668 τοῦτο
1726 2648 1796 2674 παρ-

1007 2684 1156 2718 αιτήσομαι
1193 2686 1345 2719 παρασχεῖν
1371 2684 1435 2719 ὑμῖν
1448 2684 1478 2710 τὸ
1494 2684 1603 2719 δεῖγμα.
1622 2683 1690 2710 Τότε
1713 2681 1795 2716 ,λέγει

1007 2724 1047 2757 τῷ
1058 2725 1262 2759 παραλυτικῷ·
1284 2725 1432 2760 Ἐγερθεὶς
1445 2722 1519 2760 ἄρον
1534 2725 1596 2759 τὴν-τ
1602 2725 1710 2757 κλίνην
1723 2731 1793 2752 σου.

1005 2766 1055 2793 καὶ
1069 2766 1164 2800 ὕπατε
1181 2767 1224 2800 είς
1237 2767 1291 2794 τὸν
1301 2765 1385 2794 οἶκόν
1394 2775 1462 2794 σου.

1045 2807 1078 2842 β’.
1092 2808 1146 2834 Καὶ
1162 2807 1220 2840 πῶς
1236 2808 1316 2835 τοῦτο
1329 2808 1467 2842 δύσκολον,
1478 2807 1570 2842 φησὶν,
1581 2807 1646 2834 ὅταν
1657 2804 1702 2832 καὶ
1716 2806 1792 2841 βασι-

1009 2849 1084 2876 λεῦσι
1098 2850 1145 2876 καὶ
1164 2850 1277 2886 ἄρχουσι
1297 2849 1410 2877 δυνατὸν
1424 2847 1460 2885 ﬁ;
1479 2849 1527 2875 καὶ
1548 2848 1602 2882 γὰρ
1618 2847 1728 2883 μοιχοὺς
1745 2846 1792 2872 καὶ

1010 2891 1187 2926 ἀνδροφόνους
1214 2892 1327 2927 ἀφιᾶσιν
1353 2891 1463 2918 ἐκεῖνοι.
1495 2888 1624 2922 Παίζεις,
1652 2888 1789 2923 ἄνθρωπε,
