2021 3117
229 187 282 216 549

226 245 316 273 ταῦτα
331 245 428 280 λέγων’
442 246 630 282 ἁμαρτήματα
654 247 704 282 μὲν
728 247 784 282 7&9
808 246 916 281 ἀφεῖναι
942 246 1015 281 μόνῳ

226 292 286 328 Θεῷ
308 293 419 319 δυνατὸν
433 301 439 307 ·
456 293 586 327 ἄρχοντες
606 292 635 321 δὲ
656 293 705 319 καὶ
723 293 856 328 βασιλεῖς,
878 293 932 320 κάν
956 301 1017 328 μοι·

225 339 302 372 χοῦς,
315 337 367 364 κᾶν
382 337 561 373 ἀνδροφόνους
572 338 674 373 ἀφῶσι,
686 339 737 374 τῆς
750 339 800 374 μὲν
815 339 951 370 κολάσεως
967 339 1017 373 τῆς

226 382 370 417 παρούσης
380 382 722 420 ἀπαλλάττουσι,[580]τὴν
735 384 763 412 δὲ
775 385 914 420 ἁμαρτίαν
927 384 1017 412 αὐτῶν

227 429 278 455 οὐκ
284 428 489 463 ἐκκαθαίρουσι·
499 429 550 456 κᾶν
558 431 598 462 εἰς
605 431 692 466 ἀρχάς
699 431 823 466 ἀγάγωσι
831 432 894 463 τοὺς
902 431 1017 466 ἀφεθέν-

225 482 287 505 τας,
301 475 354 501 κᾶν
369 474 455 510 αὐτὴν
473 475 641 511 περιδάλωσι
655 477 705 512 τὴν
727 477 885 513 ἁλουργίδα,
912 477 965 505 κᾶν
985 477 1018 504 τὸ

225 519 345 554 διάδημα
369 520 513 554 ἐπιθῶσιν,
528 521 598 549 ἀλλὰ
613 522 741 557 βασιλέας
767 523 816 558 μὲν
837 523 969 558 ἐποίησαν
984 523 1019 549 ἂν

226 563 309 596 οὕτω,
326 565 376 600 τῆς
390 564 419 591 δὲ
440 566 581 601 ἁμαρτίας
602 568 653 594 οὐκ
675 568 709 596 ἂν
734 568 936 604 ἠλευθέρωσαν
951 567 1018 600 Θεὸς

226 609 281 645 γὰρ
297 610 377 645 μόνος
392 611 474 637 τοῦτο
489 613 572 639 ποιεῖ.
588 613 621 640 ‘0
634 613 666 648 δὴ
682 614 730 640 καὶ
748 615 779 640 ὲν
795 613 835 648 τῷ
849 613 954 648 λουτρῷ
967 613 1018 648 τῆς

227 656 440 690 παλιγγενεσίας
465 658 624 693 ἐργάζεται·
648 660 735 694 αὐτῆς
757 661 813 695 γὰρ
835 660 951 687 ἀπτεται
966 660 1018 694 τῆς

226 701 315 737 ψυχῆς
340 703 356 738 ή
384 703 475 738 χάρις,
502 705 630 731 κάκεῖθεν
656 705 806 741 πρόρριζον
835 706 944 741 ἀνασπᾷ
967 706 1018 740 τὴν

228 747 376 783 ἁμαρτίαν.
394 750 444 775 Διέι
459 749 491 785 δὴ
507 750 586 776 τοῦτο
600 750 646 776 τοῦ
667 750 717 785 μὲν
732 751 785 777 ὑπὸ
816 751 949 786 βασιλέως
965 753 1020 784 ἀφ-

228 793 335 825 εθέντος
347 794 477 829 ρυπῶσαν
489 795 537 830 τὴν
548 795 639 831 ψυχὴν
663 796 738 822 ἔστιν
764 796 837 830 ἰδεῖν,
861 797 911 832 τὴν
922 797 949 823 δὲ
969 796 1018 823 τοῦ

230 837 424 873 βαπτισθέντος
441 840 545 873 οὐκέτι,
560 841 617 867 ἀλλ’
631 841 722 868 αὐτῶν
739 841 794 868 τῶν
807 842 928 877 ἡλιακῶν
943 841 1020 868 ἀκτί-

229 891 283 909 νων
296 883 503 920 καθαρωτέραν,
521 886 569 911 καὶ
584 886 628 912 οἶα
644 886 673 918 ἐξ
692 887 780 921 ἀρχῆς
795 887 957 921 γεννηθεῖσα
971 884 1017 921 ἦν,

231 929 333 965 μᾶλλον
342 930 370 956 δὲ
383 931 430 957 καὶ
441 931 548 965 ἐκείνης
561 932 666 967 ἀμείνω
677 932 780 968 πολλῷ·
797 933 954 967 Πνεύματος
965 932 1020 968 7&9

228 975 363 1003 ἀπολαύει
375 976 423 1003 τοῦ
442 976 611 1012 πανταχόθεν
627 977 712 1013 αὐτὴν
727 977 877 1013 πυροῦντος
901 978 949 1005 καὶ
970 978 1020 1013 τὴν

228 1022 385 1057 ἁγιωσύνην
419 1023 613 1055 ἐπιτείνοντος.
646 1024 701 1051 Καὶ
732 1024 826 1059 ὥσπερ
860 1024 970 1060 σίδηρον
1002 1024 1019 1060 ἢ

229 1067 330 1103 χρυσὸν
353 1068 547 1103 ἀναχωνεύων,
575 1069 695 1105 καθαρὸν
720 1070 768 1096 καὶ
794 1070 889 1097 καινὸν
915 1071 1020 1098 ἀνωθεν

229 1115 326 1145 ποιεῖς’
341 1113 414 1141 οὕτω
430 1114 462 1150 δὴ
478 1115 525 1141 καὶ
543 1115 574 1141 τὸ
592 1116 705 1152 Πνεῦμα
725 1117 756 1143 τὺ
778 1117 856 1151 ἀγιον
882 1116 976 1152 ὥσπερ
991 1117 1020 1143 ἐν

229 1160 407 1195 χωνευτηρίῳ
425 1160 464 1195 τῷ
487 1160 657 1197 βαπτίσματι
671 1162 844 1197 ἀναχωνεῦον
858 1163 956 1197 αὐτὴν,
973 1163 1021 1189 καὶ

229 1206 356 1233 δαπανῶν
370 1206 404 1233 τὰ
419 1207 622 1242 ἁμαρτήματα,
641 1208 754 1243 χρυσίου
779 1208 879 1239 παντὸς
896 1209 1019 1244 καθαροῦ

229 1250 424 1286 καθαρώτερον
442 1251 617 1278 ἀποστίλϐειν
645 1253 864 1288 παρασκευάζει.
889 1253 946 1280 Καὶ
969 1253 1021 1289 τὴν

229 1296 285 1323 τῶν
301 1296 438 1331 σωμάτων
459 1295 490 1322 δὲ
515 1297 666 1324 ἀνάστασιν
689 1297 847 1330 ἀξιόπιστον
871 1298 1021 1325 κάντεῦθεν

230 1348 271 1368 σοι
288 1341 517 1368 πάλινδείκνυσιν
531 1341 626 1370 οὖσαν.
647 1343 757 1379 Ἐπειδὴ
780 1344 835 1380 γὰρ
857 1344 874 1379 ἡ
898 1344 1021 1379 ἀμαρτία

228 1387 276 1413 τὸν
292 1386 408 1414 θάνατον
419 1388 562 1423 εἰσήγαγε,
575 1389 627 1423 τῆς
640 1389 719 1424 ῥίζης
738 1389 927 1425 ξηρανθείσης,
943 1389 1021 1416 οῦδὲν

228 1431 269 1458 δεῖ
293 1431 388 1458 λοιπὸν
414 1433 598 1468 ἀμφιδάλλειν
615 1434 686 1468 ὑπὲρ
709 1434 758 1469 τῆς
778 1433 826 1461 τοῦ
841 1434 950 1470 καρποῦ
968 1435 1022 1461 ἀπ-

229 1477 338 1509 ωλείας.
351 1477 400 1504 Διά
415 1478 494 1505 τοῦτο
509 1479 643 1515 πρότερον
658 1479 744 1506 εἰπὼν
756 1480 900 1516 ἁμαρτιῶν
913 1480 1020 1514 ἀψεσιν,

229 1524 291 1550 τότε
306 1524 448 1559 ὁμολογεῖς
463 1525 514 1551 καὶ
522 1524 629 1561 νεκρῶν
644 1526 803 1559 ἀνάστασιν,
819 1526 947 1553 ἐντεῦθεν
971 1526 1020 1552 καὶ

230 1570 270 1601 τίς
287 1570 375 1596 ἐκεῖνο
388 1571 652 1605 χειραγωγούμενος.
677 1568 744 1597 Εἶτα
758 1571 851 1606 ἐπειδὴ
872 1571 922 1598 οὐκ
942 1571 1023 1607 ἀρκεῖ

229 1612 262 1641 τὸ
275 1613 361 1648 ὄνομα
376 1614 426 1648 τῆς
442 1614 617 1646 ἀναστάσεως
630 1615 717 1647 δεῖξαι
732 1615 764 1642 τὸ
776 1616 830 1642 πᾶν
850 1616 954 1650 (πολλοὶ
967 1616 1022 1651 γὰρ

232 1660 398 1691 ἀναστάντες
412 1660 493 1686 πάλιν
515 1660 649 1695 ἀπῆλθον,
664 1661 702 1692 ὡς
717 1662 742 1688 οἱ
755 1662 785 1688 ἐν
800 1663 832 1697 τῇ
849 1662 968 1698 Παλαιᾷ,
984 1662 1023 1694 ὡς

230 1703 370 1740 Λάζαρος,
381 1704 418 1737 ὡς
435 1705 461 1731 οὶ
480 1706 509 1731 ὲν
523 1705 562 1740 τῷ
576 1705 664 1741 καιρῷ
683 1705 730 1732 τοῦ
753 1707 901 1742 σταυροῦ),
915 1707 1022 1734 κελεύει

232 1749 336 1785 λέγειν,
353 1751 409 1777 Καὶ
424 1751 464 1782 εις
479 1750 552 1786 ζωὴν
569 1750 688 1783 αἰώνιον,
714 1751 758 1778 ἴνα
783 1754 883 1788 μηκέτι
906 1753 1023 1780 θάνατον

232 1797 394 1832 ὑποπτεύσῃ
406 1805 449 1828 τις
464 1797 534 1831 μετά
547 1797 598 1832 τὴν
614 1797 765 1823 ἀνάστασιν
779 1797 900 1832 ἐκείνην.
913 1798 1024 1825 Τούτων

232 1843 324 1870 τοίνυν
340 1842 396 1869 τῶν
408 1841 539 1877 ῥημάτων
555 1842 771 1877 ἀναμιμνήσκων
788 1842 802 1868 ό
820 1842 926 1874 Παῦλός
945 1851 1021 1878 φησι·

235 1889 269 1916 Τί
279 1889 464 1921 ποιήσουσιν
473 1889 500 1914 οι
512 1887 723 1922 βαπτιζόμενοι
737 1887 814 1922 ὑπὲρ
823 1888 882 1914 τῶν
893 1888 1024 1922 νεκρῶν;

233 1935 266 1961 Εί
280 1934 335 1969 γὰρ
350 1933 387 1969 μὴ
404 1933 477 1960 ἔστιν
491 1933 650 1964 ἀνάστασις,
668 1933 744 1968 φησὶ,
763 1934 850 1969 σκηνὴ
865 1933 900 1960 τὰ
912 1935 1024 1969 ῥήματα

233 1980 331 2007 ταῦτα·
345 1981 370 2006 εί
387 1979 425 2014 μὴ
440 1979 514 2006 ἔστιν
527 1978 687 2011 ἀνάστασις,
703 1978 763 2010 πῶς
779 1980 880 2012 αὐτοὺς
894 1980 1025 2015 πείθομεν

235 2026 384 2057 πιστεύειν,
418 2025 491 2061 ἀττερ
523 2025 556 2052 οὐ
589 2025 734 2060 διδόαμεν;
762 2025 857 2060 ὥσπερ
882 2026 915 2052 ἂν
935 2026 1026 2057 εἴτις

235 2071 355 2098 κελεέων
371 2071 562 2106 γραμματεῖον
577 2070 706 2097 ἐκθέσθαι
722 2071 762 2097 ὅτι
776 2070 807 2097 τὸ
822 2071 869 2098 καὶ
885 2071 916 2098 τὸ
933 2071 1024 2104 ἔλαϐε,

237 2116 339 2151 μηκέτι
351 2116 406 2151 δῴη
422 2116 457 2142 τὰ
468 2115 654 2151 ἐγγραφέντα,
672 2114 733 2142 εἶτα
751 2116 821 2150 μετά
839 2116 889 2150 τὴν
905 2117 1027 2152 ὑπογρα-

236 2163 290 2199 φὴν
306 2163 435 2198 ἀπαιτοίη
462 2163 496 2189 τὰ
521 2162 748 2198 ἐγγεγραμμένα.
775 2162 807 2189 Τί
834 2163 888 2198 γὰρ
917 2164 1027 2198 ποιήσει

236 2209 330 2236 λοιπὸν
344 2209 359 2235 ὀ
375 2209 547 2243 ὑπογράψας,
561 2208 712 2235 ὑπεύθυνον
728 2209 778 2243 μέν
791 2208 887 2234 ἑαυτὸν
899 2209 1025 2244 ποιήσας,

236 2256 268 2282 οὐ
285 2254 375 2281 λαϐὼν
391 2255 419 2281 δὲ
430 2255 502 2290 ἀπερ
517 2254 694 2290 ὡμολόγησεν
704 2255 860 2288 είληφέναι;
874 2255 896 2281 Τ
898 2254 960 2281 οῦτο
972 2254 1028 2289 γὰρ

236 2300 284 2327 καὶ
300 2300 416 2327 ἐνταῦθα
430 2299 504 2334 λέγει
518 2300 583 2335 περὶ
595 2299 649 2326 τῶν
664 2299 885 2335 βαπτιζομένων.
900 2299 933 2325 Τί
950 2301 1028 2335 ποιή-

238 2354 330 2372 σουσιν
355 2346 380 2372 οἱ
405 2345 611 2381 βαπτιζόμενοι,
635 2347 729 2382 φησὶν,
754 2345 962 2381 ὑπογράψαντες
978 2346 1027 2381 μὲν

237 2391 384 2418 ἀνάστασιν
413 2391 548 2426 σωμάτων
575 2391 691 2427 νεκρῶν,
719 2392 750 2418 οὐ
776 2391 962 2427 λαμϐάνοντες
987 2391 1025 2423 δὲ,

238 2436 296 2463 ἀλλ’
309 2435 500 2472 ἀπατώμενοι;
515 2437 542 2463 τί
557 2437 586 2463 δὲ
601 2437 669 2469 ὅλως
682 2438 728 2464 καὶ
742 2438 792 2473 τῆς
804 2437 950 2472 ὁμολογίας
964 2437 1028 2464 ταύ-

237 2490 287 2517 της
303 2482 366 2514 ἑδει,
380 2483 404 2509 εἰ
414 2483 444 2509 τὸ
456 2483 536 2518 ἔργον
550 2483 588 2519 μὴ
602 2484 708 2517 sinam;
724 2484 755 2511 Tt
765 2484 814 2510 καὶ
826 2484 913 2518 ἡμεῖς
925 2484 1026 2510 κινδυ-

239 2528 366 2562 νεύομεν
383 2527 485 2555 πᾶσαν
501 2528 598 2562 ὣραν;
616 2529 685 2557 Καθ’
701 2530 816 2564 ἡμέραν
830 2530 1026 2564 ἀποθνήσκω,

240 2574 278 2608 νὴ
308 2573 365 2607 τὴν
383 2573 530 2609 ὑμετέραν
546 2576 707 2610 καύχησιν,
725 2575 766 2609 ἣν
780 2576 840 2610 ἔχω
861 2576 896 2602 ἐν
912 2576 1029 2610 Χριστῷ

245 2619 360 2654 Ἰησοῦ.
378 2620 450 2655 Ὅρα
464 2620 544 2647 πάλιν
563 2621 643 2648 πόθεν
666 2622 801 2656 ἐπιχειρεῖ
822 2622 1027 2649 κατασκευάσαι

240 2665 271 2692 τὸ
285 2665 383 2701 δόγμα,
406 2666 460 2693 ἀπὸ
481 2667 529 2701 τῆς
542 2667 648 2698 οἰκείας
661 2667 763 2701 ψήφου,
780 2666 882 2700 μᾶλλον
896 2667 924 2692 δὲ
936 2667 965 2693 οὐ
980 2668 1029 2702 τῆς

241 2711 325 2738 αὐτοῦ
343 2712 433 2746 μόνον,
457 2711 525 2738 ἀλλὰ
549 2712 659 2746 καὶτῆς
680 2712 733 2738 τῶν
746 2711 848 2738 λοιπῶν
861 2713 1029 2740 ἀποστόλων.

242 2759 280 2785 Ού
298 2758 394 2794 μικρὸν
408 2759 436 2785 δὲ
451 2759 499 2785 καὶ
514 2757 592 2785 τοῦτο
607 2759 638 2785 τὸ
648 2758 710 2789 τοὺς
721 2758 898 2790 διδασκάλους
909 2759 1030 2793 εἰσάγειν

245 2804 348 2839 σφόδρα
364 2803 670 2840 πεπληροφορημένους,
695 2804 742 2830 καί⁸
767 2804 847 2831 τοῦτο
872 2804 1030 2836 δεικνύντας

243 2849 274 2874 ού
290 2849 335 2875 διὰ
351 2848 437 2883 λόγων
454 2850 544 2884 μόνον,
561 2849 630 2876 ἀλλά
645 2849 692 2876 καὶ
710 2849 744 2876 δι’
761 2850 851 2876 αὐτῶν
878 2851 931 2877 τῶν
960 2859 1031 2885 πρα-

244 2894 366 2927 γμάτων.
377 2895 425 2921 Ᾱιᾶι
437 2895 470 2931 δὴ
480 2895 558 2922 τοῦτο
575 2896 605 2922 οὐ
622 2895 695 2930 λέγει
711 2895 813 2931 ἁπλῶς,
829 2896 869 2922 ὅτι
880 2896 935 2923 Καὶ
950 2897 1030 2932 ἡμεῖς

594 188 624 216 S.
643 187 786 216 JOANNIS
805 185 1053 216 CHRYSOSTOMl
1074 186 1235 216 ARCIIIEP.
1255 187 1536 218 CONSTANTINOP.

1801 188 1853 216 350

1068 247 1250 282 πεπείσμεθα·
1265 248 1325 275 οὐδὲ
1356 249 1430 284 [581]
1457 249 1512 284 γὰρ
1543 248 1624 283 ἤρκει
1652 247 1732 275 τοῦτο
1762 248 1854 274 πεῖσαι

1069 291 1159 327 μόνον·
1172 293 1240 320 ἀλλὰ
1253 294 1302 320 καὶ
1313 294 1363 329 τὴν
1377 293 1423 320 διά
1444 293 1498 320 τῶν
1526 293 1696 329 πραγμάτων
1720 293 1856 325 ἀπόδειξιν

1067 339 1228 374 παρέχεται*
1241 339 1279 371 ὡς
1291 339 1325 366 ἂν
1340 340 1365 366 εί
1380 339 1593 374 ἐλεγε,Ῥήμασι
1608 339 1696 366 ταῦτα
1711 339 1854 374 ὁμολογεῖν

1067 385 1143 411 οὐδὲν
1159 385 1224 416 τσως
1236 385 1300 420 ὑμῖν
1315 386 1389 412 δοκεῖ
1403 385 1558 421 θαυμαστὸν
1573 383 1653 412 εῖναι-
1668 386 1692 412 εί
1704 384 1732 412 δέ
1747 386 1796 411 καὶ
1806 385 1856 420 τὴν

1067 430 1122 458 ἀπὸ
1137 430 1192 457 τῶν
1205 430 1295 466 ἔργων
1308 431 1373 467 ὑμῖν
1390 432 1580 468 παράσχοιμεν
1604 431 1706 466 φωνὴν,
1733 431 1760 457 τί
1787 430 1856 466 πρὸς

1067 476 1146 502 τοῦτο
1158 476 1249 511 ἔχοιτε
1270 477 1425 510 ἀντειπεῖν;
1449 477 1596 504 Ἀκούσατε
1611 478 1712 508 τοίνυν,
1729 477 1788 508 πῶς
1806 477 1855 503 καὶ

1068 521 1111 548 διὰ
1122 521 1176 548 τῶν
1187 521 1320 548 κινδύνων
1343 522 1430 549 ταῦτα.
1451 522 1512 549 καθ’
1536 523 1654 557 ἑκάστην
1667 521 1856 557 ὁμολογοῦμεν

1067 567 1117 602 τὴν
1130 567 1248 602 ἡμέραν.
1265 567 1322 594 Καὶ
1334 568 1385 594 οὐκ
1399 565 1577 602 εἷπεν,”Εγὼ,
1595 567 1664 600 ἀλλ’,
1679 566 1786 602 Ἡμεῖς,
1803 574 1857 592 πα-

1069 613 1250 648 ραλαμὸάνων
1275 613 1380 645 πάντας
1409 613 1477 649 ὁμοῦ
1508 614 1571 645 τοὺς
1602 612 1779 644 ἀποστόλους,
1808 611 1858 638 καὶ

1067 658 1155 694 ταύτῃ
1168 659 1323 694 μετριάζων
1335 667 1365 686 τε
1381 659 1429 687 καὶ
1444 660 1600 693 ἀξιόπιστον
1612 660 1697 687 ποιῶν
1706 659 1752 686 τὸν
1765 659 1856 692 λόγον.

1069 702 1102 728 Τί
1116 702 1170 738 γὰρ
1185 703 1218 729 ἂν
1231 703 1319 738 ἔχοιτε
1337 704 1442 738 είπείν;
1459 706 1499 732 ὅτι
1511 705 1663 740 ἀπατῶμεν
1679 705 1752 740 ὑμᾶς
1767 703 1856 730 ταῦτα

1069 748 1260 783 κηρύττοντες,
1280 750 1327 776 καὶ
1349 749 1503 783 κενοδοξίας
1523 750 1616 777 ἕνεκεν
1635 750 1858 785 δογματίζομενε

1076 794 1145 820 Ἀλλ’
1160 794 1210 821 οὐκ
1233 795 1299 822 ἐῶσι
1324 795 1410 822 ταῦτα
1436 796 1602 831 ψηφίζεσθαι
1629 797 1654 823 οἱ
1672 797 1798 823 κίνδυνοι·
1815 796 1859 827 τίς

1070 839 1124 874 γὰρ
1137 839 1169 866 ἂν
1181 840 1266 867 ἕλοιτο
1278 841 1444 868 κινδυνεύειν
1463 841 1595 877 διηνεκῶς
1614 842 1674 876 είκῆ
1688 842 1735 868 καὶ
1751 841 1857 876 μάτην;

1070 885 1115 910 Διὸ
1130 885 1178 911 καὶ
1199 885 1286 920 ἔλεγε·
1305 887 1335 913 Τί
1352 887 1399 913 καὶ
1419 887 1505 920 ἡμεῖς
1524 887 1739 921 κινδυνεύομεν
1755 886 1859 913 πᾶσαν

1069 929 1166 964 ὦραν;
1184 930 1216 957 Εἰ
1228 931 1283 966 γὰρ
1299 931 1345 957 καὶ
1362 931 1448 958 ἕλοιτό
1462 941 1504 964 τις
1529 931 1572 959 διὰ
1599 932 1762 965 κενοδοξίαν,
1784 931 1861 963 ἅπαξ

1070 976 1117 1002 καὶ
1131 975 1255 1011 δεύτερον
1267 975 1346 1003 τοῦτο
1361 977 1516 1012 αἱρήσεται,
1532 977 1592 1013 οὐχ).
1615 978 1703 1005 πάντα
1719 978 1765 1004 τὸν
1789 978 1859 1012 βίον,

1071 1021 1197 1056 καθάπερ
1221 1022 1313 1057 ἡμεῖς’
1329 1023 1411 1057 ἡμεῖς
1436 1023 1491 1058 γὰρ
1515 1024 1564 1059 τὴν
1593 1024 1665 1059 ζωὴν
1691 1024 1801 1050 ἅπασαν
1818 1024 1860 1055 εἰς

1069 1067 1150 1094 τοῦτο
1174 1067 1413 1102 κατεστησάμεθα.
1443 1069 1513 1095 Καθ’
1526 1068 1640 1102 ἡμέραν
1666 1068 1862 1100 ἀποθνήσκω,

1069 1112 1109 1147 νὴ
1126 1112 1184 1147 τὴν
1196 1112 1343 1147 ὑμετέραν
1367 1113 1529 1148 καύχησιν,
1546 1113 1586 1147 ἢν
1602 1114 1661 1148 ἔχω
1684 1114 1719 1141 ἐν
1744 1113 1862 1148 Χριστῷ

1077 1158 1190 1193 Ἰησοῦ·
1209 1159 1343 1194 καύχησιν
1359 1159 1476 1185 ἐνταῦθα
1491 1159 1540 1194 τὴν
1552 1159 1642 1186 αὐτῶν
1654 1159 1797 1194 προκοπὴν
1815 1158 1863 1185 λέ-

1070 1212 1137 1238 γων.
1157 1203 1266 1239 Ἐπειδὴ
1284 1204 1339 1239 7&9
1365 1203 1481 1236 πολλοὺς
1511 1204 1597 1236 ἔδειξε
1624 1204 1688 1236 τοὺς
1717 1203 1863 1234 κινδύνους

1070 1249 1160 1280 ὂντας,
1173 1248 1216 1275 ἵνα
1233 1248 1270 1284 μὴ
1288 1248 1352 1285 δόξῃ
1365 1249 1404 1280 ὼς
1418 1249 1621 1284 ἀποδυρόμενος
1641 1249 1729 1276 ταῦτα
1756 1249 1862 1284 λέγειν,

1071 1295 1109 1321 Ού
1123 1295 1203 1330 μόνον
1216 1295 1267 1322 οὐκ
1279 1295 1365 1329 ἀλγῶ,
1378 1295 1471 1330 φησὶν,
1488 1295 1556 1322 ἀλλά
1580 1295 1628 1321 καὶ
1650 1295 1796 1330 καυχῶμαι
1820 1294 1864 1330 τῷ

1070 1339 1157 1367 ταῦτα
1170 1340 1286 1375 πάσχειν
1300 1341 1370 1376 ὑπὲρ
1387 1341 1476 1376 ὑμῶν.
1503 1341 1588 1376 Διπλῆ
1612 1341 1641 1367 δὲ
1664 1341 1864 1376 ἐναδρύνεσθαί

1071 1395 1149 1421 φησι,
1167 1387 1214 1412 καὶ
1240 1385 1281 1421 τῷ
1297 1386 1332 1413 δι’
1344 1387 1444 1418 αὐτοὺς
1471 1386 1647 1419 κινδυνεύειν,
1679 1387 1726 1413 καὶ
1739 1387 1779 1422 τῷ
1793 1387 1865 1422 ὁρᾷν

1071 1432 1170 1463 αὐτοὺς
1194 1432 1371 1463 ἐπιδιδόντας.
1389 1429 1455 1459 Εἶτα
1482 1433 1512 1459 τδ
1530 1433 1603 1468 αύτῷ
1632 1433 1746 1468 σύνηθες
1763 1433 1864 1464 ποιῶν.

1071 1477 1166 1513 ἐπειδὴ
1185 1477 1292 1512 μεγάλα
1304 1478 1467 1512 ἐφθέγξατο,
1484 1478 1627 1514 ἀμφότερα
1655 1477 1797 1512 ἀνατίθησι
1824 1477 1866 1511 τῷ

1072 1523 1191 1558 Χριστῷ.
1202 1523 1265 1554 Πῶς
1275 1523 1304 1549 δέ
1313 1523 1481 1558 ἀποθνήσκει
1493 1523 1555 1550 καθ’
1564 1524 1683 1558 ἑκάστην
1692 1523 1810 1559 ἡμέραν;
1822 1523 1865 1558 Τῇ

1072 1568 1211 1603 προθυμίᾳ
1220 1568 1266 1594 καὶ
1274 1567 1313 1602 τῷ
1324 1567 1543 1603 παρεσκευάσθαι
1553 1567 1621 1602 πρὸς
1628 1567 1716 1594 τοῦτο.
1728 1567 1782 1593 Καὶ
1791 1566 1866 1598 τίνος

1072 1615 1164 1642 ἕνεκεν
1179 1613 1266 1642 ταῦτα
1282 1614 1371 1648 λέγει;
1391 1614 1474 1641 Πάλιν
1485 1614 1532 1641 τὸν
1549 1614 1613 1649 περὶ
1627 1613 1677 1648 τῆς
1689 1613 1866 1644 ἀναστάσεως

1072 1663 1120 1689 καὶ
1136 1662 1180 1688 διὰ
1196 1660 1300 1688 τούτων
1324 1659 1540 1692 κατασκευάζων
1565 1659 1654 1693 λόγον.
1680 1659 1729 1690 Τίς
1749 1659 1805 1694 γὰρ
1831 1658 1868 1685 ἂν

1073 1709 1170 1739 ἕλοιτο,
1184 1708 1260 1742 φησι,
1276 1707 1420 1738 τοσούτους
1435 1705 1582 1741 ὑπομένειν
1595 1705 1736 1735 θανάτους,
1748 1703 1867 1730 ἀναστάς

1075 1763 1142 1786 σεως
1168 1754 1219 1780 οὐκ
1234 1753 1318 1788 οὕσης
1341 1752 1402 1779 οὐδέ
1431 1751 1504 1787 ζωῆς
1522 1752 1591 1787 μετά
1605 1750 1708 1784 enim;
1723 1751 1756 1777 Ei
1771 1751 1826 1785 γὰρ
1841 1751 1866 1776 οι

1074 1800 1249 1832 πιστεύοντες
1263 1801 1296 1835 τῇ
1309 1799 1469 1830 ἀναστάσει,
1489 1798 1566 1834 μόλις
1580 1797 1613 1825 ἂν
1623 1798 1693 1833 ὑπὲρ
1707 1797 1793 1832 αὐτῆς
1809 1806 1869 1823 κιν-

1074 1846 1241 1878 δυνεύσαιεν,
1257 1847 1281 1872 εί
1300 1845 1338 1880 μὴ
1356 1845 1458 1880 σφόδρα
1477 1842 1532 1871 εἷεν
1545 1844 1674 1878 γενναῖοι·
1688 1843 1779 1878 πολλῷ
1799 1842 1868 1876 μᾶλ-

1074 1892 1119 1918 λον
1141 1892 1155 1918 ὁ
1178 1891 1215 1927 μὴ
1231 1890 1377 1922 πιστεύων,
1396 1890 1489 1926 φησὶν,
1505 1890 1554 1916 οὐκ
1571 1889 1604 1916 ἂν
1619 1889 1704 1916 ἕλοιτο
1719 1888 1868 1920 τοσούτους

1075 1936 1222 1970 ὑπομένειν
1243 1935 1386 1967 θανάτους,
1413 1935 1460 1962 καὶ
1484 1934 1556 1961 οὕτω
1576 1933 1722 1969 χαλεπούς.
1739 1933 1795 1960 Καὶ
1811 1933 1868 1969 γὰρ

1075 1982 1146 2010 κατά
1159 1981 1255 2017 μικρὸν
1270 1982 1321 2016 ὅρα
1337 1981 1423 2015 ¹πόσην
1435 1982 1552 2007 ποιεῖται
1563 1980 1613 2014 τὴν
1628 1979 1752 2014 αὔξησιν.
1772 1977 1867 2014 Είπεν,

1075 2029 1117 2055 δτι
1130 2027 1362 2062 Κινδυνεύομεν,
1387 2026 1567 2062 προσέθηκεν,
1584 2026 1626 2052 ὅτι
1646 2024 1754 2052 Πᾶσαν
1773 2023 1868 2057 ὥρην,

1076 2071 1146 2106 εἶτα,
1159 2074 1202 2100 ὅτι
1213 2073 1284 2101 Καθ’
1311 2072 1437 2107 ἡμέραν,
1464 2070 1535 2103 εἶτα,
1562 2072 1603 2098 ὅτι
1627 2072 1671 2104 οὐ,
1698 2069 1867 2101 Κινδυνεύω,

1078 2120 1168 2155 μόνον,
1189 2119 1284 2153 φησὶν,
1307 2117 1375 2144 ἀλλὰ
1397 2117 1455 2149 καὶ,
1474 2117 1664 2152 ’Λποθνήσκω.
1688 2116 1816 2142 Δείκνυσι
1835 2115 1869 2150 δὴ

1076 2164 1168 2191 λοιπὸν
1181 2165 1227 2191 καὶ
1241 2164 1381 2195 ποταποὺς
1395 2163 1537 2194 θανάτους,
1549 2162 1620 2189 οὕτω
1632 2162 1731 2196 λέγων’
1744 2162 1778 2188 ΕΙ
1793 2161 1869 2188 κατὰ

1076 2211 1234 2245 ἄνθρωπον
1258 2209 1483 2244 ἐθηριομάχησα
1508 2209 1544 2236 ἐγ
1568 2208 1693 2243 Ἐφέσῳ,
1709 2207 1740 2234 τί
1759 2217 1811 2243 μοι
1835 2207 1869 2234 τὸ

1078 2258 1188 2293 ὄφελος
1196 2264 1206 2288 ;

1112 2308 1147 2338 γ’.
1169 2303 1202 2330 Τί
1218 2303 1301 2336 ἐστιν,
1323 2303 1358 2329 El
1377 2302 1452 2329 κατὰ
1474 2301 1632 2335 ἄνθρωπον
1639 2310 1650 2334 ;
1669 2301 1752 2328 Ὅσον
1771 2299 1802 2326 τὸ
1829 2300 1870 2331 εἰς

1077 2349 1239 2385 ἀνθρώπους
1252 2347 1329 2385 ἧκον,
1351 2348 1567 2384 ἐθηριομάχησα.
1584 2347 1617 2373 Τί
1636 2347 1701 2382 7&9,
1719 2347 1744 2372 εί
1767 2347 1781 2373 ὁ
1803 2345 1870 2377 Θεὸς

1078 2394 1216 2429 ἐξήρπασε
1233 2402 1266 2430 με
1282 2393 1336 2420 τῶν
1350 2393 1498 2425 κινδύνιν›ν;
1519 2393 1600 2419 Ὥστε
1618 2394 1632 2418 ὁ
1657 2392 1777 2427 μάλιστα
1799 2392 1869 2426 ὑπὲρ

1077 2439 1179 2466 τούτων
1203 2439 1316 2474 ὀφείλων
1342 2439 1489 2474 μεριμνᾷν,
1515 2437 1570 2472 ἐγώ
1598 2438 1656 2473 εἰμι
1682 2438 1697 2464 ό
1724 2437 1870 2468 τοσούτους

1079 2485 1217 2516 κινδύνους
1231 2484 1385 2519 ὑπομένων,
1411 2485 1458 2511 καὶ
1486 2483 1622 2518 μηδεμίαν
1648 2483 1762 2518 μηδέπω
1778 2481 1870 2509 λαϐὼν

1079 2531 1207 2566 ἀμοιῆἡν.
1224 2531 1256 2556 Εἰ
1274 2530 1328 2565 γάρ
1346 2530 1384 2565 μὴ
1403 2530 1585 2565 παραγίνεται
1601 2530 1616 2556 ὁ
1636 2529 1687 2563 τῆς
1707 2529 1870 2558 ἀντιδόσεως

1080 2576 1184 2612 καιρὸς,
1197 2575 1265 2603 ἀλλά
1282 2576 1363 2611 μέχρι
1376 2576 1424 2602 τοῦ
1439 2575 1575 2611 παρόντος
1589 2575 1623 2602 τά
1633 2575 1757 2609 ἡμέτερα
1772 2573 1870 2608 συγκέ-

1079 2622 1212 2653 κλεισται,
1225 2622 1306 2657 ἡμεῖς
1317 2622 1346 2648 ἐν
1362 2621 1466 2656 μείζονι
1483 2621 1570 2657 ζημίᾳ
1584 2621 1677 2656 ἐσμέν.
1703 2619 1801 2654 ’Υμεῖς
1821 2619 1870 2654 μὲν

1080 2668 1134 2702 γὰρ
1148 2667 1296 2699 ἀκινδύνως
1321 2667 1511 2699 ἐπιστεύσατε,
1528 2667 1608 2702 ἡμεῖς
1628 2666 1657 2693 δὲ
1677 2666 1739 2693 καθ’
1750 2666 1869 2700 ἑκάστην

1081 2713 1254 2748 σφαττὸμεθα
1269 2713 1319 2748 τὴν
1340 2713 1459 2748 ἡμέραν.
1480 2713 1574 2739 Ταῦτα
1588 2712 1616 2739 δὲ
1633 2712 1743 2739 ἀπάντα
1765 2711 1867 2745 ἔλεγεν,

1079 2760 1129 2787 οὐκ
1146 2759 1238 2794 ἐπειδὴ
1250 2759 1301 2785 οὐκ
1313 2757 1386 2794 εἶχεν
1397 2759 1492 2793 ὄφελος
1506 2759 1553 2785 καὶ
1564 2759 1593 2785 ἐν
1604 2758 1679 2793 αὐτῷ
1692 2757 1730 2793 τῷ
1743 2757 1868 2792 πάσχειν,

1080 2804 1147 2831 ἀλλά
1159 2804 1202 2831 διὰ
1215 2804 1264 2840 τὴν
1280 2804 1333 2831 τῶν
1348 2804 1454 2831 πολλῶν
1468 2804 1621 2836 ἀσθένειαν,
1633 2804 1680 2830 καὶ
1691 2803 1762 2830 ὥστε
1773 2802 1869 2833 αὐτοὺς

1081 2851 1120 2882 είς
1139 2850 1184 2876 τὸν
1199 2851 1261 2884 περὶ
1278 2850 1327 2885 τῆς
1353 2850 1529 2883 ἀναστάσεως
1545 2850 1620 2887 [582]
1638 2850 1765 2885 στηρίξαι
1779 2850 1865 2883 λόγον·

1083 2897 1131 2923 οὐκ
1141 2896 1234 2932 ἐπειδὴ
1248 2896 1328 2928 αὐτὸς
1339 2897 1384 2923 ἐπὶ
1396 2897 1484 2933 μισθῷ
1501 2897 1619 2933 ἔτρεχενη
1631 2896 1754 2932 ἀρκοῦσα
1770 2895 1822 2931 γὰρ
1835 2892 1869 2930 ἦν
