2021 3117
175 172 228 201 549

177 229 310 266 principes
322 231 413 255 autem
428 231 456 254 et
469 232 558 262 reges,
571 224 676 253 etiamsi
689 224 824 252 dimittant
838 229 865 252 et
877 224 968 251 absol-

176 281 238 303 vant
249 274 387 302 adulteros
399 276 426 300 et
439 271 587 299 homicidas
597 290 606 304 ,
619 277 633 297 a
647 270 770 305 przesenti
783 269 889 305 qttidem
904 270 970 296 libe-

175 325 236 350 rant
248 319 391 355 supplicio,
402 326 496 346 eorum
507 321 596 344 autem
609 320 747 351 peccatum
759 323 812 343 n0n
823 316 969 343 emundant

174 372 202 395 et
224 367 350 400 expiant;
374 368 402 392 et
423 364 445 390 si
468 363 593 390 dimissos
615 362 722 396 quidem
743 362 914 396 provererint
935 360 969 388 ad

175 413 361 448 magistratus.
378 415 405 437 et
417 409 459 437 vel
474 409 530 444 ipsa
546 407 681 435 induerint
696 414 810 441 purpura
823 427 831 439 ,
845 411 872 434 et
885 407 969 440 impo-

174 458 279 486 suerint
296 457 336 484 eis
354 455 493 486 diadema;
516 461 594 488 reges
613 453 721 488 quidem
740 453 780 480 sic
799 452 937 484 fecerunt,
953 459 969 478 a

175 503 292 538 peccatis
306 507 395 529 autem
409 508 461 528 non
477 500 624 527 liberarunt
639 509 645 527 :
660 499 734 526 solus
748 499 819 525 enim
835 499 902 525 Deus
918 497 968 524 ltoe

174 549 247 576 facit.
263 547 338 581 Quod
356 546 463 582 quidem
482 549 608 579 operatur
624 544 650 571 in
672 543 777 571 lavacro
789 543 969 578 regeneratio-

153 611 156 614 -
175 595 217 622 nis
229 603 236 620 :
250 594 335 629 ipsam
349 593 421 620 ettint
435 591 552 619 animam
568 590 650 625 tattgit
664 590 748 624 gratia
758 609 766 622 ,
781 594 808 616 et
820 589 892 616 illinc
905 596 969 623 pec-

175 647 264 668 catum
279 640 372 668 evellit
391 638 527 666 radicitus.
549 637 692 671 Propterea
709 636 767 670 ejus
781 635 887 670 quidem
901 656 908 669 ,
923 636 967 671 qui

173 693 215 714 est
229 687 356 714 dimissus
370 692 385 712 a
402 692 464 719 rege
476 705 483 716 ,
499 683 633 711 sordidam
649 682 739 710 videre
755 682 817 709 licet
830 681 946 709 animam
959 690 966 708 :

174 734 233 767 ejus
252 737 341 760 autem
360 731 405 766 qui
427 735 468 758 est
488 730 655 764 baptizatus,
671 728 779 755 minime
791 747 799 760 ,
814 728 861 756 sed
881 728 967 762 ipsum

173 779 239 807 solis
251 778 333 806 radiis
346 778 491 812 puriorem,
503 779 531 803 et
540 775 625 810 qualis
636 774 685 801 fuit
696 780 821 809 generata
832 775 866 802 ab
876 774 966 807 initio;

175 825 229 851 imo
244 831 312 851 vero
324 823 369 850 illa
389 828 494 857 quoque
514 821 593 855 longe
612 820 750 847 meliorem
765 827 772 846 :
787 819 883 846 fruitur
896 820 967 846 enim

174 870 276 905 Spiritu
295 869 339 904 qui
360 876 418 896 eam
432 867 505 894 omni
521 874 555 894 ex
574 869 649 901 parte
669 865 834 897 inﬂammat,
848 869 874 892 et
889 869 969 900 auget

173 916 354 944 sanctitatem.
368 915 401 942 Et
413 914 483 941 sicut
495 921 588 940 aurum
602 916 649 940 attt
659 917 799 947 argentum
811 912 968 945 refundens,

174 970 272 998 pttrum
285 966 312 990 et
324 968 422 988 novum
437 960 502 987 facis
513 959 602 986 denuo
616 966 623 985 :
639 959 673 985 ita
685 958 765 985 etiam
779 957 893 992 Spiritus
906 964 969 985 san-

173 1013 233 1036 ctus
245 1009 272 1035 in
285 1007 416 1042 baptismo
430 1011 563 1040 tamquam
577 1005 604 1031 in
618 1004 726 1031 fontace
737 1006 798 1030 eam
811 1002 966 1035 refundens,

172 1062 201 1083 et
221 1059 329 1090 peccata
349 1059 511 1081 consumens
523 1072 530 1084 ,
552 1050 633 1078 efﬁcit
653 1055 682 1077 ut
701 1050 798 1085 quovis
816 1056 883 1076 auro
902 1056 968 1083 puro

174 1101 268 1136 purius
292 1099 402 1134 fulgeat.
429 1098 550 1131 Itemque
572 1103 717 1130 corporum
742 1094 968 1122 resurrectionem

175 1147 237 1173 hinc
250 1152 357 1180 quoque
377 1150 470 1171 rursus
494 1142 540 1168 tibi
563 1141 626 1168 facit
646 1147 706 1168 esse
720 1140 886 1167 credibilem.
901 1139 968 1166 Nam

173 1191 300 1226 quoniam
322 1195 459 1225 peceatum
480 1192 592 1215 mortem
607 1187 698 1214 intulit
709 1206 717 1219 ,
733 1186 864 1213 exsiccata
879 1186 969 1213 radice

175 1246 228 1264 uua
241 1242 284 1264 est
296 1236 410 1270 amplius
421 1233 596 1261 dubitandum
609 1232 643 1259 de
655 1231 757 1258 fructus
770 1231 888 1258 interitu.
902 1230 970 1258 Pro~

175 1288 265 1317 pterea
279 1289 340 1308 cum
355 1280 428 1315 prius
443 1279 558 1306 dixisses
573 1277 759 1304 remissionem
777 1280 946 1310 peccatorum
960 1296 968 1309 ,

176 1333 239 1355 tunc
249 1325 387 1354 conﬁteris
397 1325 476 1352 etiam
489 1329 655 1350 mortuorum
665 1321 898 1352 resurrectionem,
909 1321 970 1347 hinc

175 1374 209 1401 nd
222 1372 287 1400 illud
298 1371 438 1399 deductus.
451 1369 550 1397 Deinde
561 1368 686 1404 quoniam
698 1375 752 1395 non
763 1367 861 1394 sufficit
871 1373 969 1394 nomen

175 1418 381 1448 resurrectionis
390 1417 424 1444 ad
435 1417 588 1443 universum
597 1414 791 1442 ostendendum
800 1413 886 1449 (tntilli
897 1414 968 1441 enim

175 1466 220 1500 qui
235 1467 438 1492 resurrexerant
451 1469 543 1489 l'lll‘SllS
556 1464 740 1490 excesserunt.
753 1464 782 1486 ιιι
794 1460 838 1494 qui
853 1467 970 1487 resurre-

175 1515 274 1538 xerunt
289 1510 314 1536 in
329 1509 429 1540 Veteri,
443 1512 472 1535 ut
485 1508 611 1540 Lazarus,
626 1511 655 1533 ut
667 1506 711 1541 qui
727 1510 848 1540 tempore
860 1505 969 1540 crucis),

175 1557 251 1592 jubet
262 1556 353 1583 dicere
364 1575 373 1588 ,
387 1555 421 1582 Et
434 1555 460 1581 in
475 1554 555 1580 vitam
571 1558 699 1581 :uternam
711 1572 719 1584 ,
736 1559 770 1579 ne
783 1552 843 1587 quis
857 1552 971 1586 amplius

176 1603 328 1637 suspicetur
348 1605 462 1628 mortem
486 1605 547 1635 post
570 1599 803 1626 resurrectionem.
825 1598 888 1625 Haec
907 1606 971 1633 ergo

177 1649 259 1676 verba
274 1649 300 1675 in
316 1647 471 1675 memoriam
488 1653 617 1673 revocans
633 1645 730 1672 Paulus
744 1645 809 1672 dicit
825 1653 831 1672 :
847 1645 916 1678 Quid
932 1647 972 1680 fa—

178 1696 244 1721 cient
261 1694 305 1729 qui
323 1693 484 1728 baptizantur
501 1700 547 1726 pro
568 1691 690 1718 ttmrtm'a?
708 1691 774 1718 Nam
794 1690 816 1718 si
836 1699 889 1718 non
909 1695 950 1718 est
962 1711 970 1724 ,

178 1740 282 1775 inquit,
298 1738 468 1770 resurrectio,
484 1737 541 1764 hate
554 1737 635 1764 verba
651 1737 728 1771 plane
743 1741 805 1764 sunt
819 1736 898 1764 ludus
911 1744 971 1764 sce-

179 1789 263 1815 nicus.
279 1787 308 1814 Si
322 1794 374 1813 non
385 1788 428 1813 est
440 1784 617 1817 resurrectio,
629 1782 764 1818 quomodo
777 1783 816 1810 eis
829 1782 972 1810 suademus

179 1838 210 1861 ut
223 1831 335 1859 credant
348 1839 408 1866 qua;
423 1837 476 1857 non
491 1829 604 1856 damus?
619 1833 648 1855 ut
662 1829 684 1855 si
702 1828 763 1863 quis
779 1828 876 1863 jubens
891 1828 973 1855 edere

182 1877 336 1906 schedulam
364 1876 435 1912 quod
462 1875 513 1903 hoc
540 1879 568 1903 et
593 1874 659 1902 illud
686 1874 838 1908 acceperit,
863 1874 973 1902 minime

180 1924 285 1952 dederit
305 1931 365 1960 quas
387 1923 416 1950 itt
438 1930 469 1950 ea
491 1922 590 1956 scripta
610 1925 691 1954 sunt;
714 1921 810 1948 deinde
834 1925 973 1956 postquam

181 1970 332 2005 subscripta
354 1969 434 1997 fuerit
454 1968 601 2001 schedula,
622 1967 714 2002 exigat
734 1974 794 2002 quas
816 1966 841 1993 itt
861 1973 891 1993 ea
912 1970 975 1993 sunt

181 2017 290 2051 scripta.
304 2015 372 2048 Quid
383 2015 455 2042 enim
465 2014 499 2041 de
510 2017 607 2040 cmtero
621 2013 700 2040 faciet
712 2012 734 2040 is
744 2013 789 2047 qui
800 2011 973 2046 subscripsit,

181 2071 242 2090 cum
257 2070 287 2089 se
300 2061 406 2097 quidem
420 2060 568 2088 debitorem
582 2059 761 2091 constituerit,
776 2067 829 2086 non
843 2058 976 2093 acceperit

182 2113 270 2136 autem
286 2115 318 2135 ea
330 2115 389 2142 qua:
403 2106 542 2133 confessus
557 2110 598 2133 est
611 2113 642 2131 se
655 2104 810 2139 accepisse?
833 2104 889 2131 lloc
903 2104 973 2131 enitn

183 2154 226 2182 llic
238 2160 344 2188 quoque
357 2152 421 2180 dicit
432 2152 466 2179 de
478 2152 510 2178 iis
521 2151 565 2186 qui
579 2151 747 2185 baptizantur
759 2158 766 2176 :
778 2150 845 2183 Quid
860 2149 973 2182 facient,

182 2200 305 2235 inquies,
319 2200 365 2234 qui
380 2199 564 2233 baptizantur,
579 2197 624 2232 qui
638 2197 854 2231 subscripserunt
868 2195 974 2230 quidem

183 2246 408 2274 resurrectionem
423 2250 587 2272 mortuorum
602 2250 744 2277 corporum
755 2262 763 2275 ,
777 2249 829 2269 non
846 2242 977 2277 recipiunt

184 2297 273 2321 autem
283 2313 291 2326 ,
307 2292 355 2320 sed
370 2291 556 2326 decipiuntur?
572 2289 634 2324 quid
649 2289 759 2316 omttiuo
773 2293 831 2316 erat
844 2296 912 2323 opus
926 2288 976 2315 ltac

185 2339 353 2368 confessione
363 2359 371 2371 ,
387 2338 409 2366 si
431 2345 475 2364 res
488 2344 542 2364 non
557 2335 737 2371 sequebatur?
751 2335 796 2362 50.
815 2335 880 2367 Quid
895 2339 918 2361 et
930 2342 978 2361 nos

186 2386 359 2420 periclitamur
372 2384 441 2411 omni
461 2383 544 2410 liora?
565 2382 610 2410 5L
627 2380 745 2414 Quotidie
762 2380 858 2407 morior
876 2384 978 2414 propter

186 2438 293 2458 vestram
313 2430 440 2465 gloriam,
454 2436 530 2464 quant
551 2428 631 2454 habeo
650 2427 678 2453 in
699 2426 799 2453 Christo
818 2425 891 2453 Jeau.
914 2425 979 2452 Vide

187 2484 280 2504 rursus
295 2476 428 2503 undenam
443 2475 540 2509 dogma
560 2473 730 2509 aggrediatur
750 2472 864 2506 probare
875 2491 883 2504 ,
899 2479 914 2499 a
929 2479 979 2498 suo

188 2522 329 2558 suffragio;
340 2522 396 2549 imo
407 2528 472 2549 vero
483 2528 535 2548 non
547 2521 634 2548 solum
646 2526 706 2553 suo,
717 2519 763 2546 sed
774 2520 854 2547 etiam
867 2522 980 2546 caztero-

189 2578 246 2597 rum
256 2569 449 2604 apostolorum.
463 2567 509 2595 Est
518 2571 606 2594 autem
618 2566 668 2593 hoc
678 2573 783 2601 quoque
793 2572 845 2592 tton
857 2572 978 2599 parvum,

190 2616 322 2644 adducere
341 2615 466 2642 doctores
487 2614 532 2649 qui
552 2613 586 2640 de
603 2619 637 2640 eo
650 2612 728 2639 valde
743 2616 844 2638 certam
866 2610 982 2637 habeant

191 2661 389 2696 persuasionem
402 2681 410 2693 ,
426 2664 454 2687 et
471 2659 521 2686 hoc
540 2666 595 2686 non
614 2658 701 2686 solutn
717 2657 806 2684 verbis
818 2677 826 2690 ,
840 2656 887 2683 sed
900 2656 980 2684 etiant

191 2708 270 2735 rebus
287 2707 441 2735 ostendant.
463 2706 607 2741 Propterea
622 2712 675 2732 non
692 2704 758 2731 dicit
774 2703 895 2731 absolute
907 2723 914 2735 ,
929 2702 982 2730 Nos

190 2759 297 2788 quoque
318 2753 345 2780 id
370 2752 499 2780 habemus
521 2758 691 2786 persuasum;
716 2757 802 2785 neque
825 2749 896 2777 enim
918 2749 983 2776 satis

190 2805 248 2828 erat
267 2800 319 2827 hoc
333 2800 420 2827 solum
435 2798 611 2834 persuadere;
635 2798 682 2826 sed
697 2798 776 2825 etiam
791 2804 839 2832 per
853 2804 897 2824 res
911 2797 984 2830 ipsas

191 2845 562 2874 cxhibetdemonstrationem
573 2853 580 2870 :
592 2844 704 2878 perinde
716 2851 747 2870 ac
755 2843 778 2870 si
791 2843 904 2870 diceret:
915 2842 983 2869 νυν.

192 2892 232 2920 bis
252 2891 310 2921 htcc
329 2891 452 2920 conﬁteri
469 2891 536 2919 nihil
552 2890 628 2918 vobis
647 2890 716 2918 forte
732 2889 837 2918 videtur
853 2897 913 2918 esse
930 2890 981 2917 nti-

704 166 738 196 ἰΝ
757 166 863 195 EPIST.
883 166 895 194 Ι
925 166 971 194 AD
989 165 1069 194 COR.
1090 164 1206 194 llOMlL.
1228 166 1285 195 XL.

1762 171 1814 200 550

1021 223 1151 257 randum;
1171 225 1194 252 si
1213 230 1302 252 autem
1323 224 1402 252 etiam
1420 232 1435 252 a
1454 225 1535 254 rebus
1553 220 1618 260 ipsis
1631 233 1724 255 vocem
1739 229 1815 256 vobis

1020 269 1214 302 exhibeamus,
1235 270 1299 305 quid
1323 270 1355 298 ad
1380 270 1438 298 lttec
1461 271 1584 306 poteritis
1610 273 1815 300 contradicere?

1020 314 1118 341 Audite
1127 322 1193 349 ergo
1203 315 1337 350 quomodo
1346 316 1426 343 etiam
1440 324 1487 350 per
1499 317 1616 352 pericula
1628 317 1685 345 hate
1696 319 1815 352 quotidie

1020 359 1206 387 confiteamur.
1221 361 1253 388 Et
1267 368 1320 388 non
1334 361 1418 394 dixit,
1435 362 1502 398 Ego.
1519 363 1581 395 sed,
1596 363 1660 395 Nos,
1676 371 1815 392 assumens

1021 411 1114 432 omnes
1129 406 1208 433 simul
1221 407 1368 441 apostolos,
1384 412 1411 435 et
1425 415 1455 435 ea
1472 410 1574 436 ratione
1587 409 1708 437 modeste
1722 417 1752 437 se
1766 417 1815 444 ge-

1021 457 1084 478 rens
1096 471 1103 484 ,
1118 459 1151 479 ac
1165 451 1217 479 tlde
1232 452 1339 487 dignam
1361 454 1460 481 faciens
1479 455 1638 482 orationem.
1659 456 1726 488 Quid
1743 457 1815 483 cnint

1020 496 1111 525 dicere
1131 498 1292 533 potueritis?
1306 499 1376 534 quod
1394 507 1441 527 vos
1461 500 1625 536 decipiamus
1643 501 1701 528 hare
1715 502 1813 536 praedi-

1020 548 1130 576 cantes,
1154 548 1181 571 et
1209 548 1317 579 propter
1345 545 1449 572 inanem
1471 546 1582 580 gloriam
1610 546 1668 573 inec
1688 547 1813 581 dogmata

1019 590 1188 617 statuamus?
1211 590 1264 618 Sed
1286 591 1354 618 banc
1374 592 1533 619 sententiam
1554 591 1624 619 ferre
1647 600 1700 619 non
1723 594 1814 620 sinunt

1020 635 1137 669 pericula
1153 644 1160 661 :
1175 636 1236 671 quis
1255 637 1325 663 enim
1346 644 1392 663 stta
1416 641 1511 671 sponte
1531 638 1646 665 voluerit
1668 639 1765 666 frustra
1785 645 1813 666 et

1019 685 1122 708 temere
1135 681 1209 708 adire
1224 682 1363 716 pericula?
1378 682 1412 710 Et
1432 683 1492 710 ideo
1505 683 1630 716 dicebat,
1648 685 1716 718 Quid
1729 690 1753 712 et
1767 694 1814 712 nos

1020 727 1193 761 periclitamur
1207 728 1275 754 omni
1290 729 1373 756 hara?
1394 728 1459 756 Nam
1474 734 1501 756 et
1522 731 1543 756 si
1558 731 1617 764 quis
1634 736 1741 765 propter
1755 732 1814 759 ina-

1020 780 1081 800 nem
1092 773 1204 807 gloriam
1216 773 1269 801 ltoc
1280 782 1326 801 sua
1341 779 1437 809 sponte
1449 775 1570 810 elegerit,
1583 776 1666 803 sentel
1677 782 1704 804 et
1718 777 1813 804 iterum

1020 819 1071 846 hoc
1089 819 1185 852 faciet,
1202 827 1256 847 non
1277 821 1350 848 omni
1371 825 1492 856 tempore
1508 822 1577 849 sicut
1593 830 1642 850 nos
1657 831 1663 849 :
1677 831 1727 850 nos
1742 825 1812 851 enim

1019 868 1102 891 totam
1117 865 1198 892 vitam
1219 865 1280 892 huic
1300 866 1339 893 rei
1354 866 1513 893 addicimus.
1530 867 1648 901 Quotidie
1663 869 1757 895 morior
1770 877 1816 904 per

1018 915 1125 937 vestram
1146 911 1340 946 gloriationem,
1360 920 1436 947 quam
1458 913 1536 940 habeo
1558 914 1585 940 in
1607 913 1707 941 Christo
1728 915 1814 948 Jestt;

1019 956 1204 991 gloriationetu
1221 957 1263 984 ltic
1276 957 1368 985 dicens
1382 965 1475 985 eorum
1491 959 1649 993 profectum.
1664 960 1729 988 Nam
1743 968 1814 996 quo-

1019 1002 1090 1029 niam
1104 1003 1185 1030 ntulta
1198 1004 1316 1031 ostendit
1329 1011 1389 1031 esse
1403 1006 1536 1039 pericula;
1550 1014 1584 1034 ne
1595 1007 1730 1035 videretur
1744 1012 1812 1034 tam-

1014 1055 1098 1082 quam
1119 1048 1222 1075 deﬂens
1242 1049 1299 1077 hatc
1318 1049 1407 1077 dicere
1419 1070 1426 1083 ,
1442 1050 1499 1078 Non
1519 1051 1622 1083 solum.
1640 1052 1743 1088 inquit,
1759 1061 1814 1081 non

1017 1091 1098 1119 doleo
1107 1112 1115 1124 ,
1132 1093 1181 1120 sed
1196 1093 1275 1120 etiam
1289 1094 1390 1128 glorior
1402 1095 1472 1129 quod
1492 1103 1541 1130 pro
1553 1097 1629 1124 vobis
1646 1097 1703 1124 lucc
1717 1098 1813 1132 patiar.

1020 1138 1122 1172 Duplici
1138 1142 1227 1166 autem
1243 1140 1346 1167 ratione
1360 1148 1390 1168 se
1404 1141 1467 1168 dicit
1481 1142 1605 1176 gloriari,
1622 1148 1649 1170 et
1664 1145 1734 1178 quod
1750 1153 1814 1180 pro-

1020 1188 1079 1218 pter
1092 1184 1165 1218 ipsos
1178 1186 1293 1219 pericula
1308 1186 1396 1218 adeat.
1411 1191 1439 1214 et
1450 1187 1521 1222 qttod
1537 1189 1609 1224 ipsos
1624 1191 1712 1218 videat
1728 1191 1815 1219 incre-

1018 1234 1139 1257 mentum
1159 1231 1308 1265 suscipere.
1329 1231 1431 1260 Deinde
1450 1233 1550 1261 faciens
1571 1235 1597 1262 td
1618 1236 1688 1270 quod
1709 1242 1749 1264 cst
1764 1237 1816 1264 sibi

1019 1274 1138 1308 solitum,
1148 1276 1273 1310 quoniam
1285 1284 1379 1312 magna
1391 1282 1432 1305 est
1442 1278 1575 1313 loquutus,
1588 1286 1698 1317 utraque
1708 1282 1817 1310 Christo

1021 1320 1122 1347 tribuit.
1136 1320 1276 1354 Quomodo
1288 1327 1377 1349 autem
1390 1325 1502 1351 moritur
1512 1326 1648 1359 quotidie?
1662 1328 1748 1355 Animi
1760 1329 1817 1356 ala-

1020 1367 1125 1399 eritate,
1141 1371 1168 1394 et
1180 1367 1250 1401 quod
1265 1367 1298 1394 ad
1312 1367 1362 1394 ltoc
1374 1368 1408 1396 sit
1420 1374 1538 1403 paratus.
1555 1371 1590 1398 Et
1601 1380 1650 1399 cur
1663 1372 1721 1401 haec
1735 1373 1816 1401 dicit?

1019 1413 1124 1440 Rursus
1143 1420 1192 1448 per
1212 1413 1268 1440 lucc
1283 1421 1391 1449 quoque
1411 1415 1572 1444 confirmans
1587 1418 1658 1452 quod
1671 1419 1769 1446 dicitur
1783 1419 1817 1446 de

1021 1459 1229 1486 resurrectione.
1244 1459 1309 1492 Quis
1321 1459 1403 1494 enim,
1420 1461 1512 1496 inquit,
1528 1463 1637 1498 elegerit
1652 1469 1704 1492 tattt
1720 1465 1816 1492 multas

1021 1506 1112 1533 subire
1134 1510 1253 1539 mortes,
1269 1506 1292 1533 si
1311 1514 1346 1534 ne
1364 1507 1399 1534 sit
1416 1509 1522 1542 quidem
1544 1515 1635 1544 postea
1656 1512 1817 1540 resurrectio

1022 1558 1108 1586 neque
1122 1552 1196 1578 vita?
1217 1552 1282 1579 Nam
1302 1553 1324 1579 si
1347 1553 1393 1587 qui
1414 1554 1529 1582 eredunt
1547 1559 1736 1585 resurrectioni
1750 1579 1756 1591 ,
1770 1558 1815 1585 vix

1022 1604 1071 1632 pro
1085 1604 1116 1624 ea
1132 1597 1250 1632 pericula
1264 1598 1379 1625 adierint
1394 1598 1444 1626 nisi
1459 1599 1512 1627 sint
1527 1600 1610 1629 fortes
1626 1611 1658 1630 ac
1672 1604 1794 1638 generosi
1807 1611 1815 1630 :

1022 1644 1106 1671 multo
1119 1644 1203 1678 magis
1216 1644 1238 1671 is
1251 1645 1294 1678 qui
1308 1652 1360 1671 non
1372 1645 1467 1677 credit,
1480 1654 1532 1674 non
1547 1651 1600 1675 tam
1614 1649 1711 1677 multas
1724 1654 1751 1677 et
1763 1655 1816 1676 tam

1021 1697 1116 1725 graves
1129 1697 1160 1717 ac
1171 1690 1294 1717 difﬁciles
1306 1696 1406 1718 mortes
1417 1692 1536 1727 elegerit.
1550 1693 1655 1721 Etenim
1666 1694 1726 1721 vide
1737 1702 1818 1729 quatt-

1024 1743 1078 1764 ttttn
1090 1738 1214 1772 paulatim
1224 1737 1302 1765 faciat
1311 1738 1514 1766 incrementum.
1525 1740 1608 1772 Dixit,
1620 1740 1818 1775 Periclitemur;

1023 1783 1124 1811 addidit
1136 1805 1143 1817 ,
1166 1783 1242 1810 Omni
1263 1784 1344 1815 liora;
1361 1784 1458 1812 deinde
1470 1805 1477 1818 ,
1497 1786 1637 1820 Quotidie;
1656 1794 1747 1822 postea
1765 1797 1817 1817 non

1023 1831 1109 1858 solum
1129 1830 1213 1863 dicit,
1237 1830 1395 1864 Periclitor,
1417 1831 1464 1858 sed
1487 1832 1698 1865 etiam,Mot-ior.
1718 1836 1819 1863 Deinde

1024 1875 1141 1903 ostendit
1152 1880 1179 1902 et
1192 1880 1256 1910 quot
1269 1882 1379 1907 mortes,
1393 1877 1432 1903 sic
1444 1877 1537 1904 dicens
1552 1887 1558 1905 :
1573 1878 1618 1906 52.
1635 1879 1666 1907 Si
1680 1881 1818 1907 sectmdum

1024 1922 1150 1949 hominem
1162 1922 1196 1948 ad
1209 1922 1300 1948 bestias
1311 1921 1421 1957 pugnavi
1435 1921 1539 1957 Ephesi,
1551 1924 1612 1958 quid
1625 1925 1687 1951 mihi
1699 1925 1820 1960 prodest?

1060 1969 1086 1996 5.
1106 1968 1174 2002 Quid
1189 1973 1246 2000 est,
1262 1967 1293 1995 Si
1306 1968 1444 1995 recondunt
1463 1969 1611 1996 hominem?
1624 1970 1701 2004 Quod
1715 1972 1748 1998 ad
1765 1972 1813 1998 Ito-

1024 2015 1111 2042 mines
1125 2015 1230 2046 attinet,
1254 2014 1368 2050 pugnavi
1391 2022 1451 2041 cum
1472 2015 1575 2042 bestiis.
1603 2016 1672 2049 Quid
1700 2018 1771 2044 enint
1796 2018 1820 2046 si

1025 2069 1069 2089 me
1085 2061 1154 2088 Deus
1169 2060 1267 2095 eripuit
1285 2068 1299 2087 a
1314 2061 1461 2095 periculis?
1479 2060 1569 2094 Quare
1582 2063 1626 2097 qui
1641 2070 1689 2097 pro
1703 2062 1744 2090 his
1759 2072 1818 2090 ma-

1025 2107 1097 2135 xime
1112 2107 1197 2134 debeo
1211 2114 1272 2134 esse
1284 2106 1425 2138 sollicitus,
1448 2114 1498 2141 ego
1514 2114 1584 2139 sum,
1600 2108 1646 2142 qui
1663 2113 1716 2135 tam
1736 2109 1820 2136 multa

1026 2153 1146 2181 sustineo
1169 2153 1296 2187 pericula,
1319 2157 1347 2179 et
1366 2152 1453 2180 adltnc
1468 2153 1566 2180 nullam
1580 2154 1672 2189 accepi
1690 2163 1819 2183 remune-

1026 2199 1168 2226 rationem.
1190 2197 1256 2225 Nam
1272 2197 1294 2224 si
1307 2204 1359 2224 non
1376 2197 1486 2225 advenit
1504 2204 1608 2233 tempus
1623 2201 1821 2228 remuneratio-

1027 2245 1080 2277 nis,
1094 2244 1140 2272 sed
1156 2245 1224 2271 intra
1248 2251 1366 2279 prtescns
1381 2248 1485 2278 tempus
1501 2252 1544 2271 res
1567 2249 1666 2272 ttostrm
1681 2251 1744 2274 sunt
1756 2254 1823 2275 con-

1027 2292 1118 2323 eiusat,
1133 2298 1183 2317 nos
1193 2290 1278 2325 majus
1294 2289 1421 2317 damnum
1435 2290 1559 2325 patimur.
1573 2291 1640 2319 Nant
1653 2300 1701 2320 vos
1715 2292 1822 2329 quidem

1028 2337 1093 2376 citra
1116 2336 1263 2371 periculum
1285 2335 1437 2363 credidistis
1459 2344 1465 2362 :
1488 2344 1538 2364 ttos
1558 2342 1647 2364 autent
1674 2344 1822 2367 mactantttr

1028 2382 1156 2417 quotidie.
1173 2381 1237 2408 Haec
1247 2385 1335 2408 autent
1350 2382 1439 2408 omnia
1453 2381 1568 2415 diccbat,
1587 2391 1638 2410 non
1654 2384 1779 2418 quoniam
1795 2386 1821 2413 itt

1030 2429 1155 2464 patiendo
1169 2428 1270 2456 nullam
1285 2427 1396 2454 haberet
1409 2427 1561 2461 utilitatem,
1577 2428 1623 2455 sed
1637 2435 1746 2464 propter
1760 2431 1823 2457 mul-

1030 2481 1118 2503 torttm
1137 2473 1360 2504 imbecillitatem,
1375 2477 1403 2500 et
1416 2477 1445 2499 ut
1460 2474 1532 2507 ipsos
1552 2474 1726 2502 conlirmarct
1741 2476 1767 2502 itt
1780 2485 1824 2503 ra-

1032 2522 1104 2548 tiune
1118 2519 1323 2547 resurrectionis
1340 2529 1345 2545 :
1363 2526 1416 2545 non
1431 2519 1503 2553 qttod
1517 2520 1574 2553 ipse
1585 2526 1706 2548 curreret
1717 2528 1826 2558 propter

1032 2566 1183 2595 mercedem
1198 2575 1205 2593 :
1218 2568 1277 2592 erat
1297 2565 1368 2592 enim
1386 2565 1522 2591 sufﬁciens
1535 2565 1559 2591 ei
1576 2568 1774 2601 remuneratio,
1799 2568 1825 2596 id

1032 2613 1120 2647 facere
1134 2611 1205 2647 quod
1218 2611 1272 2638 Deo
1286 2610 1412 2645 placeret.
1434 2609 1613 2643 Quamobrem
1627 2612 1705 2639 etiam
1719 2614 1826 2648 quando

1033 2659 1108 2692 dtcit,
1125 2658 1155 2685 Si
1165 2659 1191 2684 in
1204 2657 1251 2684 Itac
1264 2657 1315 2682 vita
1328 2664 1459 2691 speramus
1472 2657 1498 2682 in
1513 2656 1612 2683 Christo
1627 2662 1735 2690 tantum,
1751 2659 1825 2686 mise-

1033 2704 1165 2732 rabiliores
1185 2703 1300 2730 omnibus
1314 2701 1456 2728 hominibus
1470 2710 1569 2729 sumus.
1589 2703 1676 2730 Etiam
1695 2704 1749 2731 illic
1770 2713 1829 2731 rur’

1035 2757 1082 2777 sus
1095 2753 1204 2784 propter
1216 2748 1287 2779 illos,
1311 2751 1341 2775 ut
1362 2753 1435 2774 mettt
1454 2746 1532 2782 hujus
1549 2748 1664 2775 miseria:
1678 2756 1772 2776 eorum
1792 2749 1827 2776 de

1035 2796 1233 2824 resurrectione
1255 2794 1371 2829 exagitet
1394 2793 1625 2826 incredulitatem,
1641 2798 1668 2821 et
1686 2795 1719 2821 ad
1735 2802 1828 2821 eorum

1036 2842 1243 2871 imbecillitatem
1256 2848 1285 2868 se
1299 2840 1460 2872 demittctts,
1476 2839 1515 2866 sic
1526 2840 1644 2874 loquitur
1659 2847 1666 2865 :
1684 2839 1732 2866 Est
1755 2840 1826 2866 enim

1035 2895 1129 2924 magna
1149 2893 1270 2920 merces.
1294 2885 1402 2914 Christo
1417 2883 1525 2920 placere
1545 2884 1571 2911 in
1586 2885 1710 2912 omnibus
1727 2884 1828 2912 :ctiam
