2021 3117
243 153 292 181 351

241 213 343 250 absque
365 214 598 247 remuneratione.
619 222 714 250 magna
736 221 778 244 est
799 225 902 245 merces
922 224 1034 254 propter

241 260 328 294 ipsum
343 261 418 289 adire
431 261 559 297 pericula.
580 261 611 289 Si
624 262 718 289 mortui
730 271 780 290 non
792 271 944 300 resurgunt,
959 275 1033 295 man-

240 307 362 335 ducemus
379 312 403 335 et
421 308 535 336 bibantur
554 314 564 336 .'
583 316 640 335 cras
653 309 720 336 enim
735 311 880 338 moriemur.
900 312 956 341 [loc
974 314 1030 348 jam

238 353 349 380 verbum
363 357 403 380 est
417 353 561 380 irridentis.
576 353 755 387 Quamobrem
766 362 820 382 non
834 356 886 384 hoc
895 364 928 385 ex
938 366 968 386 se
979 359 1029 386 ad-

238 397 325 431 duxit,
340 397 386 425 sed
400 398 721 433 magniloquentissimum
738 401 894 435 prophetam
906 403 1030 438 produxit

237 443 344 475 lsaiam.
357 443 401 478 qui
415 443 450 471 de
471 444 505 470 iis
515 464 522 476 ,
536 444 581 479 qui
593 451 700 472 omnem
711 453 820 474 sensum
832 447 932 476 doloris
946 456 1029 478 exue-

238 493 301 515 runt
314 493 341 516 et
355 493 418 515 sunt
431 489 573 523 deplorati,
585 489 692 518 dicebat
708 490 766 519 haec
784 492 864 520 verba
882 501 888 520 :
906 494 956 527 Qui
970 503 1026 522 ma-

235 538 304 561 ctant
318 534 411 561 situlos
422 539 446 561 et
458 535 604 569 sacriﬁcant
621 543 688 570 oues,
711 542 739 564 ut
753 546 841 566 carnes
855 541 988 568 comedunt
1002 547 1026 569 et

234 581 319 607 vinum
330 581 414 608 bibant
429 590 438 610 .'
450 582 493 617 qui
502 582 599 616 dicunt,
612 583 779 613 Comedamus
791 590 815 613 et
826 586 956 620 bibamus;
969 597 1025 616 cras

232 627 300 653 enim
314 627 461 654 moriemur.
480 627 543 654 Hau:
562 634 621 655 sunt
638 635 727 664 aperta
745 631 772 658 in
795 633 900 660 auribus
919 633 1024 662 Domini

232 671 348 698 Sabaoth
362 679 372 699 :
388 677 412 699 et
424 680 475 699 non
491 674 631 701 remittetur
645 674 713 702 vobis
727 675 775 702 hoc
789 683 928 712 peccatum,
943 678 1023 707 donec

230 717 331 751 fueritis
353 718 447 744 mortui
466 717 553 752 (Irai.
565 718 611 746 22.
626 720 670 747 15.
688 720 722 748 Η
734 721 755 755 ).
783 721 812 749 Si
831 727 920 750 autem
942 725 1021 752 venia

229 767 292 789 tunc
304 762 410 790 fuerunt
425 763 519 798 privati
533 765 578 798 qui
598 765 655 792 haec
673 765 816 800 dicebant,
831 769 917 796 multo
933 771 1020 805 magis

228 807 255 834 in
270 808 366 843 gratia.
383 809 483 837 Deinde
493 817 528 837 ne
537 811 701 845 asperiorem
717 812 842 842 redderet
856 815 1017 850 orationem,

227 860 282 880 non
292 853 408 888 amplius
423 854 582 882 immoratur
593 855 619 882 in
629 856 790 886 adductione
802 859 837 886 ad
851 859 1016 896 absurdum;

225 899 274 927 sed
297 901 446 928 orationem
467 908 561 929 rursus
579 904 713 931 convertit
735 904 768 932 ad
790 905 1015 943 exhortationem,

224 944 336 973 dicens:
353 946 398 975 55.
423 946 511 974 Nolite
521 948 610 976 seduci
624 956 634 976 :
647 956 814 986 corrumpunt
834 952 912 981 bonos
934 963 1016 982 more;

223 990 351 1026 colloquia
370 999 461 1026 prava.
484 992 547 1020 Haec
570 997 660 1022 autem
679 995 797 1030 dicebat,
813 998 891 1025 simul
905 1000 1013 1034 quidem

222 1042 270 1062 eos
283 1035 421 1064 insectans
431 1040 566 1072 tamquam
580 1038 750 1074 insipientes;
767 1042 852 1070 bonos
861 1044 934 1071 enim
942 1044 1015 1073 beni-

220 1087 273 1115 gna
293 1088 326 1108 ac
347 1082 405 1109 miti
424 1083 604 1118 appellatione
626 1084 670 1112 hic
681 1085 851 1121 signiﬁcavit,
874 1089 920 1123 qui
935 1089 1013 1119 facile

221 1131 335 1160 possunt
346 1127 435 1162 decipi
448 1135 456 1160 ;
469 1128 613 1163 simulque,
625 1135 753 1165 quantum
770 1133 865 1167 potuit,
880 1142 929 1169 pro
942 1142 1013 1170 prte-

220 1172 377 1200 cedcntibus
409 1174 473 1208 ipsis
493 1174 599 1202 veniam
624 1177 794 1210 concedens,
817 1183 845 1206 et
867 1180 1009 1208 maximam

218 1223 322 1252 partem
335 1219 477 1246 criminum
490 1220 524 1247 ab
536 1220 576 1248 eis
590 1221 747 1255 propulsans
759 1227 786 1249 et
798 1224 824 1251 in
839 1224 908 1252 alios
923 1231 1009 1254 trans-

217 1261 320 1296 ferens,
345 1268 375 1290 ut
388 1263 438 1292 hac
448 1272 555 1300 quoque
569 1266 674 1294 ratione
686 1275 733 1294 eos
745 1268 894 1297 attraheret
903 1271 936 1298 ad
949 1280 1007 1306 pae-

216 1308 365 1336 nitentiam.
379 1309 455 1343 Quod
477 1311 558 1338 etiam
572 1311 599 1338 in
620 1312 739 1347 Epistola
753 1314 787 1341 ad
802 1315 909 1344 Galatas
925 1317 1005 1352 facit,

214 1353 309 1381 dicens
325 1363 333 1381 :
348 1354 398 1387 Qui
414 1360 498 1382 autem
512 1364 555 1383 vos
569 1357 712 1389 conturbat,
734 1360 842 1394 portabit
857 1362 986 1396 judicium
996 1385 1004 1397 ,

213 1400 327 1434 quisquis
341 1400 385 1427 ille
394 1400 426 1426 sit
436 1399 508 1435 (Gal.
519 1401 614 1436 5.10).
631 1402 674 1430 54.
690 1402 817 1439 Evigilate
824 1406 906 1441 justo,
922 1414 946 1435 et
959 1417 1006 1436 no-

213 1445 258 1472 lite
270 1454 383 1479 peccare.
393 1446 539 1482 Tamquam
553 1448 635 1475 ebriis
650 1449 715 1476 dicit
729 1455 756 1478 et
770 1450 930 1481 furentibus.
938 1454 1003 1483 Nam

212 1491 302 1518 omnia
317 1491 396 1518 simul
419 1497 446 1519 et
469 1497 578 1527 repente
600 1502 615 1521 e
636 1496 760 1523 manibus
780 1497 888 1532 ejicere,
913 1500 1002 1528 ebrio-

210 1544 270 1563 rum
292 1541 350 1564 erat
369 1541 396 1564 et
413 1537 568 1572 furentium,
592 1547 626 1567 eo
652 1541 723 1575 quod
746 1550 800 1570 non
819 1545 935 1580 amplius
959 1547 1000 1574 vi—

209 1582 292 1609 deant
308 1590 368 1617 quae
388 1583 530 1616 viderunt,
547 1592 633 1620 neque
655 1587 767 1615 credant
790 1589 823 1616 iis
842 1598 903 1625 qua:
927 1593 1000 1627 prius

207 1628 324 1655 confessi
340 1633 412 1656 sunt.
438 1629 507 1663 Quid
531 1635 573 1658 est
595 1636 698 1662 autem.
714 1633 811 1662 Iuste?
828 1637 867 1664 Ad
887 1638 912 1664 id
928 1640 998 1674 quod

206 1674 333 1701 conducit
351 1679 379 1702 et
400 1679 439 1702 est
458 1676 532 1703 utile.
557 1677 604 1704 Est
618 1678 689 1705 enim
706 1679 804 1714 injuste
823 1682 950 1718 evigilare
971 1691 999 1714 et

206 1720 367 1754 expergisci,
389 1721 495 1755 quando
514 1722 646 1757 quispiam
661 1723 740 1752 fuerit
752 1727 884 1756 excitatus
897 1730 929 1757 ad
951 1731 998 1758 de-

206 1766 361 1793 trimentum
376 1774 432 1794 sua:
444 1767 552 1795 animm.
577 1768 659 1797 Recte
678 1776 768 1799 autem
788 1774 890 1802 addidit
910 1777 974 1805 illud
986 1799 994 1812 ,

205 1810 294 1837 Nolite
310 1819 430 1845 peccare,
453 1812 598 1840 ostendens
621 1815 692 1849 quod
709 1816 772 1845 hinc
795 1819 849 1846 sint
871 1820 935 1856 ipsis
949 1830 994 1851 se-

203 1856 274 1882 mina
291 1855 492 1884 incredulitatis.
511 1857 565 1885 [loc
582 1866 688 1894 quoque
707 1861 770 1890 alibi
790 1864 870 1892 tacite
882 1855 993 1902 rsignili-

201 1905 264 1934 cat,
283 1901 353 1935 quod
377 1902 429 1928 vita
448 1909 573 1937 corrupta
596 1905 664 1932 mala
688 1907 779 1942 gignat
801 1901 925 1945 dogmata
942 1921 950 1941 :
965 1918 993 1942 ut

200 1946 308 1981 quando
328 1946 410 1980 dicit,
436 1948 522 1975 Rudis;
542 1950 655 1977 omnium
668 1953 793 1981 malorum
807 1962 844 1983 est
860 1959 967 1986 avaritia
980 1969 991 1988 :

199 1999 274 2026 quam
287 1993 390 2027 quidam
404 1999 548 2029 appetentes
561 1993 737 2027 aberraoerunt
753 2009 770 2028 α
784 2002 835 2036 ﬁde
857 2004 866 2039 (
878 2005 904 2032 1.
923 2005 988 2034 Tim.

198 2037 226 2065 6.
245 2038 308 2074 10).
331 2039 405 2067 Multi
430 2041 501 2068 enim
526 2042 597 2070 male
616 2044 667 2079 sibi
681 2048 791 2079 conscii,
806 2037 990 2082 nec‘volenles

198 2083 263 2111 dare
278 2091 380 2119 manas,
397 2085 431 2113 ab
451 2086 502 2114 hoc
518 2093 590 2116 metu
606 2089 738 2118 laeduntur
753 2092 779 2120 in
799 2094 850 2123 fide
864 2104 988 2127 resurre-

143 2144 145 2146 η
196 2129 312 2163 ctionis;
328 2131 397 2158 sicut
417 2131 434 2158 ii
447 2132 559 2166 ‘quidem
574 2139 648 2162 certe
663 2136 707 2171 qui
721 2138 804 2166 multa
818 2145 845 2168 et
858 2144 987 2176 praeclara

195 2180 269 2203 recte
282 2181 432 2211 gesserunt,
448 2178 567 2212 quotidie
579 2180 691 2215 cupiunt
709 2183 800 2212 videre
814 2187 887 2215 illum
902 2189 984 2218 diem.

194 2219 374 2255 lgnarantiam
387 2222 453 2248 enim
471 2221 520 2249 Dei
532 2225 636 2258 quidam
651 2227 759 2261 habent;
777 2231 811 2257 ad
824 2233 946 2267 pudorem
959 2237 985 2264 id

193 2266 262 2292 vobis
274 2266 341 2293 dico.
357 2266 423 2294 Vide
436 2270 570 2302 quomodo
587 2279 680 2300 rursus
691 2275 802 2304 crimina
817 2266 943 2310 transfert
957 2284 984 2312 in

191 2310 269 2337 alios.
294 2311 352 2338 Non
375 2313 446 2340 enim
469 2313 554 2348 dixit,
579 2316 687 2346 Habetis
712 2320 900 2360 ignorantiam,
922 2329 981 2362 sed,

191 2354 370 2390 Ignorantiam
383 2358 486 2392 quidam
499 2359 601 2388 habent.
626 2363 691 2390 Nam
705 2373 757 2394 non
772 2369 882 2399 credere
893 2380 982 2402 resur-

191 2401 305 2428 rectioni
315 2422 323 2434 ,
336 2406 377 2429 est
390 2403 447 2438 ejus
460 2405 505 2439 qui
526 2413 580 2434 non
595 2408 671 2437 valde
683 2411 735 2438 scit
748 2412 980 2451 inexpugnabilem

190 2446 238 2474 Dei
255 2447 379 2475 virtutem
395 2455 423 2477 et
440 2450 473 2478 ad
493 2453 582 2480 omnia
597 2455 786 2488 sufficientem.
803 2446 867 2490 Diam
883 2464 905 2491 si
920 2473 980 2500 quas

188 2497 251 2520 sunt
268 2493 331 2522 fecit
343 2503 376 2523 ex
390 2496 422 2524 iis
436 2505 495 2532 quas
510 2507 562 2527 non
578 2508 664 2535 erant,
685 2506 772 2533 multo
786 2509 870 2544 magis
881 2513 979 2545 poterit

187 2539 306 2567 excitare
317 2545 344 2567 et
358 2542 498 2571 restituere
511 2552 542 2572 ea
553 2553 612 2580 qua:
632 2554 695 2576 sunt
708 2539 848 2580 dissoluta.
864 2539 896 2583 Et
908 2564 977 2591 quo-

187 2584 258 2611 niam
273 2593 321 2613 eos
333 2586 505 2616 vehementer
524 2591 610 2626 tetigit
622 2598 649 2620 et
662 2602 834 2632 summopere
851 2607 898 2629 eos
915 2610 977 2630 car.

185 2630 248 2664 psit,
263 2633 463 2667 reprehendens
477 2643 524 2663 eos
544 2637 578 2665 de
595 2639 721 2674 ingluvie,
735 2630 929 2679 deignoranlia
949 2655 977 2678 et.

184 2680 294 2711 stupore
307 2686 314 2709 :
336 2679 461 2716 mitigans
476 2690 507 2710 ea
524 2692 585 2718 quae
597 2685 667 2714 dicta
682 2694 754 2722 sunt,
766 2691 832 2719 dicit
845 2702 852 2720 :
868 2694 909 2721 Ad
922 2705 979 2730 pu-

182 2721 270 2750 dorem
283 2724 352 2752 cobis
366 2725 472 2762 loquor;
495 2729 546 2757 hoc
561 2736 612 2763 est,
638 2736 667 2759 ut
680 2735 825 2771 corrigam,
851 2744 879 2766 ut
893 2721 974 2769 redu-

181 2775 251 2802 cam,
267 2776 295 2796 ut
309 2778 357 2799 vos
377 2773 478 2807 pudore
500 2775 587 2803 affecti
612 2778 762 2808 reddamini
777 2784 911 2814 meliores.
927 2788 972 2815 Ti—

182 2814 247 2840 ηιιιίι
260 2815 331 2843 enim
351 2825 384 2846 ne
395 2839 402 2852 ,
417 2819 439 2847 si
454 2820 513 2855 plus
524 2828 603 2856 quam
617 2830 666 2858 par
680 2831 751 2854 esset
763 2835 809 2857 eos
822 2832 952 2861 aecuisset
963 2855 970 2867 ,

179 2859 322 2890 resilirent.

579 153 609 182 S.
626 154 764 184 JOANNIS
776 156 1015 188 CHRYSOSTOMI
1033 161 1190 195 ARCHIEP.
1210 168 1474 203 CONSTANTINOP.

1051 860 1143 889 “dives
1155 883 1164 896 ,
1187 864 1239 893 nisi
1259 866 1372 895 alterum
1395 869 1490 900 fecerit
1509 860 1695 908 opulentum':

1823 190 1878 220 552

1120 224 1147 251 4.
1170 226 1239 260 Quos
1259 229 1358 270 Paulus
1378 234 1510 269 increpare
1524 237 1668 269 intenderit.
1681 242 1756 272 Dim
1765 253 1799 273 ca:
1807 248 1874 276 alio-

1083 271 1253 306 rum-iw‘m‘
1268 268 1336 303 dim
1346 268 1460 312 θῆῖείιαέ.
1470 281 1574 311 -Ηωο
1588 290 1676 314 autem
1689 290 1885 330 existimemus,

1083 323 1136 330 ἰλ-ι
1152 318 1203 330 ἔΙΙῗ-
1218 321 1278 330 μ41⁴κ
1310 329 1313 330 ν
1346 323 1353 330 I

1082 323 1136 344 non
1152 318 1205 346 illis
1216 321 1292 355 solis,
1306 323 1353 350 sed
1368 332 1438 353 nunc
1450 334 1557 363 quoque
1570 330 1641 359 dicta
1657 341 1717 363 esse
1730 318 1885 375 omnibqu

1513 362 1517 363 ,
1708 362 1713 363 γ
1735 362 1870 375 π---υ--υυ

1080 362 1126 396 qui
1140 364 1235 392 eodem
1256 367 1351 395 morbo
1364 369 1502 405 laborant,
1518 379 1546 401 et
1564 383 1677 411 quorum
1693 381 1744 409 vita
1759 388 1872 413 estcor-

1079 413 1167 442 rupta.
1186 409 1244 437 Non
1259 413 1329 440 enim
1353 414 1370 441 ii
1385 416 1471 444 solum
1489 419 1533 454 qui
1554 409 1622 449 mala
1640 423 1739 454 habent

1079 455 1121 484 ta,
1137 454 1184 481 sed
1201 455 1219 482 ii
1232 457 1312 485 etiam
1328 460 1509 501 qui’gravibus
1523 470 1647 496 tenentur
1660 454 1870 507 peccatisfsunt

1077 498 1143 526 ebrii
1168 505 1195 528 et
1217 501 1360 537 desipiunt.
1376 497 1553 540 Quamobrem
1567 512 1621 540 illis

1076 543 1157 572 fuerit
1169 545 1246 580 illud,
1263 548 1393 584 Evigilate
1405 560 1452 580 seu
1465 543 1679 591 expergiscimini
1689 543 1738 594 ;Iet
1751 567 1866 595 maxime

1075 589 1108 617 iis
1122 591 1166 626 qui
1180 598 1243 620 sunt
1255 597 1356 630 gravati
1370 603 1481 627 veterno
1491 604 1621 637 avaritize,
1636 606 1669 633 iis
1680 609 1726 642 qui
1743 610 1865 645 improbe

1074 636 1192 669 rapiunt.
1209 637 1255 666 Est
1271 641 1342 668 enitn
1358 642 1426 670 bona
1441 647 1543 680 rapina,
1560 636 1657 685 nempe
1676 636 1767 688 rapina
1781 636 1864 684 ἐπιο-

1073 688 1132 708 rum
1147 690 1206 717 qua:
1218 685 1283 712 nihil
1299 686 1380 715 laedit.
1394 688 1461 717 Nam
1475 691 1500 718 in
1516 695 1635 727 pecuniis
1647 685 1754 728 quidem
1771 704 1863 737 nequit

1073 725 1129 753 fieri
1143 733 1172 754 ut.
1185 729 1316 765 quispiam
1329 733 1426 762 evadat
1437 725 1529 770 dives,
1545 739 1595 767 nisi
1610 725 1679 769 alius
1690 725 1861 778 prius

1071 770 1105 798 sit
1121 779 1237 808 pauper;
1263 776 1289 803 in
1310 778 1492 812 spiritualibus
1515 789 1605 812 autem
1629 770 1731 817 non-ita
1746 770 1860 825 ξείνω-ι]

1070 819 1155 844 totum
1170 821 1335 849 contrarium
1350 831 1357 850 :
1375 823 1432 852 ﬁeri
1449 833 1501 854 non
1516 834 1605 863 potest
1620 837 1648 860 ut
1667 819 1799 870 quispiam
1814 839 1860 868 fiat

1720 883 1821 910 etenim
1835 885 1857 912 si

1067 908 1166 935 nemini
1187 911 1336 946 profueris,
1356 922 1409 942 non
1423 918 1524 951 poteris
1536 919 1605 948 eflici
1619 908 1855 958 opulentusﬁam.

1066 951 1094 979 in
1107 956 1291 988 corporalibus
1300 959 1408 993 quidem
1420 965 1540 998 erogatio
1549 967 1629 995 efficit

1065 997 1093 1025 in
1107 1000 1292 1034 spiritualibus
1311 1010 1401 1034 autem
1422 997 1542 1045 evagatio
1564 1019 1692 1047 aperatur
1715 997 1854 1048 abundau:

1065 1044 1128 1072 liam
1139 1066 1147 1079 ,
1161 1051 1189 1074 et
1203 1055 1259 1076 non
1273 1049 1436 1085 impertiisse
1445 1074 1454 1087 ,
1480 1055 1531 1084 hoc
1543 1058 1654 1087 multam
1668 1064 1774 1091 conficit
1790 1073 1856 1100 pau-

1063 1095 1194 1123 pertatem
1214 1097 1242 1121 et
1259 1094 1340 1123 infert
1360 1097 1482 1127 ultimum
1498 1104 1669 1137 supplicium.
1692 1107 1748 1136 Hoc
1762 1094 1851 1140 alitem

1061 1136 1179 1164 ostendit
1191 1137 1214 1164 is
1226 1140 1270 1174 qui
1285 1140 1379 1169 infodit
1393 1136 1649 1178 talentum.f£tenim
1663 1154 1707 1188 qui
1721 1136 1851 1186 rationem

1061 1179 1142 1209 habet
1161 1185 1309 1219 sapientiae,
1324 1192 1352 1215 et
1369 1189 1415 1217 alii
1432 1191 1573 1228 impertiit,
1594 1179 1678 1233 auge;
1686 1202 1796 1237 copias,
1823 1210 1851 1233 ut

1060 1227 1105 1260 qui
1119 1228 1216 1257 multos
1230 1230 1323 1259 fecerit
1336 1235 1489 1269 sapientes:
1501 1239 1546 1274 qui
1558 1227 1646 1270 autem
1659 1227 1732 1274 domi
1741 1227 1848 1278 abs'cou.

1058 1271 1107 1305 dit,
1119 1275 1236 1310 seipsum
1251 1278 1364 1312 privavit
1378 1284 1474 1318 copiis,
1492 1271 1582 1322 utqui
1596 1297 1649 1317 non
1663 1294 1763 1326 pararit
1778 1298 1848 1325 mul-

1058 1322 1146 1347 torum
1171 1322 1324 1352 utilitatem.
1347 1326 1452 1356 Rursus
1475 1332 1519 1366 qui
1542 1333 1593 1360 alia
1617 1322 1697 1365 habet
1720 1339 1801 1375 dona,
1824 1344 1847 1371 si

1056 1365 1154 1394 multos
1173 1372 1322 1404 curaverit,
1349 1365 1521 1410 amplificavit
1543 1379 1713 1412 donationem
1729 1395 1736 1413 :
1750 1392 1777 1414 et
1794 1365 1848 1418 'nec

1055 1414 1211 1448 erogatinue
1232 1416 1281 1444 fuit
1302 1418 1359 1453 ipse
1382 1421 1548 1456 exinanitus,
1571 1431 1599 1454 ct
1614 1429 1712 1458 multos
1727 1431 1846 1467 implevit

1054 1458 1185 1492 spirituali
1201 1461 1357 1493 donatione.
1373 1466 1406 1493 Et
1420 1467 1446 1495 in
1463 1470 1588 1498 omnibus
1601 1458 1844 1507 spiritualibursfi-r-I

1053 1510 1096 1530 ma
1111 1510 1137 1532 et
1150 1506 1255 1534 stabilis
1270 1515 1408 1542 permanet
1421 1512 1479 1541 lucc
1491 1517 1591 1550 regula.
1608 1506 1646 1547 ita
1664 1522 1744 1550 etiam
1759 1524 1785 1551 in
1799 1533 1843 1554 re-

1052 1557 1115 1585 gno,
1130 1551 1176 1585 qui
1191 1553 1231 1580 sui
1246 1556 1319 1590 regni
1335 1557 1434 1586 multos
1447 1560 1533 1589 reddit
1548 1566 1706 1601 participes,
1723 1569 1773 1597 hac
1784 1579 1843 1599 rur-

1051 1602 1097 1623 sus
1108 1597 1210 1625 rationc
1225 1607 1257 1627 eo
1273 1601 1331 1635 ipse
1343 1604 1428 1638 magis
1438 1604 1542 1634 fruetur
1555 1617 1562 1634 :
1576 1611 1621 1645 qui
1635 1597 1722 1641 autem
1737 1616 1841 1646 nullum

1049 1643 1139 1671 studet
1154 1644 1253 1674 habere
1264 1649 1366 1676 socium
1377 1657 1408 1677 ac
1421 1643 1592 1688 participem,
1605 1657 1662 1692 ipse
1676 1667 1782 1696 quoque
1794 1671 1840 1690 ωτι

1049 1687 1120 1715 cidet
1132 1697 1147 1716 a
1161 1693 1265 1726 magnis
1280 1693 1332 1721 illis
1345 1694 1432 1723 bonis.
1461 1697 1487 1725 Si
1503 1687 1574 1727 enim
1587 1687 1716 1737 sapienfia
1732 1687 1839 1737 slensilis

1048 1740 1101 1760 non
1112 1737 1280 1764 consumitur
1294 1738 1532 1771 innumerabilibus
1544 1747 1711 1781 rapientibus
1720 1772 1728 1784 ,
1751 1761 1839 1789 neque

1048 1778 1140 1789 -_a!l‘,_
1157 1787 1189 1789 .,,,
1205 1781 1221 1789 I.
1287 1783 1311 1789 nn
1332 1784 1337 1789 ι
1446 1788 1449 1789 ν

1046 1778 1142 1806 artifex
1156 1781 1255 1809 multos
1268 1783 1388 1813 efficiens
1401 1788 1518 1817 artifices
1532 1778 1618 1825 perdit
1632 1799 1716 1824 artem
1732 1806 1739 1824 :
1753 1778 1837 1828 indito

1045 1825 1131 1859 magis
1152 1827 1197 1860 qtti
1224 1835 1333 1864 regnum
1359 1833 1444 1866 rapit,
1470 1836 1559 1864 minus
1573 1838 1636 1867 illud
1651 1849 1703 1869 non
1717 1825 1834 1880 effici—etv:

1044 1870 1092 1896 sed
1107 1875 1169 1898 tunc
1182 1873 1259 1901 nobis
1272 1875 1389 1911 majores
1398 1885 1478 1907 erunt
1489 1881 1599 1918 divitiae,
1615 1889 1723 1921 quando
1735 1870 1835 1921 multos

1043 1915 1077 1942 ad
1092 1915 1119 1943 id
1139 1920 1333 1949 vocaverimus.
1347 1922 1491 1959 Rapiamus
1504 1936 1569 1964 ergo
1581 1939 1612 1960 ea
1625 1940 1685 1967 qua:
1698 1943 1751 1964 non
1766 1945 1832 1966 con-

1042 1967 1200 1997 sumuntur,
1221 1965 1268 1992 sed
1282 1966 1344 1994 dum
1360 1971 1499 2004 rapiuntur
1512 1976 1596 2010 magis
1608 1965 1747 2009 abundant
1760 1991 1768 2011 ι
1784 1991 1830 2011 ra-

1041 2005 1146 2040 piamus
1158 2015 1189 2036 ea
1202 2017 1262 2044 quae
1276 2013 1377 2041 nullum
1391 2014 1491 2045 habent
1509 2020 1728 2052 calumniatorem
1738 2047 1746 2060 ,
1770 2030 1831 2057 nul--

1040 2052 1096 2080 lum
1116 2054 1160 2089 qui
1179 2055 1307 2085 invideat.
1323 2059 1430 2088 Etenim
1451 2063 1473 2090 si
1497 2066 1556 2092 auri
1581 2067 1656 2096 locus
1680 2076 1752 2100 esset
1767 2081 1830 2107 per-

1039 2105 1137 2127 ennem
1159 2096 1261 2130 ha'bens
1286 2103 1387 2133 fontem
1411 2110 1611 2145 scaturientem,
1638 2118 1667 2141 et
1689 2123 1723 2143 eo
1745 2096 1829 2154 mragis

1789 2144 1827 2154 Γ

1038 2144 1172 2180 afflueret,
1186 2155 1239 2183 quo
1254 2151 1337 2185 magis
1347 2152 1550 2190 exhauriretur;
1570 2159 1638 2187 alius
1653 2166 1741 2190 autem
1757 2169 1829 2194 esset

1037 2191 1112 2221 locus
1123 2194 1224 2223 habens
1238 2197 1391 2226 thesaurqu
1408 2201 1536 2231 infossum
1549 2213 1556 2230 :
1570 2213 1603 2234 ex
1618 2212 1679 2235 utro
1691 2210 1773 2238 velles
1785 2211 1826 2240 di-

1037 2241 1140 2267 tescere
1151 2241 1162 2266 ‘t
1174 2248 1208 2267 an
1223 2249 1276 2270 non
1291 2251 1324 2271 ex
1337 2244 1401 2272 illo?
1420 2246 1468 2275 Est
1480 2255 1554 2277 certe
1569 2253 1749 2287 perspicuum.
1773 2257 1826 2285 Sed

1035 2291 1070 2311 ne
1083 2285 1172 2313 verbis
1186 2286 1237 2314 hoc
1248 2288 1335 2316 solum
1348 2290 1515 2327 ef'fiugamus,
1529 2297 1600 2330 quod
1612 2285 1712 2327 dictum
1728 2307 1769 2329 est
1780 2310 1826 2331 co-

1034 2330 1116 2366 gitate
1135 2333 1162 2360 in
1181 2340 1244 2361 aere
1256 2339 1284 2362 et
1294 2335 1321 2363 in
1336 2337 1393 2365 sole
1410 2347 1417 2365 :
1433 2346 1464 2366 ea
1478 2342 1550 2368 enim
1563 2344 1703 2379 rapiuntur
1716 2347 1750 2375 ab
1764 2356 1824 2377 om-

1033 2377 1123 2410 nibus,
1144 2383 1172 2406 et
1186 2387 1279 2408 omnes
1294 2382 1427 2417 implent:
1444 2386 1491 2414 sed
1511 2387 1568 2416 haec
1588 2377 1694 2425 quidem
1715 2400 1825 2423 manent

1032 2423 1141 2457 similia,
1155 2431 1169 2452 a
1184 2425 1333 2456 fruentibus
1346 2434 1373 2456 et
1383 2437 1435 2458 non
1449 2423 1604 2463 fruentibus”
1615 2444 1668 2465 non
1682 2438 1823 2469 diminuta.

1032 2469 1108 2504 Quod
1121 2475 1211 2499 autem
1222 2472 1276 2500 dixi
1290 2479 1330 2501 est
1344 2476 1430 2504 multo
1442 2478 1539 2513 majus.
1558 2480 1616 2509 Non
1635 2484 1707 2512 enim
1732 2491 1824 2515 manet

1031 2515 1127 2544 similis
1151 2518 1298 2552 spiritualis
1320 2521 1469 2557 sapientia,
1495 2525 1518 2552 si
1538 2526 1713 2557 distribuatur
1727 2536 1754 2560 et
1768 2540 1821 2561 non

1029 2560 1215 2597 distribuatur,
1238 2565 1285 2593 sed
1310 2568 1395 2603 magis
1409 2574 1521 2605 augetur
1538 2573 1560 2599 si
1581 2573 1764 2605 distribuatur.
1793 2560 1821 2607 Si

1029 2607 1090 2642 quis
1101 2613 1190 2636 autem
1206 2617 1261 2638 non
1275 2610 1345 2639 ferat.
1358 2621 1390 2640 ea
1405 2622 1464 2650 quae
1479 2616 1550 2644 dicta
1571 2624 1633 2647 sunt
1645 2641 1653 2653 ,
1667 2622 1715 2649 sed
1733 2623 1822 2652 adhuc

1028 2661 1118 2682 rerum
1132 2655 1165 2683 ad
1180 2657 1281 2685 victum
1295 2660 1484 2693 pertinentium
1499 2663 1595 2692 afﬁxus
1608 2666 1644 2693 sit
1657 2667 1764 2703 inopitc,
1788 2678 1819 2698 ea

1027 2706 1087 2734 qute
1100 2699 1231 2730 diminuta
1245 2708 1306 2731 sunt
1319 2705 1444 2740 rapiens;
1460 2707 1487 2734 in
1501 2708 1554 2737 hoc
1568 2717 1674 2746 quoque
1687 2699 1781 2741 rursus
1792 2715 1819 2742 in
1870 2711 1874 2713 ’

1027 2748 1184 2775 memoriam
1208 2753 1316 2778 revocet
1340 2759 1445 2780 manune
1469 2753 1643 2790 alimentum,
1678 2764 1705 2786 et
1728 2760 1820 2788 timeat

1026 2792 1178 2828 exemplum
1194 2795 1327 2830 supplicii.
1338 2797 1414 2830 Quod
1428 2799 1500 2840 enim
1513 2800 1538 2827 in
1550 2801 1595 2829 illo
1608 2803 1755 2838 accidebat,
1768 2805 1818 2833 hoc

1026 2839 1106 2866 etiam
1130 2839 1219 2868 videre
1244 2841 1304 2870 licet
1326 2843 1352 2871 in
1375 2844 1407 2872 iis
1428 2846 1473 2881 qui
1494 2855 1564 2876 nunc
1587 2850 1815 2885 superabundant.
