1986 3128
267 153 322 181 355

266 209 314 236 ἐπὶ
327 208 375 236 τοῦ
388 209 480 245 ἡλίου·
495 207 582 235 ταῦτα
599 207 653 242 γὰρ
673 206 825 242 ἀρπάζεται
841 205 918 241 παρὰ
931 204 1053 236 πάντων,

265 263 314 282 και
327 255 432 286 πάντας
447 254 545 289 πληροῖ
557 261 564 268 ’
577 252 648 280 ἀλλά
660 251 747 278 ταῦτα
763 251 823 286 μὲν,
844 251 892 277 καὶ⁸
905 250 1056 277 ἀπολαυόν-

264 309 320 328 των
336 302 382 328 καὶ
400 299 437 336 μὴ
460 299 664 329 ἀπολαυόντων,
680 298 762 332 ὃμοια
781 296 857 331 μένει
875 296 912 331 μὴ
929 295 1056 322 ἐλαττού-
1089 331 1094 343 ι

265 355 345 381 μενα.
364 347 397 373 Ὃ
410 346 439 372 δὲ
453 345 508 379 ἐγὼ
523 342 611 375 εἷπον,
634 343 724 377 πολλῷ
742 341 834 378 μεῖζόν
849 343 933 368 ἐστιν.
948 342 985 368 Οὐ
1001 342 1055 377 γὰρ

263 392 344 426 ὁμοία
359 391 434 426 μένει
450 392 465 426 ἡ
482 390 655 424 πνευματικὴ
671 389 751 422 σοφία
767 388 937 422 διαδιδομένη
952 388 1000 414 καὶ
1016 388 1054 422 μὴ

264 436 446 471 διαδιδομένη,
461 435 520 461 ἀλλ’
536 434 648 467 αὒξεται
663 434 763 468 μᾶλλον
775 433 956 467 διαδιδομένη.
980 432 1012 458 El
1024 432 1054 459 δέ

262 491 308 514 τις
323 483 373 509 οὐκ
389 482 516 517 ἀνέχεται
541 481 596 508 τῶν
619 480 782 516 εἰρημένων,
806 480 864 507 ἀλλ’
878 479 919 506 ἔτι
943 480 976 514 τῇ
1000 479 1055 505 τῶν

264 527 399 562 βιωτικῶν
412 527 583 562 προστέτηκε
599 526 679 561 πενίᾳ
692 526 825 561 ἁρπάζων
840 525 874 552 τὰ
889 525 1054 559 ἐλαττούμε-

262 581 306 603 να,
323 574 375 599 κάν
404 572 492 607 τούτῳ
510 572 590 598 πάλιν
610 571 859 606 άναμιμνησκέσθω
880 571 932 605 τῆς
952 571 1055 606 τροφῆς

261 618 310 644 τοῦ
335 618 432 653 μάννα,
453 618 501 644 καὶ
521 617 656 652 φοὸείσθω
669 617 700 643 τὸ
715 616 891 651 παράδειγμα
910 616 959 651 τῆς
980 616 1057 643 κολά-

263 671 343 694 σεως.
362 663 452 697 Ὅπερ
475 662 530 696 γὰρ
551 662 594 688 ἐπ’
611 661 719 696 ἐκείνης
744 661 895 693 συνέὸαινε,
910 661 989 687 τοῦτο
1008 661 1056 687 καὶ

262 706 310 732 ἐπὶ
317 706 372 732 τῶν
382 706 617 733 πλεονεκτούντων
625 705 672 733 νῦν
682 705 808 732 ἐκϐαῖνον
819 705 893 731 ἐστιν
903 706 1012 732 ίδεῖν.Τί
1026 706 1055 732 δὲ

261 746 323 773 τότε
335 747 474 774 συνέϐαινε
482 756 488 780 ;
497 747 642 781 Σκώληκες
651 747 749 782 έὸρυον
759 747 813 773 ἀπὸ
821 747 869 782 τῆς
886 747 1054 780 πλεονεξίας.

297 801 383 828 Τοῦτο
405 801 453 828 καὶ
472 800 522 828 νῦν
543 801 649 835 γίνεται
669 801 715 826 ἐπὶ
735 799 847 827 τούτων.
865 800 907 833 ,Τὸ
931 801 980 835 μὲν
999 800 1054 835 γὰρ

262 847 363 883 μέτρον
374 846 425 881 τῆς
449 846 554 881 τροφῆς
572 845 603 871 τδ
617 845 683 871 αὐτὸ
703 844 806 871 amur
824 844 890 878 μίαν
912 843 966 878 7&9
984 844 1055 878 πλη-

261 893 364 928 ροῦμεν
373 892 497 927 γαστέρα
508 899 515 906 ·
531 892 547 927 ή
568 891 597 917 δὲ
619 891 723 926 κόπρος
736 890 812 925 παρὰ
829 890 871 916 σοὶ
895 889 997 916 πλείων
1014 889 1055 925 τῷ

259 938 409 974 τρυφῶντι.
428 938 483 965 Καὶ
508 937 634 972 καθάπερ
648 930 714 963 ¹ἐκεῖ
733 938 762 963 ἐν
777 937 837 968 ταῖς
858 936 959 968 οἰκίαις
978 937 1003 963 οί
1023 936 1054 962 τὸ

260 983 343 1010 πλέον
356 983 403 1009 τοῦ
422 982 616 1018 νενομισμένου
631 982 816 1015 συλλέγοντες,
831 981 860 1007 οὐ
883 981 972 1016 μάννα
988 989 1054 1008 συν-

259 1029 338 1064 ῆγον,
358 1029 426 1056 ἀλλά
448 1028 593 1063 σκώληκας
615 1027 723 1059 πλείους
746 1028 792 1054 καὶ
811 1027 961 1062 σηπεδόνα·
981 1027 1054 1054 οὕτω

258 1073 296 1107 δὴ
309 1073 358 1099 καὶ
368 1073 397 1099 ἐν
411 1073 444 1107 τῇ
457 1073 548 1107 τρυφῇ
568 1072 615 1098 καὶ
633 1073 662 1098 ἐν
683 1073 718 1106 τῇ
736 1071 888 1107 πλεονεξίᾳ,
902 1071 933 1098 οὐ
947 1071 1052 1107 τροφὴν

260 1118 382 1151 πλείονα,
394 1118 464 1144 ἀλλὰ
476 1118 581 1154 φθορὰν
595 1118 705 1145 πλείονα
720 1118 884 1152 συνάγουσιν
897 1117 923 1143 οἱ
937 1125 1052 1153 γαστρι-

261 1163 370 1198 ζόμενοι
383 1165 429 1190 καὶ
443 1164 599 1198 μεθύοντες.
627 1164 696 1190 Ἀλλ’
710 1164 784 1199 ὅμως
807 1164 928 1198 τοσούτῳ
943 1164 1052 1199 χείρους

259 1207 373 1234 ἐκείνων
385 1208 408 1233 οί
419 1207 476 1241 νῦν,
485 1208 540 1243 ὅσῳ
551 1209 650 1234 ἐκεῖνοι
667 1208 716 1243 μὶν
731 1207 804 1239 ἅπαξ
814 1208 945 1238 παθόντες
959 1207 1050 1240 τοῦτο,

259 1251 517 1286 ἐσωφρονίσθησανο
535 1249 606 1278 οὗτοι
620 1251 649 1278 δὲ
663 1250 724 1277 καθ’
741 1250 861 1286 ἑκάστην
881 1250 987 1286 ἡμέραν
1005 1251 1051 1277 τὸν

259 1296 390 1332 σκώληκα
402 1296 496 1322 τοῦτον
511 1297 616 1323 ἐκείνου
634 1296 724 1331 πολλῷ
737 1296 926 1331 χαλεπώτερον
946 1297 987 1327 εἰς
1001 1297 1051 1328 τάς

257 1341 348 1373 οἰκίας
361 1341 410 1373 τὰς
420 1341 526 1368 ἑαυτῶν
538 1342 704 1376 εἰσάγοντες,
717 1341 779 1368 οὔτε
793 1341 975 1375 αἰσθάνονται,
989 1341 1051 1368 οὔτε

258 1387 444 1422 κορέννυνται.
464 1387 525 1413 Ὅτι
541 1387 596 1422 γὰρ
613 1387 701 1413 ταῦτα
711 1387 827 1418 ἐκείνοις
837 1386 909 1413 ἔοικε
925 1387 996 1414 κατά
1005 1387 1050 1413 τὸν

257 1433 308 1467 τῆς
329 1432 523 1467 ματαιοπονίας
547 1432 627 1466 λόγον
667 1433 709 1468 (τῇ
735 1433 789 1468 γὰρ
814 1433 935 1468 τιμωρία
959 1432 1050 1467 πολλῷ

256 1479 343 1506 ταῦτα
361 1479 561 1514 χαλεπώτερα),
580 1479 705 1506 ἐντεῦθεν
722 1480 828 1506 σκόπει.
842 1480 902 1506 Τίνι
917 1479 972 1515 7&9
989 1480 1049 1506 δια-

257 1524 337 1560 φέρει
353 1526 368 1551 ὀ
384 1525 511 1556 πλούσιος
534 1525 581 1551 τοῦ
602 1526 730 1560 πένητοςς
753 1525 801 1560 οὐχ
822 1525 851 1552 ἐν
874 1525 953 1560 σῶμα
971 1533 1049 1560 περι-

257 1570 366 1602 ϐάλλεις
391 1570 421 1596 οὐ
443 1571 509 1606 μίαν
528 1570 624 1605 τρέφει
647 1570 788 1606 γαστέρα;
813 1570 867 1597 τίνι
888 1569 935 1597 οὖν
952 1571 1049 1598 πλεον-

257 1617 331 1642 εκτεῖ
351 1624 358 1647 ;
383 1615 449 1647 Ταῖς
473 1616 606 1651 φροντίσι,
635 1615 673 1650 τῷ
699 1616 879 1648 δαπανᾶσθαι,
912 1616 952 1652 τῷ
979 1625 1050 1653 παρ-

257 1661 368 1688 ακούειν
382 1661 460 1693 Θεοῦ,
473 1661 512 1695 τῷ
531 1661 699 1696 διαφθείρειν
715 1661 765 1697 τὴν
779 1662 879 1697 σάρκα,
896 1662 935 1696 τῷ
950 1663 1050 1698 λυμαί-

257 1706 352 1732 νεσθαι
364 1706 414 1741 τὴν
429 1706 529 1741 ψυχήν.
545 1706 639 1732 Ταῦτα
660 1706 714 1742 γάρ
735 1707 818 1739 ἐστιν,
835 1705 876 1739 οἷς
890 1708 1050 1736 πλεονεκτεῖ

255 1751 303 1777 τὸν
317 1751 421 1786 πένητα
432 1759 439 1766 °
466 1751 502 1783 ὡς
519 1751 546 1778 εῐ
563 1760 595 1786 γε
617 1752 731 1783 πολλοὺς
752 1752 873 1788 ἐπλήρου
899 1754 1047 1790 γαστέρας,

256 1797 326 1831 τάχα
342 1806 368 1823 τι
384 1797 431 1823 καὶ
451 1797 541 1831 λέγειν
564 1795 646 1833 εἶχεν,
670 1795 725 1824 οἷον
739 1798 780 1824 ὅτι
798 1798 899 1825 πλείων
923 1800 940 1834 ἡ
958 1801 1047 1834 χρεία,

256 1843 305 1869 καὶ
321 1843 420 1878 μείζων
437 1844 454 1878 ἡ
473 1844 523 1878 τῆς
546 1844 669 1878 δαπάνης
688 1844 805 1878 ἀνάγκη.
832 1844 915 1872 Ἀλλὰ
932 1847 979 1872 καὶ
1001 1846 1050 1873 νῦν

256 1888 359 1923 έχουσι,
374 1889 467 1924 φησὶν,
482 1890 579 1922 εἰπεῖν,
598 1890 639 1916 ὅτι
651 1889 752 1921 πολλάς
768 1890 914 1926 πληροῦσι,
926 1892 975 1924 τὰς
992 1892 1049 1919 τῶν

255 1935 380 1966 οἰκετῶν,
394 1935 444 1967 τὰς
455 1935 508 1962 τῶν
526 1935 734 1970 θεραπαινίδων.
756 1935 826 1962 Ἀλλ’
841 1938 872 1963 οὐ
887 1937 981 1972 χρείας
995 1938 1050 1964 ἐνε-

256 1989 314 2013 κεν,
329 1981 392 2007 οὐδέ
415 1980 621 2016 φιλανθρωπίας
637 1981 716 2008 τοῦτο
736 1982 839 2016 γίνεται
853 2003 860 2014 ,
880 1983 948 2009 ἀλλά
963 1983 1048 2017 τύφου

257 2025 348 2060 μόνον.
360 2025 421 2052 ὅθεν
427 2025 482 2052 οὐδ’
491 2026 524 2052 ἂν
532 2026 676 2061 ἀνάσχοιτό
683 2035 724 2058 τις
731 2027 780 2061 τῆς
791 2027 940 2062 ἀπολογίας
946 2028 1047 2056 αὐτῶν.

291 2106 323 2130 ε’.
339 2103 389 2129 Διὰ
401 2103 428 2129 τί
443 2101 498 2138 γὰρ
510 2102 623 2133 πολλοὺς
635 2101 690 2137 ἔχει
701 2102 808 2134 οἰκέτας
817 2112 825 2135 ;
834 2103 940 2140 ’Ὠσπερ
950 2104 1005 2140 γὰρ
1019 2106 1049 2132 ἐν

256 2149 376 2184 ἱματίοις
388 2148 437 2183 τὴν
449 2149 544 2183 χρείαν
558 2146 667 2174 διώκειν
682 2147 722 2173 δεῖ
737 2148 826 2182 μόνον,
840 2151 885 2176 καὶ
901 2151 930 2176 ἐν
945 2151 1048 2184 τραπέ-

255 2195 302 2231 ζῃ,
317 2194 389 2220 οὓτω
400 2193 451 2224 ,καὶ
461 2195 489 2219 ἐν
504 2193 634 2224 οίκέταις.
651 2194 698 2224 Τίς
714 2192 760 2220 οὐν
779 2195 796 2229 ὴ
812 2196 910 2230 χρεία;
925 2197 982 2223 Οὐκ
1002 2196 1048 2223 ἕσ-

254 2250 299 2267 τιν
312 2240 437 2276 οὐδεμία.
454 2239 510 2266 Καὶ
523 2239 577 2275 γὰρ
596 2240 637 2266 ἐν),
652 2239 697 2266 τὸν
714 2241 762 2267 ’ένα
777 2241 897 2276 χρῆσθαι
914 2243 1048 2280 δεσπότην

254 2287 348 2321 οἰκέτῃ
363 2286 443 2321 μόνον
458 2286 555 2322 ἐχρῆν·
573 2286 673 2321 μᾶλλον
685 2286 713 2313 δὲ
727 2287 831 2314 καὶδύο
849 2289 897 2316 καὶ
913 2292 986 2325 τρεῖς
1004 2291 1048 2318 δε-

258 2333 359 2363 σπότας
376 2333 416 2358 ἐνὶ
429 2332 532 2368 οίκέτῃ.
551 2333 583 2359 Ei
599 2332 628 2358 δὲ
652 2332 720 2368 βαρὺ
738 2333 827 2367 τοῦτο,
843 2335 968 2370 ἐννόησον
984 2337 1048 2369 τοὺς

254 2378 315 2404 οὐδὲ
332 2378 380 2404 ’ένα
392 2377 513 2413 ἔχοντας,
526 2378 572 2405 καὶ
590 2378 778 2415 εὐκολωτέρας
791 2380 978 2414 ἀπολαύοντας
1005 2383 1048 2410 θε-

255 2423 371 2459 ραπείας
388 2432 395 2438 ”
410 2424 457 2450 καὶ
471 2424 525 2459 γάρ
536 2424 685 2460 αὐτάρκεις
700 2426 734 2461 τῇ
748 2425 872 2462 διακονίᾳ
892 2429 925 2463 τῇ
941 2428 1047 2456 ἑαυτῶν

256 2469 383 2503 ἐποίησεν
403 2469 417 2494 ό
438 2469 515 2501 Θεὸς,
536 2469 636 2504 μᾶλλον
651 2469 679 2496 δὲ
697 2470 745 2496 καὶ
757 2471 790 2505 τῇ
806 2471 852 2497 τοῦ
874 2471 997 2508 πλησίον.
1015 2474 1046 2501 El

255 2513 284 2539 δὲ
293 2513 428 2545 ἀπιστεῖς.
445 2514 526 2540 ἀκουε
541 2514 647 2541 Παύλου
671 2514 797 2549 λέγοντος
815 2523 823 2530 ·
851 2516 917 2550 Ταῖς
933 2519 1047 2552 χρείαις

252 2567 323 2593 μου,
344 2558 395 2585 καὶ
409 2558 485 2595 [585]
505 2560 567 2592 τοῖς
580 2558 651 2587 οὖσι
667 2561 732 2595 μετ’
756 2561 830 2597 ἐμοῦ
850 2564 1048 2598 ὑπηρέτησαν

254 2605 285 2630 αι
299 2605 397 2639 χεῖρες
414 2603 513 2633 αὗται.
541 2603 607 2633 Εἶτα
628 2607 642 2633 ὁ
662 2606 711 2641 μὲν
725 2607 774 2642 τῆς
791 2609 954 2646 οἰκουμένης
973 2611 1047 2638 διδά-

256 2651 354 2683 σκαλος
367 2651 414 2677 καὶ
427 2651 481 2678 τῶν
493 2652 615 2686 οὐρανῶν
628 2652 703 2686 ἄξιος
720 2654 770 2680 οὐκ
795 2655 926 2690 ᾐσχύνετο
940 2657 1048 2692 μυρίοις

255 2697 400 2732 ὑπηρετῶν
414 2705 421 2712 ·
439 2697 472 2723 σὺ
487 2697 526 2729 δὲ,
547 2699 571 2723 εί
590 2698 628 2733 μὴ
642 2698 743 2730 πολλάς
763 2701 922 2735 περιφέρεις
945 2703 1047 2738 ἀνδρα-

255 2743 344 2769 πόδων
357 2742 468 2777 ἀγέλας,
482 2743 594 2777 αἰσχρὸν
609 2741 677 2769 εἶναι
694 2744 823 2778 νομίζεις,
844 2747 894 2774 οὐκ
912 2748 990 2780 εἰδὼς
1004 2749 1045 2776 ὅτι

254 2787 334 2814 τοῦτο
347 2788 396 2823 μὲν
410 2786 456 2815 οὖν
468 2787 587 2823 μάλιστά
605 2789 664 2814 ἐστι
681 2789 712 2815 τὸ
732 2792 911 2826 καταισχῦνόν
924 2802 968 2827 ca;
991 2795 1046 2821 Καὶ

257 2834 311 2869 γὰρ
321 2833 365 2861 διὰ
385 2833 465 2861 τοῦτο
485 2833 530 2860 καὶ
553 2833 648 2869 χεῖρας
671 2834 737 2869 ἡμῖν
760 2835 858 2864 ἔδωκεν
879 2838 893 2864 ό
913 2838 979 2872 Θεὸς
999 2840 1045 2868 καὶ

624 150 653 177 S.
671 146 814 176 JOANNIS
831 144 1077 174 CHRYSOSTOMI
1095 144 1257 174 ARCHIEP.
1278 145 1556 175 CONSTANTINOP.

1840 151 1887 179 355

1109 203 1205 235 πόδας,
1229 203 1272 231 ἵνα
1295 204 1333 240 μὴ
1355 204 1479 239 δεώμεθα
1499 205 1621 232 οἰκετῶν.
1637 205 1704 232 Οὐδέ
1726 207 1780 242 γάρ
1801 209 1889 244 χρείας

1106 247 1199 274 ἓνεκεν
1211 248 1243 274 τὸ
1266 249 1320 275 τῶν
1342 249 1444 276 δούλων
1464 250 1615 286 ἐπεισήχθη
1641 251 1736 285 γένος,
1754 253 1814 279 ἐπεὶ
1826 255 1890 289 μετά

1105 293 1153 321 τοῦ
1175 294 1261 330 ’Δδὰμ
1279 295 1401 331 ἐπλάσθη
1422 295 1455 322 ἂν
1475 296 1524 323 κα)⁵
1541 296 1634 329 δοῦλος
1654 305 1661 312 ’
1679 298 1738 325 ἀλλ’
1757 300 1890 336 ἁμαρτιας

1106 340 1164 366 ἐστὶ
1176 340 1207 367 τὸ
1221 341 1368 376 ἐπιτίμιον,
1387 341 1436 369 καὶ
1455 342 1505 377 τῆς
1527 343 1702 379 παρακοῆςή
1721 345 1839 377 κόλασις.
1863 347 1890 372 '0

1106 386 1135 412 δὲ
1149 387 1267 421 Χριστος
1287 388 1520 423 παραγενόμενος,
1536 388 1584 415 καὶ
1604 388 1683 415 τοῦτο
1703 389 1816 416 ἔλυσεν·
1844 391 1891 418 Ἐν·

1106 431 1162 465 γὰρ
1176 433 1291 466 Χριστῷ
1311 432 1414 466 Ἰησοῦ
1428 434 1484 460 οὐκ
1495 433 1562 460 ἐστι
1574 433 1684 467 δοῦλος
1699 434 1770 462 οὐδὲ
1780 435 1890 463 ἐλεύθε-

1102 484 1168 510 ρος.
1182 477 1263 504 Ὥστε
1274 477 1323 504 οὐκ
1335 478 1483 512 ἀναγκαῖον
1497 478 1528 505 τὸ
1541 478 1634 505 δοῦλον
1649 479 1721 514 ἔχειν
1732 488 1739 495 ·
1759 481 1784 506 ει
1806 481 1834 507 δέ
1848 482 1890 508 καὶ

1106 521 1266 555 ἀναγκαῖον,
1281 522 1330 550 ἕνα
1342 531 1394 549 που
1412 523 1502 558 μόνον,
1520 523 1536 559 ἦ
1561 523 1592 550 τὸ
1610 524 1677 550 πολὺ
1701 524 1841 560 δεύτερον.
1861 526 1890 552 Τί

1107 566 1231 601 βούλεται
1244 568 1280 594 τὰ
1302 568 1392 603 σμήνη
1411 568 1466 595 τῶν
1488 568 1618 601 οίκετῶνς
1641 568 1775 604 Καθάπερ
1796 570 1850 605 γὰρ
1868 571 1890 596 οι

1107 613 1316 647 προϐατοπῶλαι
1336 615 1383 640 καὶ
1393 615 1419 641 οι
1440 614 1679 649 σωματοκάπηλοι,
1695 614 1781 647 οὕτως
1803 617 1832 642 ἐν
1847 615 1891 650 βα-

1106 657 1213 692 λανείῳ,
1238 658 1325 690 οὕτως
1345 659 1374 686 ἐν
1394 660 1482 695 ἀγορᾷ
1500 660 1638 696 περιίασιν
1657 661 1682 686 οί
1705 660 1890 692 πλουτοῦντες.

1107 702 1180 737 Πλὴν
1194 703 1251 729 ἀλλ’
1261 704 1337 731 οὐδὲν
1356 704 1589 740 ἀκριϐολογοῦμαι
1602 712 1609 719 ·
1626 705 1697 732 ἔστω
1714 714 1755 732 σοι
1773 706 1822 733 καὶ
1840 706 1892 733 δεύ-

1105 755 1184 782 τερος
1197 748 1306 782 οἰκέτης
1321 757 1328 764 ·
1342 749 1367 775 εί
1379 749 1408 775 δὲ
1420 749 1533 782 πολλοὺς
1546 751 1683 784 συνάγεις,
1697 751 1728 777 οὐ
1742 751 1891 787 φιλανθρω-

1106 794 1172 825 πίας
1185 794 1278 821 ἓνεκεν
1294 794 1374 821 τοῦτο
1394 797 1491 829 ποιεῖς,
1515 796 1583 823 ἀλλά
1600 796 1789 832 θρυπτόμενος
1801 805 1809 813 '
1823 799 1888 829 ἐπεὶ,

1106 840 1130 866 εἰ
1149 839 1308 875 κηδόμενος,
1324 841 1426 876 μηδένα
1436 842 1475 872 εἰς
1489 842 1626 869 διακονίαν
1641 843 1837 879 άπασχολήσῃς
1847 844 1890 879 τὴν

1106 885 1167 919 σὴν,
1185 884 1241 912 ἀλλ’
1253 885 1401 920 ἀγοράσας.
1420 886 1468 912 καὶ
1477 887 1576 921 τέχνας
1591 886 1701 919 διδάξας
1713 887 1783 914 ὥστε
1799 889 1891 923 ἀρκεῖν

1106 931 1223 963 ἑαυτοῖς,
1236 930 1304 965 ἄφες
1322 930 1492 966 ἐλευθέρους.
1513 932 1596 958 Ὅταν
1619 932 1648 959 δὲ
1664 934 1811 968 μαστίζῃς,
1832 934 1892 960 ὁταν

1104 974 1249 1010 δεσμεύῃς,
1273 974 1365 1002 οὐκέτι
1384 975 1587 1011 φιλανθρωπίας
1603 976 1633 1003 τὸ
1651 976 1741 1012 ἔργον.
1761 978 1817 1004 Καὶ
1838 976 1891 1004 οἴδα

1106 1020 1155 1053 μὲν
1167 1020 1208 1045 ὅτι
1225 1020 1352 1054 φορτικός
1363 1021 1422 1055 ειμι
1433 1022 1489 1052 τοῖς
1505 1021 1650 1048 ἀκούουσιν
1661 1030 1669 1037 ·
1681 1022 1749 1049 ἀλλὰ
1759 1022 1785 1048 τί
1801 1023 1891 1054 πάθω;

1103 1065 1150 1096 Εἰς
1164 1065 1243 1091 τοῦτο
1255 1067 1358 1100 κεῖμαι,
1379 1066 1427 1092 καὶ
1445 1066 1476 1092 οὐ
1491 1067 1631 1102 παύσομαι
1650 1067 1737 1094 ταῦτα
1750 1068 1847 1102 λέγων,
1863 1069 1892 1095 ἂν

1103 1119 1133 1138 τε
1146 1111 1258 1146 γένηταί
1266 1119 1292 1137 τι
1306 1111 1397 1142 πλέον,
1409 1112 1442 1138 άν
1453 1119 1484 1137 τε
1497 1112 1592 1147 μηδέν.
1606 1113 1638 1139 Τί
1650 1113 1703 1148 γάρ
1715 1121 1757 1139 σοι
1770 1113 1891 1148 βούλεται

1102 1157 1133 1184 τὸ
1151 1157 1241 1184 σοϐεῖν
1264 1157 1310 1184 ἐπὶ
1327 1157 1377 1193 τῆς
1403 1158 1521 1193 άγορᾶς;
1543 1158 1580 1194 μὴ
1601 1159 1655 1194 7&9
1674 1159 1777 1194 μεταξὺ
1793 1159 1892 1194 θηρίων

1103 1204 1276 1238 περιπατεῖς,
1290 1204 1331 1230 ὅτι
1349 1203 1512 1235 ἀπελαύνεις
1523 1205 1587 1236 τοὺς
1604 1205 1836 1240 ἐντυγχάνοντας;
1850 1205 1892 1240 Μὴ

1103 1249 1224 1285 φοϐηθῇς
1233 1257 1241 1264 ·
1255 1249 1343 1281 οὐδεὶς
1352 1249 1444 1276 δάκνει
1456 1250 1511 1277 τῶν
1523 1250 1702 1285 προσιόντων,
1718 1251 1765 1277 καὶ
1781 1251 1892 1286 πλησίον

1104 1303 1145 1321 σοι
1169 1294 1341 1329 βαδιζόντων.
1371 1295 1441 1322 Ἀλλ’
1461 1294 1540 1331 ὓϐριν
1561 1296 1614 1331 ἡγῇ
1641 1295 1672 1322 τδ
1691 1297 1761 1331 μετά
1786 1297 1892 1323 πάντων

1103 1339 1295 1375 συμὸαδίζεινς
1314 1340 1370 1367 Καὶ
1387 1340 1474 1375 πόσης
1487 1340 1573 1368 ταῦτα
1592 1341 1699 1376 μανίας,
1714 1342 1803 1376 πόσης
1819 1350 1891 1377 τερα·

1101 1385 1226 1418 τωδείας,
1242 1385 1288 1412 τὸν
1311 1385 1361 1420 μὲν
1376 1386 1458 1412 ἰππον
1480 1386 1594 1422 πλησίον
1608 1387 1742 1422 ἑπόμενον
1759 1389 1799 1423 μὴ
1820 1388 1892 1423 νομί-

1102 1430 1159 1463 ζειν
1171 1431 1264 1467 φέρειν
1286 1431 1375 1467 ὓϐριν,
1391 1432 1533 1466 ἁνθρωπον
1555 1433 1595 1466 δὲ,
1614 1433 1638 1459 εί
1655 1433 1692 1468 μὴ
1713 1434 1769 1460 ἀπὸ
1793 1435 1891 1469 μυρίων

1101 1476 1243 1503 ἐλαύνοιτο
1256 1477 1383 1510 σταδίων,
1396 1477 1587 1513 καταισχύνειν
1599 1479 1741 1514 ήγείσθαις
1763 1480 1797 1506 Τί
1811 1480 1838 1507 δὲ
1848 1480 1891 1506 καὶ

1102 1522 1199 1553 παῖδας
1217 1522 1382 1558 ῥαϐδούχους
1398 1523 1481 1558 ἔχεις,
1496 1524 1534 1555 ὡς
1542 1524 1645 1555 δούλοις
1658 1525 1831 1560 κεχρημένος
1839 1527 1892 1556 τοῖς

1101 1566 1266 1602 ἐλευθέροις,
1280 1568 1382 1603 μᾶλλον
1396 1568 1425 1595 δὲ
1436 1569 1519 1600 αὐτὸς
1532 1569 1631 1600 παντὸς
1645 1570 1811 1605 ἀτιμότερον
1823 1571 1891 1597 οἰκέ-

1102 1623 1148 1640 του
1159 1613 1213 1646 ζῶν
1225 1622 1233 1647 ;
1248 1614 1358 1649 καὶγὰρ
1369 1615 1469 1646 παντὸς
1478 1614 1668 1650 εὐτελέστερος
1682 1616 1792 1643 οἰκέτου
1807 1617 1821 1642 ό
1830 1624 1891 1643 τοσ-

1100 1659 1181 1686 οῦτον
1208 1661 1365 1696 περιφέρων
1380 1660 1474 1695 τῦφον.
1491 1661 1541 1687 Διὰ
1555 1661 1634 1687 τοῦτο
1648 1661 1709 1688 οὐδὲ
1720 1662 1833 1697 δψονται
1846 1663 1891 1696 τὴν

1100 1704 1186 1736 ὅντως
1204 1704 1361 1739 ἐλευθερίαν
1379 1705 1405 1731 οἱ
1421 1704 1460 1740 τῷ
1483 1704 1594 1740 χαλεπῷ
1610 1705 1698 1740 τούτῳ
1723 1705 1891 1733 καταδουλώ-

1102 1758 1197 1780 σαντες
1214 1749 1328 1781 ἑαυτοὺς
1342 1749 1433 1776 πάθει.
1451 1750 1482 1776 El
1495 1750 1549 1784 γὰρ
1565 1749 1727 1777 ἀπελαύνειν
1739 1750 1832 1785 βούλει
1847 1751 1891 1777 καὶ

1102 1795 1202 1826 σοϐεῖν,
1224 1795 1262 1830 μὴ
1272 1796 1336 1826 τοὺς
1353 1795 1524 1830 προσιόντας,
1541 1795 1608 1822 ἀλλά
1620 1795 1668 1822 τὸν
1687 1796 1774 1829 τῦφον
1790 1796 1891 1823 ἀπέλα.

1100 1849 1148 1867 σον
1159 1849 1166 1856 ·
1184 1841 1222 1875 μὴ
1239 1840 1284 1867 διὰ
1304 1840 1351 1867 τοῦ
1373 1840 1479 1872 παιδὸς,
1497 1841 1565 1868 ἀλλά
1580 1841 1624 1868 διά
1640 1842 1756 1868 σεαυτοῦ
1773 1850 1780 1856 ·
1799 1842 1836 1877 μὴ
1858 1842 1888 1876 τῇ

1103 1886 1217 1920 μάστιγι
1230 1885 1327 1921 ταύτῃ,
1352 1885 1422 1912 ἀλλά
1436 1887 1470 1921 τῇ
1487 1888 1670 1922 πνευματικῇ.
1688 1887 1745 1914 Νῦν
1768 1888 1819 1923 μὲν
1839 1888 1889 1923 γάρ

1102 1940 1149 1958 σου
1173 1933 1187 1958 ό
1213 1933 1278 1964 παῖς
1302 1931 1450 1959 ἀπελαύνει
1472 1933 1535 1964 τοὺς
1558 1933 1787 1966 συμϐαδίςοντας,
1811 1935 1841 1962 σὲ
1862 1934 1888 1959 δὲ

1100 1975 1203 2002 ἄνωθεν
1224 1976 1241 2011 ἡ
1261 1975 1375 2002 ἀπόνοια
1391 1976 1577 2012 αἰσχρότερον,
1595 1978 1612 2012 ἢ
1632 1978 1742 2013 οἰκέτης
1762 1979 1809 2005 τὸν
1826 1979 1890 2014 πλη-

1102 2021 1170 2048 σίον.
1189 2022 1237 2048 Ἂν
1249 2021 1278 2048 δὲ
1295 2022 1349 2048 ἀπὸ
1362 2022 1408 2048 τοῦ
1427 2022 1511 2049 ἵππου
1531 2023 1662 2055 καταϐὰς,
1687 2023 1790 2061 ἐλάσῃς
1808 2025 1888 2060 αὐτὴν

1100 2066 1145 2093 διὰ
1160 2067 1209 2102 τῆς
1222 2067 1485 2103 ταπεινοφροσύνης,
1501 2068 1666 2104 ὑψηλότερον
1684 2069 1788 2106 καθεδῇ
1805 2070 1851 2097 καὶ
1862 2071 1888 2096 ἐν

1101 2112 1206 2147 μείζονι
1222 2112 1320 2139 σαυτὸν
1341 2113 1523 2147 καταστήσεις
1544 2114 1622 2148 τιμῇ,
1642 2113 1718 2140 οὐδὲν
1732 2114 1784 2140 τοῦ
1799 2114 1888 2145 παιδὸς

1100 2158 1142 2189 εἰς
1157 2157 1236 2184 τοῦτο
1251 2157 1387 2193 δεόμενος.
1404 2158 1487 2184 Ὅταν
1498 2158 1553 2193 γὰρ
1565 2158 1673 2193 μέτριος
1684 2160 1834 2194 γενόμενος
1843 2169 1889 2194 χαι

1101 2203 1152 2238 μαὶ
1170 2203 1292 2238 βαδίζῃς,
1305 2203 1350 2229 ἐπὶ
1362 2203 1410 2229 τοῦ
1427 2203 1565 2238 ὀχήματος
1582 2204 1680 2239 καθεδῇ
1692 2206 1743 2239 τῆς
1767 2213 1888 2232 ταπεινο-

1100 2249 1238 2284 φροσύνης
1250 2249 1297 2275 τοῦ
1312 2249 1392 2284 μέχρι
1407 2249 1462 2277 τῶν
1477 2250 1600 2285 οὐρανῶν
1617 2259 1647 2277 σε
1663 2251 1824 2284 ἀνάγοντος,
1844 2250 1887 2277 τοῦ

1100 2295 1219 2330 πτηνοὺς
1232 2295 1340 2330 ἔχοντος
1364 2296 1482 2328 ἵππους·
1502 2296 1535 2323 ἂν
1549 2297 1578 2323 δὲ
1599 2296 1745 2323 ἀποπεσὼν
1774 2297 1886 2328 ἐκείνου,

1100 2341 1140 2373 εἰς
1152 2340 1183 2367 τὺ
1197 2341 1245 2376 τῆς
1259 2341 1334 2378 [586]
1346 2342 1506 2374 ἀλαζονείας
1523 2342 1654 2378 μετασῇς,
1668 2343 1722 2369 τῶν
1735 2344 1825 2378 χαμαὶ
1843 2352 1887 2369 συ-

1101 2386 1223 2421 ρομένων
1238 2387 1364 2422 ἑρπετῶν
1374 2388 1451 2414 οὐδὲν
1465 2387 1577 2422 ἄμεινον
1595 2387 1742 2419 διάκεισαι,
1760 2389 1829 2415 ἀλλὰ
1844 2388 1887 2414 καὶ

1099 2431 1264 2468 ἀθλιώτερον
1278 2432 1367 2468 πολλῷ
1379 2433 1427 2460 καὶ
1439 2433 1629 2468 ἐλεεινότερον.
1650 2433 1720 2465 Τοὺς
1733 2434 1785 2469 μὲν
1799 2434 1852 2469 γὰρ
1871 2434 1886 2468 ἡ

1099 2477 1147 2504 τοῦ
1163 2478 1290 2512 σώματος
1302 2480 1426 2514 πήρωσις
1442 2478 1514 2505 οὕτω
1528 2479 1731 2512 καταναγκάζει
1748 2480 1885 2514 σύρεσθαι,

1099 2523 1130 2550 σὲ
1144 2523 1173 2550 δὲ
1189 2525 1205 2558 ὴ
1222 2523 1272 2558 τῆς
1283 2523 1443 2557 ἀλαζονείας
1454 2525 1540 2556 νόσος.
1555 2525 1609 2551 Καὶ
1623 2525 1677 2559 7&9
1694 2525 1759 2558 Πᾶς
1773 2527 1790 2553 d
1804 2524 1887 2559 ὑψῶν

1098 2569 1217 2601 ἑαυτὸν,
1236 2570 1313 2605 φησὶ,
1329 2571 1595 2604 ταπεινωθήσεται.
1618 2571 1666 2597 ’Ὶν’
1676 2568 1724 2598 οὖν
1739 2572 1778 2606 μὴ
1796 2579 1887 2597 ταπει-

1099 2615 1240 2650 νωθῶμεν,
1251 2616 1319 2643 ἀλλὰ
1329 2615 1491 2651 ὑψωθῶμεν,
1506 2617 1551 2643 ἐπὶ
1563 2616 1594 2643 τὸ
1605 2616 1669 2651 ὕψος
1685 2616 1809 2651 ἔλθωμεν
1820 2616 1887 2643 ἐκεί-

1098 2670 1138 2688 νο.
1151 2662 1230 2689 Οὕτω
1241 2663 1295 2697 γὰρ
1311 2663 1357 2689 καὶ
1380 2663 1534 2690 ἀνάπαυσιν
1547 2663 1702 2698 εὑρήσομεν
1716 2664 1778 2694 ταῖς
1791 2662 1886 2696 ψυχαῖς

1098 2707 1176 2742 ἡμῶν
1191 2709 1261 2735 κατὰ
1270 2709 1315 2734 τὸν
1329 2707 1400 2735 θεῖον
1415 2707 1548 2744 χρησμὸν,
1572 2708 1619 2734 καὶ
1632 2708 1684 2743 τῆς
1699 2707 1820 2743 ἀληθοῦς
1843 2706 1886 2732 καὶ

1097 2752 1268 2788 ὐψηλοτάτης
1284 2752 1482 2788 ἐπιτευξόμεθα
1493 2754 1576 2788 τιμῆς
1587 2760 1593 2766 ·
1607 2750 1642 2787 ἦς
1658 2752 1765 2786 γένοιτο
1783 2754 1887 2781 πάντας

1097 2798 1171 2832 ἡμᾶς
1199 2798 1348 2834 ἐπιτυχεῖν,
1376 2799 1467 2835 χάριτι
1485 2799 1532 2826 καὶ
1559 2797 1764 2834 φιλανθρωπίᾳ,
1787 2798 1835 2825 καὶ
1855 2796 1886 2823 τὰ

1098 2843 1171 2878 ἑξῆς-
