2021 3117
85 119 137 149 353

86 175 154 211 Quid
168 179 259 203 autem
273 177 336 202 tunc
348 171 506 201 accidebat!
528 171 568 199 Ex
581 177 614 199 eo
624 170 697 206 quod
708 169 880 205 superabun-

87 223 176 254 dabat,
191 220 331 249 scatebant
344 226 460 247 vermes.

122 267 281 294 Deliciarum
307 267 406 301 fructus
429 264 557 298 corruptio
582 266 631 290 est.
645 261 752 290 —Hoe
775 269 882 297 quoque

87 320 157 341 nunc
164 312 191 340 in
202 312 245 339 his
255 311 418 346 experimur.
430 307 556 336 Alimenti
568 309 639 335 enim
651 315 777 335 mensura
785 307 881 334 cadent

85 364 127 387 est
140 358 285 390 omnibus;
298 363 382 384 unum
396 355 468 383 enim
483 359 605 382 ventrem
628 353 771 388 implemus
787 361 794 380 :
810 353 880 388 apud

88 409 114 432 te
126 408 229 436 autem,
243 403 289 438 qui
303 401 422 437 expleris
434 400 548 433 deliciis,
564 404 604 427 est
620 399 679 434 plus
689 398 829 426 stercoris.
846 398 880 425 Et

87 449 155 476 sicut
168 448 223 476 illic
234 448 263 476 in
276 447 402 475 domibus
415 446 460 481 qui
474 446 534 481 plus
545 444 715 479 colligebant,
731 451 809 479 quam
823 447 882 471 erat

86 493 276 528 constitutum,
296 501 353 521 non
372 499 470 520 manna
489 490 697 526 congregabant,
723 489 770 517 sed
793 490 882 525 plures

87 548 196 568 vermes
208 545 235 568 et
250 539 418 575 putredinem
433 547 440 565 ε
452 538 488 565 ita
502 537 585 565 etiam
602 537 627 564 in
640 536 744 564 deliciis
758 540 785 563 et
796 537 822 563 in
837 544 883 563 su-

87 585 303 620 perabundantia
315 593 368 612 non
379 584 439 619 plus
452 583 583 615 alimenti,
595 582 643 609 sed
657 583 717 616 plus
729 582 882 616 corruptio-

87 632 129 659 nis
142 635 308 667 congregant
326 630 371 666 qui
385 629 474 657 ventri
489 629 628 663 indulgent
652 633 680 654 et
703 627 881 654 inebriantur.

87 679 142 706 Sed
155 682 245 707 tamen
260 678 305 712 qui
327 684 399 705 nunc
420 681 492 708 sunt,
516 680 590 702 tanto
612 679 675 702 sunt
696 674 748 702 illis
765 675 881 710 pejores.

88 724 158 758 quod
179 723 218 752 illi
233 723 343 759 quidem
363 723 415 750 hoc
433 721 518 750 semel
533 721 615 756 passi,
637 721 759 756 castigati
781 721 836 748 sint
854 725 882 748 et

87 770 137 797 sibi
159 770 351 805 temperarint;
371 769 415 796 isti
428 773 518 796 autem
531 768 650 803 quotidie
671 767 742 794 hunc
762 775 882 795 vermem

88 816 133 843 illo
148 816 234 843 multo
247 815 410 850 graviorem,
434 814 460 841 in
480 814 576 841 domos
589 821 652 841 suas
667 813 880 846 introducentes,

87 868 174 895 neque
185 860 306 888 sentiunt
317 867 404 894 neque
419 859 558 886 satiantur.
574 859 641 886 Nam
655 859 727 894 quod
745 859 803 886 haec
827 859 881 886 illis

86 907 140 932 sint
151 905 263 939 similia,
279 905 352 940 quod
364 905 397 932 ad
411 905 499 932 inanis
514 905 616 932 laboris
637 905 732 932 attinet
749 905 881 932 rationem

87 951 233 986 (supplicio
246 951 319 979 enim
331 950 389 978 hate
401 955 464 978 sunt
479 950 565 977 multo
579 950 725 986 graviora),
742 950 803 977 hinc
816 957 883 977 con-

86 997 184 1026 sidera.
200 996 232 1024 In
245 1003 300 1032 quo
319 997 392 1024 enim
407 995 496 1023 differt
509 996 585 1023 dives
598 1003 615 1023 a
630 996 768 1031 paupere?
790 1003 882 1023 nonne

87 1049 168 1069 unum
182 1042 273 1071 induit
285 1049 393 1077 corpus,
420 1049 510 1069 nonne
533 1049 614 1068 unum
629 1041 676 1068 alit
689 1041 831 1069 ventrem?
854 1041 881 1069 in

85 1095 139 1123 quo
152 1095 218 1123 ergo
230 1088 291 1123 plus
300 1087 435 1115 abundat?
448 1087 476 1114 In
491 1086 728 1119 sollicitudinibus,
740 1087 764 1114 in
781 1095 881 1114 consu-

86 1134 196 1168 mendo,
210 1134 237 1162 in
251 1141 284 1162 eo
296 1133 368 1169 quod
380 1134 436 1161 Deo
449 1140 503 1161 non
519 1136 613 1168 pareat
629 1137 656 1160 et
669 1132 788 1165 obediat,
807 1133 832 1159 in
848 1140 882 1160 eo

87 1179 159 1214 quod
172 1187 284 1208 carnem
297 1183 463 1214 corrumpat,
486 1179 513 1206 in
527 1185 560 1206 eo
573 1178 644 1213 quod
657 1179 753 1205 animm
768 1178 880 1205 exitium

88 1224 191 1253 afferat.
204 1224 268 1252 ﬁmo
277 1225 348 1253 enim
359 1228 421 1253 sunt
435 1232 477 1257 ea,
489 1224 516 1251 in
529 1224 626 1259 quibus
638 1225 696 1258 plus
710 1223 790 1251 habet
800 1231 880 1258 quam

88 1278 198 1305 pauper.
216 1270 284 1298 Nam
308 1270 332 1298 si
357 1269 456 1298 multos
477 1269 601 1304 impleret
624 1273 745 1300 ventres,
769 1269 882 1296 haberet

88 1317 204 1344 fortasse
223 1316 325 1350 aliquid
340 1315 411 1352 quod
432 1316 544 1350 diceret,
565 1323 662 1350 nempe
682 1315 803 1349 pluribus
819 1323 882 1343 esse

87 1370 165 1397 opus,
189 1367 217 1391 et
241 1367 364 1397 sumptus
386 1362 514 1397 majorem
539 1369 600 1389 esse
620 1362 821 1389 necessitatem.
847 1363 882 1388 At

89 1415 159 1435 nunc
172 1415 292 1443 quoque,
303 1407 399 1443 inquit,
413 1407 516 1435 habent
528 1407 600 1442 quod
620 1407 720 1440 dicant,
735 1407 806 1442 quod
821 1406 881 1441 plu-

89 1460 132 1480 res
145 1453 276 1488 impleant
292 1458 412 1486 ventres,
428 1460 526 1487 nempe
538 1453 699 1480 famulorum
722 1457 756 1494 et
770 1453 881 1480 ancilla-

90 1506 158 1526 rum.
171 1499 227 1527 Sed
240 1506 295 1527 non
308 1506 343 1527 ex
357 1498 519 1527 necessitate
531 1505 619 1533 neque
631 1503 741 1534 propter
759 1498 883 1532 benigni-

91 1549 169 1572 tatem
192 1549 222 1575 et
247 1545 438 1574 humanitatem
462 1544 514 1572 hoc
533 1544 573 1577 ﬁt,
595 1545 644 1572 sed
665 1544 751 1571 solum
774 1549 883 1580 propter

89 1589 184 1618 fastqu
199 1595 228 1618 et
239 1591 393 1625 superbiam
409 1599 417 1617 :
433 1590 504 1618 unde
520 1597 570 1617 nec
589 1589 694 1617 admitti
711 1595 809 1624 potest.

122 1637 150 1664 5.
168 1636 308 1665 Seuerum
329 1637 464 1664 multitudo
478 1637 642 1671 vituperatur.
665 1636 760 1663 Contra
779 1645 822 1663 eos
836 1637 880 1672 qui

89 1690 145 1709 cum
154 1682 313 1717 {mulorum
326 1682 427 1717 agmine
439 1681 569 1708 incedunt.
580 1695 618 1702 —
630 1681 686 1708 Cur
699 1682 771 1708 enim
784 1683 882 1709 multus

90 1726 168 1755 habet
178 1727 334 1756 ministros?
347 1727 422 1755 Sicut
434 1727 508 1755 enim
521 1727 550 1754 in
564 1727 683 1754 vestibus
696 1731 724 1754 et
738 1727 764 1754 in
788 1735 881 1755 mensa

90 1773 162 1800 solus
182 1780 250 1802 usus
269 1778 312 1801 est
324 1772 516 1807 attcndendus,
540 1773 576 1799 ita
595 1773 674 1799 etiam
690 1772 717 1799 in
738 1772 878 1800 ministris.

89 1817 153 1851 Quis
174 1822 217 1845 est
237 1825 301 1853 ergo
322 1818 406 1845 usus?
416 1818 514 1845 Nullus
528 1818 654 1852 penitus:
671 1825 724 1844 uno
746 1819 817 1845 enim
841 1819 882 1845 fa-

90 1865 159 1892 mulo
169 1872 255 1893 unum
267 1864 407 1892 dominum
420 1864 508 1892 solum
523 1865 560 1892 uti
574 1868 722 1899 oporteret,
736 1865 779 1892 vel
794 1865 881 1899 potius

88 1909 155 1937 duos
167 1915 195 1938 et
208 1915 266 1945 tres
280 1910 402 1938 dominos
422 1918 476 1937 uno
491 1909 601 1937 famulo.
615 1909 642 1937 Si
664 1914 753 1937 autem
769 1910 819 1937 hoc
839 1915 882 1938 est

87 1963 174 1989 grave,
190 1956 281 1991 cogita
295 1962 342 1984 eos
359 1957 405 1991 qui
418 1956 522 1984 nuiiutn
538 1955 648 1988 habent,
664 1955 776 1983 faciliori
788 1959 879 1983 autem

87 2005 115 2028 et
133 2001 298 2036 expeditiori
312 2001 437 2030 fruuntur
450 2001 602 2029 ministerio
615 2009 623 2028 :
637 2002 708 2029 Deus
730 2002 801 2029 enim
817 2001 881 2029 fecit

87 2055 134 2075 eos
145 2048 191 2083 qui
205 2048 363 2076 sufﬁcerent
377 2055 436 2081 suo,
448 2048 503 2076 imo
513 2056 578 2075 vero
591 2052 618 2075 et
630 2048 745 2082 proximi
761 2048 882 2076 ministe-

86 2093 136 2120 rio.
155 2093 185 2121 Si
206 2098 300 2122 autem
319 2101 374 2121 non
393 2094 491 2126 credis,
513 2093 575 2120 audi
598 2093 707 2120 Paulum
726 2094 879 2121 dicentem:

86 2137 290 2166 Necessitatibus
300 2139 372 2172 meis,
384 2144 407 2166 et
420 2139 452 2166 iis
463 2139 506 2173 qui
516 2147 613 2166 mecum
623 2143 693 2172 sunt,
704 2139 880 2166 ministrarum

87 2185 125 2211 Ito:
140 2188 239 2212 manus
253 2184 322 2220 (Act.
335 2184 381 2212 20.
395 2184 451 2218 54).
466 2184 573 2212 Siccine
590 2184 671 2212 totius
685 2184 792 2219 quidem
806 2185 881 2212 orbis

86 2231 179 2259 doctor
197 2234 230 2258 et
245 2229 342 2265 dignus
359 2230 433 2258 caelis
451 2237 506 2258 non
523 2230 705 2260 mbescebat
725 2230 881 2258 ministrare

87 2275 349 2308 innumerabilibus;
371 2279 399 2304 tu
413 2281 503 2305 autem
516 2280 593 2311 turpe
604 2283 666 2304 esse
680 2276 766 2310 ducis,
788 2277 810 2304 si
827 2284 881 2304 non

86 2321 265 2350 circumferas
289 2321 388 2349 multos
410 2329 505 2357 greges
528 2322 735 2357 mancipiorum,
756 2323 880 2350 nesciens

87 2367 192 2401 quidem
213 2367 269 2395 hoc
282 2374 343 2395 esse
361 2367 433 2402 quod
453 2372 479 2395 to
492 2368 609 2396 maximo
630 2367 714 2395 afficit
727 2367 882 2396 dedecore?

87 2412 233 2448 Propterea
246 2413 321 2442 enim
334 2413 408 2442 dedit
423 2413 500 2441 nobis
511 2414 581 2442 Deus
592 2418 621 2442 et
633 2421 729 2441 manus
749 2418 776 2441 et
789 2414 882 2449 pedes,

87 2465 119 2485 ne
132 2466 202 2494 opus
215 2459 382 2487 haberemus
395 2459 511 2486 famulis.
532 2459 624 2495 Neque
647 2460 720 2487 enim
742 2467 787 2492 eo,
809 2461 879 2494 quod

87 2510 156 2532 esset
169 2511 253 2540 opus,
269 2505 453 2534 introductum
466 2505 514 2533 fuit
526 2513 609 2540 genus
622 2505 800 2538 famulorum;
817 2513 880 2533 nam

86 2550 184 2585 alioqui
198 2559 264 2580 cum
281 2551 386 2579 Adamo
400 2555 506 2579 creatus
522 2551 616 2579 fuisset
631 2552 764 2584 famulus;
780 2551 827 2579 sed
841 2555 882 2579 est

87 2603 164 2633 pinna
176 2598 285 2634 peccati
297 2602 326 2626 et
339 2597 645 2627 mulctainobedientize.
659 2596 781 2626 Christus
792 2602 882 2625 autem

614 111 649 140 1N
668 111 777 140 EPIST.
796 110 809 138 Ι
841 111 889 138 ΔΙ)
907 111 986 140 οοιι.
1005 112 1124 142 “Olli...
1144 113 1202 142 XL.

1672 119 1728 149 ὅθι

933 176 997 196 cunt
1010 170 1172 203 advenisset,
1189 172 1239 199 hoc
1253 179 1361 208 quoque
1377 173 1459 200 solvit
1476 183 1482 201 :
1496 173 1564 202 Nam
1580 175 1607 202 in
1627 176 1729 207 Christo

933 213 999 242 Iesu
1008 223 1058 242 non
1074 222 1110 243 est
1129 226 1217 244 servus
1230 226 1309 253 neque
1321 218 1384 246 liber
1398 219 1498 254 (Galat.
1513 221 1541 249 3.
1556 221 1615 257 28).
1629 222 1731 256 Quam-

934 259 1028 287 obrem
1043 269 1096 288 non
1110 266 1152 288 est
1164 270 1274 290 necesse
1287 263 1386 292 habere
1398 271 1506 292 servum
1518 275 1526 293 :
1539 267 1562 294 si
1577 272 1666 294 autem
1678 275 1730 295 ne-

933 310 1011 333 ceste
1019 311 1070 339 est,
1081 315 1175 339 unum,
1189 313 1236 335 aut
1249 309 1392 343 plurimum
1400 310 1479 339 duos.
1490 311 1559 345 Quid
1573 312 1623 340 sibi
1634 313 1728 342 volunt

929 352 1056 379 examina
1068 353 1269 382 ministrorum?
1279 354 1346 382 Nam
1358 356 1428 384 sicut
1440 358 1485 391 qui
1496 357 1614 385 vendunt
1624 366 1689 387 oves
1700 362 1729 387 et

934 397 979 431 qui
992 404 1104 432 corpora
1126 405 1326 434 cauponantur;
1343 401 1377 430 ita
1399 402 1426 429 in
1448 403 1556 436 balneo,
1573 403 1609 431 ita
1626 404 1653 432 in
1667 405 1728 433 foro

934 444 1083 477 procedunt
1105 450 1131 472 et
1147 446 1254 474 obeunt
1268 447 1375 476 divites.
1397 448 1450 476 Sed
1471 457 1577 477 summo
1588 451 1649 484 jure
1672 459 1726 479 non

924 495 984 524 :ago
997 497 1005 517 :
1019 490 1055 518 sit
1067 490 1112 518 tibi
1124 491 1203 519 etiam
1214 492 1348 520 secundus
1361 494 1502 522 minister:
1516 495 1539 522 si
1551 500 1640 523 autem
1653 497 1725 524 mul-

935 540 978 563 tos
990 542 1149 573 cengregas,
1165 545 1218 565 non
1233 539 1283 566 hoc
1293 539 1359 567 facis
1372 539 1542 575 benignitatis
1557 546 1584 569 et
1599 542 1725 569 humani-

935 584 996 610 tatis
1015 591 1106 617 causa,
1129 585 1176 612 sed
1198 585 1250 613 tuis
1271 587 1392 614 serviens
1413 587 1526 614 deliciis.
1541 588 1608 615 Nam
1631 589 1654 616 si
1674 589 1726 617 hoc

923 628 999 657 ‘facis
1010 637 1102 657 eorum
1113 637 1205 658 curam
1216 639 1324 666 gerens,
1336 632 1362 659 in
1375 637 1420 660 tuo
1433 633 1582 661 ministerio
1593 635 1727 661 neminem

934 682 1060 711 occupes,
1075 678 1123 705 sed
1148 686 1209 706 cum
1233 680 1333 706 emeris
1351 683 1378 706 et
1398 684 1470 707 artes
1486 680 1610 707 docueris
1626 686 1654 707 ut
1676 682 1728 709 sibi

934 722 1069 750 sufficiant
1083 723 1117 751 ad
1132 724 1230 751 victum
1247 724 1404 759 parandum,
1420 732 1467 752 eos
1479 725 1647 754 manumitte.
1662 725 1727 753 Cum

933 772 1022 796 autem
1037 768 1128 805 ﬂagris
1149 770 1248 803 cmdas,
1272 778 1333 798 cum
1357 771 1383 798 in
1398 771 1503 798 vincula
1519 771 1657 806 conjicias,
1674 780 1728 800 non

933 819 975 842 est
990 815 1081 850 utique
1093 823 1161 850 opus
1173 815 1224 843 hoc
1245 816 1428 844 humanitatis.
1444 817 1478 844 Et
1493 817 1549 844 scio
1563 818 1670 852 quidem
1685 825 1730 845 me

933 867 994 888 esse
1006 862 1148 889 tuolestum
1167 862 1334 890 auditoribus
1352 872 1358 890 :
1372 863 1419 890 sed
1434 863 1498 898 quid
1520 864 1616 898 agam?
1633 864 1660 891 In
1677 865 1729 893 hoc

933 908 1035 941 positus
1056 914 1126 941 sum,
1150 916 1237 944 neque
1261 910 1373 937 cessabo
1388 909 1446 937 haec
1465 910 1567 943 dicere,
1591 911 1648 938 sive
1662 911 1728 946 quid

934 953 1076 988 proiecero
1098 955 1157 983 sive
1171 963 1237 982 non.
1252 955 1321 989 Quid
1336 957 1407 983 enim
1423 956 1474 983 sibi
1490 956 1546 984 vult
1560 957 1586 984 in
1602 957 1660 984 foro
1681 965 1728 985 su-

933 1000 1016 1035 perbe
1030 1001 1174 1029 incedere?
1186 1009 1249 1029 num
1264 1002 1333 1029 inter
1346 1002 1417 1029 feras
1439 1003 1570 1035 ambulas,
1586 1003 1657 1038 quod
1678 1003 1728 1031 ob-

933 1047 993 1075 vios
1007 1048 1145 1082 expellas?
1166 1048 1205 1076 Ne
1228 1049 1338 1081 timeas;
1364 1048 1452 1075 nullus
1469 1053 1494 1075 te
1510 1049 1614 1077 mordet
1634 1057 1728 1078 eorum

933 1093 978 1128 qui
997 1093 1138 1131 accedunt,
1160 1098 1188 1122 et
1202 1101 1285 1129 prope
1307 1099 1331 1121 te
1353 1094 1522 1129 gradiuntur.
1546 1095 1581 1122 At
1604 1096 1728 1129 injuriam

912 1149 915 1152 ·
934 1139 1072 1166 existimas
1085 1139 1165 1167 simul
1178 1140 1305 1167 incedere
1316 1148 1376 1167 cum
1391 1140 1535 1167 omnibus?
1549 1140 1583 1168 Et
1596 1149 1675 1176 quam
1690 1147 1730 1170 est

934 1186 985 1214 hoc
1014 1188 1149 1220 insanum,
1177 1195 1257 1223 quam
1281 1188 1475 1223 prodigiosum,
1496 1189 1727 1224 equum.quidem

934 1239 1017 1267 prope
1038 1238 1196 1268 sequentem
1212 1241 1264 1260 non
1279 1233 1435 1261 existimare
1458 1233 1554 1262 afferre
1580 1234 1728 1270 injuriam;

934 1276 1069 1304 hominem
1085 1283 1184 1309 autem,
1201 1278 1253 1305 nisi
1267 1279 1358 1305 multis
1373 1279 1495 1314 obigatur
1509 1279 1614 1311 stadiis,
1631 1285 1727 1314 putare

934 1323 1067 1351 dedecore
1079 1324 1206 1352 afﬁcere?
1219 1324 1288 1358 Quid
1302 1332 1366 1352 vero
1380 1325 1494 1352 famulos
1509 1325 1591 1353 habes
1606 1325 1727 1359 lictores,

934 1368 1026 1395 liberis
1041 1374 1119 1396 utens
1143 1373 1281 1404 tamquam
1297 1370 1400 1402 servis;
1417 1371 1471 1397 imo
1483 1377 1548 1397 vero
1562 1371 1619 1405 ipse
1634 1371 1729 1406 quovis

933 1421 1013 1440 servo
1027 1414 1119 1441 vivens
1141 1414 1363 1448 ignominiosius?
1385 1421 1427 1442 cst
1448 1416 1518 1442 enim
1534 1416 1629 1450 quovis
1649 1424 1730 1443 servo

934 1458 1013 1486 vilior
1032 1462 1059 1486 et
1085 1459 1289 1493 ignominiosior
1314 1461 1359 1495 qui
1386 1465 1487 1488 tantum
1512 1461 1666 1488 circumfert
1685 1461 1727 1489 fa-

934 1510 1016 1531 stum.
1030 1505 1176 1540 Propterea
1191 1513 1241 1533 nec
1255 1513 1345 1533 veram
1357 1507 1485 1533 videbunt
1503 1506 1665 1540 libertatem,
1680 1508 1727 1543 qui

933 1557 964 1578 se
984 1550 1046 1578 huic
1065 1551 1138 1585 gravi
1162 1551 1244 1578 animi
1259 1551 1325 1580 vitio
1339 1552 1534 1586 manciparunt.
1556 1552 1585 1580 Si
1599 1553 1670 1580 enim
1688 1554 1729 1581 vis

934 1597 1079 1631 expellere,
1101 1597 1271 1631 superbeque
1290 1601 1318 1624 et
1338 1597 1478 1630 magnifice
1503 1597 1639 1630 incedere,
1670 1606 1725 1626 non

933 1642 1104 1676 accedentes,
1124 1641 1172 1669 sed
1190 1641 1287 1669 fastum
1309 1643 1430 1676 expelle;
1451 1649 1503 1669 non
1518 1651 1565 1677 per
1585 1643 1726 1677 famulum,

933 1687 980 1713 sed
992 1694 1040 1721 per
1051 1687 1179 1723 teipsnm;
1193 1695 1244 1714 non
1255 1687 1305 1714 hoc
1316 1687 1431 1722 ﬂagello.
1449 1687 1496 1714 Sed
1507 1688 1650 1722 spirituali.
1662 1689 1729 1717 Nam

934 1739 1006 1758 nunc
1021 1733 1129 1767 quidem
1144 1732 1259 1760 famulus
1282 1737 1344 1759 tuus
1364 1732 1478 1767 expellit
1502 1741 1549 1760 eos
1571 1733 1618 1769 qui
1639 1739 1727 1763 tecum

934 1779 1082 1811 incedunt;
1099 1782 1126 1805 te
1139 1783 1228 1806 autem
1242 1778 1276 1805 ab
1290 1778 1346 1805 aito
1359 1779 1509 1813 arrogantia
1524 1779 1600 1814 pellit
1614 1781 1727 1816 turpius,

933 1832 1012 1859 quam
1028 1823 1143 1852 famulus
1156 1825 1319 1859 proximum.
1334 1825 1362 1851 Si
1377 1830 1467 1852 autem
1481 1825 1514 1852 ab
1529 1833 1599 1860 equo
1613 1826 1727 1854 descen-

933 1869 1001 1897 dens
1012 1877 1071 1897 eam
1082 1870 1205 1904 abegeris
1219 1877 1267 1905 per
1283 1869 1471 1902 humilitatem,
1487 1871 1567 1898 altius
1579 1872 1686 1900 sedebis
1699 1878 1727 1901 et

934 1916 960 1944 in
984 1916 1079 1950 majori
1101 1915 1204 1945 honore
1227 1917 1341 1951 teipsum
1364 1916 1522 1949 consumes,
1547 1917 1580 1944 ad
1601 1917 1652 1945 hoc
1673 1927 1726 1947 non

932 1969 1001 1996 opus
1022 1962 1124 1990 habens
1142 1961 1251 1990 famulo.
1267 1961 1380 1996 Quando
1402 1962 1472 1990 enim
1494 1963 1631 1991 modestus
1651 1964 1725 1991 humi

933 2007 1053 2040 incedes,
1066 2007 1173 2036 sedebis
1183 2007 1209 2034 in
1222 2015 1304 2035 curru
1318 2007 1485 2040 humilitatis,
1495 2008 1540 2043 qui
1555 2013 1580 2036 te
1595 2009 1620 2036 in
1632 2010 1726 2038 omium

933 2053 1014 2086 tollit,
1028 2053 1072 2088 qui
1088 2060 1171 2088 equos
1186 2052 1267 2080 habet
1279 2053 1366 2080 alatos
1383 2062 1390 2079 :
1406 2053 1447 2080 sin
1463 2060 1552 2081 autem
1574 2054 1666 2082 abillo
1679 2063 1724 2083 ce-

933 2099 1041 2133 cideris,
1062 2104 1090 2127 ct
1111 2100 1137 2126 in
1158 2100 1318 2135 arrogantia:
1339 2107 1448 2127 currum
1469 2100 1617 2133 transieris,
1640 2102 1727 2130 nihilo

933 2143 1029 2173 melius
1043 2145 1167 2173 afficieris
1180 2153 1260 2180 quatn
1274 2149 1412 2180 serpentes
1431 2145 1503 2172 humi
1520 2151 1655 2180 repentes,
1672 2147 1727 2174 imo

934 2199 999 2219 vero
1022 2192 1107 2219 multo
1121 2191 1201 2219 vilius
1215 2195 1242 2218 et
1257 2191 1446 2219 miserabilius.
1459 2190 1526 2218 Nam
1545 2191 1605 2218 illos
1619 2192 1726 2227 quidem

933 2239 972 2266 sic
987 2243 1093 2274 reptare
1107 2238 1178 2272 cogit
1188 2238 1321 2266 mutilatio
1331 2237 1463 2271 corporis,
1476 2241 1502 2264 te
1515 2241 1603 2265 autem
1618 2239 1728 2266 morbus

934 2285 1103 2318 arrogantia.
1120 2282 1212 2310 Omnis
1224 2283 1296 2311 enim
1310 2283 1353 2318 qui
1367 2291 1394 2310 se
1405 2283 1514 2316 emollit,
1530 2283 1626 2318 inquit,
1643 2284 1727 2311 Immi-

934 2329 1037 2356 liabilur
1059 2329 1167 2364 (Manli.
1181 2328 1301 2364 25.12).
1325 2328 1365 2356 Ne
1388 2336 1453 2364 ergo
1473 2328 1656 2363 humiliemur,
1677 2330 1725 2357 sed

935 2376 1105 2410 extollamur,
1119 2376 1258 2404 veniamus
1270 2375 1303 2402 ad
1317 2375 1389 2403 illam
1402 2375 1580 2403 altitudinem.
1595 2376 1639 2404 Sic
1653 2377 1725 2404 enim

936 2422 1101 2450 inveniemus
1127 2422 1227 2449 nostris
1254 2421 1351 2449 animis
1381 2422 1508 2456 quietem,
1534 2423 1730 2450 convenienter

935 2468 1026 2496 divino
1045 2469 1165 2502 oraculo,
1188 2475 1337 2503 verumque
1362 2473 1390 2495 et
1413 2468 1572 2496 altissimum
1596 2469 1728 2496 honorent

935 2521 1150 2550 consequemur:
1166 2522 1246 2549 quem
1268 2514 1346 2542 detur
1367 2513 1446 2542 nobis
1466 2515 1590 2542 omnibus
1608 2516 1728 2551 assequi,

935 2561 1019 2596 gratia
1033 2565 1060 2588 et
1071 2560 1246 2597 benignitate,
1260 2564 1313 2588 etc.
