2021 3117
279 112 334 142 355

633 107 662 135 S.
682 103 822 135 JOANNIS
836 99 1074 132 CHRYSOSTOMI
1092 97 1252 128 ARCHIEP.
1271 98 1540 128 CONSTANTINOP.

1873 102 1926 131 558

279 176 1275 198 ____________________.__

939 213 1114 246 HOMILIA
1135 212 1217 243 XLI.

282 300 346 328 CAP.
361 299 405 328 15.
420 307 447 326 v.
461 298 506 326 55.
518 296 572 326 Sed
582 296 649 323 dicet
666 293 759 329 aliquis
773 301 782 321 :
795 291 928 327 Quomodo
939 292 1074 325 resurgunt

319 345 412 373 mortui
419 345 432 372 .’
443 344 512 379 quali
525 346 610 369 autem
622 348 729 375 corpore
740 338 863 367 ueniunt?
874 338 919 365 36.
936 336 1074 371 lnaipiens,

319 396 346 418 tu
359 391 427 425 quod
439 389 559 421 untinas,
572 396 623 415 non
633 387 784 421 oioi/icatur,
797 384 846 412 nisi
858 384 928 418 prius
940 382 1075 409 moriatur.

320 438 347 465 Ι.
368 437 434 464 Cum
448 435 545 470 ubique
564 434 637 461 mitis
649 438 676 462 et
690 433 797 460 humilis
816 431 851 459 sit
862 430 1018 466 Apostolus,
1032 428 1076 455 hic

283 481 380 510 acriori
395 482 478 508 utitur
490 481 622 513 oratione,
637 483 746 514 propter
770 475 962 505 absurditatem
977 481 1074 502 eorum

284 528 329 562 qui
342 525 573 554 contradicebant.
586 524 679 560 Neque
693 529 781 551 tamen
802 526 844 549 est
856 521 906 548 hoc
921 523 1076 552 contentus,

285 572 332 600 sed
344 576 371 599 et
388 573 507 599 rationes
519 570 629 598 adducit
639 574 667 597 et
681 568 814 603 exempla.
827 575 860 595 ea
877 567 981 594 ratione
995 565 1076 594 etiam

284 625 417 653 quemque
430 617 507 644 valde
520 615 717 643 contentiosutn
731 613 892 648 reprimens.
905 612 940 638 Et
953 610 1078 645 superius

285 663 394 698 quidem
409 662 495 689 dicit-z
513 661 640 695 Quoniam
652 668 696 695 per
709 659 835 686 hominem
846 665 923 689 mors,
938 661 960 684 et
976 664 1021 690 per
1033 655 1080 682 Ito-

286 708 380 735 mium
398 707 548 734 resurrectio
561 714 571 733 :
586 706 629 732 hic
642 712 707 732 vero
728 704 810 731 solvit
822 702 1003 737 objectionem
1017 707 1079 736 qua:

287 754 367 781 ﬁebat
379 761 394 780 a
404 753 540 788 gentibus.
558 751 623 779 Vide
635 755 725 777 autem
739 756 835 777 rursus
849 746 985 783 quomodo
999 746 1080 774 dimi-

286 804 352 827 nuat
365 798 561 826 vehementiam
587 794 816 830 reprehensionis.
832 793 889 820 Non
903 792 971 819 dixit
994 791 1076 824 enim,

290 845 344 872 Sed
359 844 473 871 furuisse
492 842 603 874 dicetis;
619 841 667 868 sed
680 848 740 868 eum
754 839 799 875 qui
814 837 976 866 contradicit
990 836 1080 872 posuit

289 890 438 923 indefinite,
454 897 487 916 ne
502 889 587 916 libere
599 893 626 915 et
639 888 744 914 acriore
758 891 836 913 utens
849 885 981 916 oratione,
999 883 1078 911 audi-

291 939 364 963 tores
379 935 458 962 valde
471 934 640 970 percelleret.
657 933 735 960 Ponit
746 937 837 959 autem
848 931 915 959 duas
928 929 1076 958 dubitatio-

289 989 347 1014 nes,
364 981 435 1008 modi
455 979 661 1008 resurrectionis
682 983 711 1006 et
723 977 859 1012 qualitatis
871 983 1026 1011 corporum.
1043 975 1081 1003 De

289 1028 412 1061 utrisque
423 1026 495 1053 enim
513 1025 670 1053 dubitabant
683 1024 804 1051 dicentes
818 1030 827 1052 :
842 1022 983 1056 Quomodo
995 1021 1082 1049 susci-

289 1077 360 1101 tatur
371 1071 397 1099 i‘d
405 1071 476 1107 quod
485 1074 527 1099 est
539 1070 697 1098 dissolutum
705 1070 717 1097 τ
730 1074 769 1103 et,
782 1069 839 1103 Quo
847 1076 954 1103 corpore
961 1066 1082 1095 veniunt?

288 1118 357 1154 Quid
370 1123 411 1146 est
424 1122 525 1151 autem,
543 1117 599 1150 Quo
613 1116 738 1152 corpore?
749 1115 849 1150 Nempe
865 1114 916 1142 hoc
928 1113 998 1149 quod
1014 1113 1082 1140 inte-

289 1165 344 1197 riit,
359 1163 429 1198 quod
443 1162 532 1197 periit,
553 1169 587 1189 an
608 1161 699 1196 aliquo
717 1160 792 1188 alio?
808 1160 911 1187 Deinde
933 1158 1082 1186 ostendens

291 1209 362 1245 quod
382 1211 435 1236 n‘on
450 1211 572 1242 quaerant
586 1214 628 1239 ea,
645 1206 680 1233 de
694 1206 790 1240 quibus
809 1205 955 1237 dubitatur,
979 1203 1028 1231 sed
1050 1210 1082 1230 ea

290 1263 350 1290 qua:
365 1254 391 1281 in
411 1253 536 1281 confesso
549 1255 622 1285 sunt,
644 1251 733 1278 acrius
747 1250 866 1278 occurrit
879 1249 972 1277 dicens
989 1257 997 1275 :
1012 1247 1083 1275 Insi-

291 1301 373 1336 piens,
387 1304 414 1326 tu
428 1298 496 1334 quod
509 1298 630 1330 seminus,
651 1305 703 1323 non
716 1296 869 1330 oioiﬁcatur,
883 1294 934 1322 nisi
954 1298 1084 1321 mortuum

293 1347 379 1382 fuerit.
394 1344 470 1378 Quod
486 1351 535 1371 nos
549 1350 655 1378 quoque
666 1342 785 1369 solemus
800 1342 888 1369 facere
900 1348 964 1376 erga
977 1348 1025 1368 eos
1039 1340 1084 1375 qui

292 1391 480 1420 contradicunt
494 1390 527 1417 iis
540 1390 573 1417 de
587 1389 683 1423 quibus
706 1392 822 1416 constat.
838 1388 872 1414 Et
890 1395 939 1415 cur
958 1394 1012 1414 non
1028 1390 1085 1413 sta-

293 1438 343 1465 tim
368 1437 488 1472 confugit
510 1435 544 1463 ad
566 1435 612 1463 Dei
634 1434 811 1470 potestatem?
832 1433 964 1467 Quoniam
979 1432 1087 1461 disserit

294 1491 357 1511 cum
371 1482 524 1510 inﬁdelibus
539 1490 546 1508 :
562 1488 623 1508 nam
638 1480 745 1516 quando
758 1480 839 1508 verba
853 1479 918 1507 facit
930 1479 1002 1514 apud
1017 1478 1085 1507 fide-

294 1531 345 1563 les,
370 1537 424 1556 non
446 1527 591 1555 admodum
615 1533 683 1562 opus
707 1526 788 1554 habet
809 1525 966 1553 ratiociniis.
988 1525 1087 1559 Quam-

294 1576 387 1604 obrem
398 1582 459 1602 cum
473 1574 534 1601 alibi
545 1573 668 1605 dixisset,
680 1572 884 1608 Transﬁgurabit
896 1579 989 1606 corpus
1002 1571 1088 1598 humi-

296 1622 375 1649 litatis
393 1625 492 1654 vestra,
507 1625 535 1646 tu
547 1619 580 1646 sit
593 1619 754 1655 conﬁgurata
772 1617 873 1653 corpori
894 1617 1017 1645 claritatis
1034 1625 1088 1644 sure

296 1667 429 1702 (Philipp.
444 1667 471 1694 5.
486 1664 545 1701 2i),
556 1669 585 1692 et
593 1665 756 1693 ostendisset
770 1663 871 1698 aliquid
882 1663 997 1698 amplius
1007 1671 1088 1699 quam

295 1713 332 1740 sit
354 1711 534 1743 resurrectio;
551 1717 603 1737 non
619 1710 709 1745 posuit
721 1708 856 1744 exempla,
878 1708 927 1737 sed
941 1715 990 1744 pro
1012 1707 1087 1736 omni

295 1757 525 1787 demonstratione
536 1756 584 1784 Dei
596 1760 757 1791 potestatem
781 1755 896 1783 adduxit
909 1755 935 1782 in
958 1754 1087 1788 medium,

298 1804 401 1832 addens
423 1807 451 1831 et
472 1803 587 1830 dicens:
602 1802 750 1830 Secundum
772 1801 947 1835 operationem
968 1801 1024 1837 ejus
1046 1801 1090 1836 qui

288 1850 377 1886 -possit
389 1849 512 1884 subjicere
521 1847 569 1875 sibi
582 1847 678 1874 omnia.
690 1846 738 1874 llic
749 1850 838 1874 atttem
852 1846 992 1874 ratiocinia
1003 1846 1089 1881 ponit.

297 1895 364 1923 Nam
388 1894 513 1930 quoniam
538 1893 590 1920 hoc
608 1891 776 1920 conﬁrmavit
798 1899 831 1919 ex
855 1891 1011 1926 Scripturis,
1032 1891 1091 1920 haec

299 1949 406 1977 quoque
417 1939 493 1968 addit
505 1947 537 1967 ex
551 1939 714 1966 abundantia
727 1946 790 1974 erga
806 1946 853 1966 eos
866 1939 910 1974 qui
928 1946 980 1966 non
993 1944 1091 1974 parent

300 1986 456 2023 Scripturis,
479 1990 506 2014 et
516 1985 581 2013 dicit
597 1994 603 2012 :
622 1982 758 2020 Insipiens,
770 1989 796 2012 tu
810 1985 879 2020 quod
900 1984 1020 2012 seminus.
1035 1984 1092 2012 Hoc

300 2038 351 2066 est,
366 2032 442 2067 Apud
455 2032 568 2067 teipsum
583 2031 677 2058 horum
691 2030 774 2058 habes
787 2030 983 2065 probationem,
999 2037 1047 2065 per
1060 2037 1092 2058 ea

302 2088 363 2116 quae
381 2079 446 2106 facis
458 2077 588 2114 quotidie,
609 2081 636 2104 et
650 2076 739 2104 adhuc
761 2076 893 2112 ambigis?
906 2077 1051 2112 Propterea
1067 2081 1094 2105 te

303 2133 370 2154 voco
393 2124 575 2159 insipientem,
591 2121 662 2157 quod
685 2122 792 2157 ignores
816 2129 849 2150 ca
868 2130 928 2157 qua:
950 2129 966 2149 a
982 2126 1008 2150 te
1027 2122 1094 2149 ﬁunt

303 2170 440 2208 quotidie;
462 2173 491 2196 et
503 2175 564 2196 cum
587 2167 646 2203 ipse
663 2167 701 2195 sis
715 2167 804 2202 opifex
826 2167 1045 2201 resurrectionis,
1059 2167 1093 2195 de

304 2218 361 2245 Deo
379 2215 495 2243 dubitas.
514 2214 658 2249 Propterea
681 2220 742 2240 cum
758 2220 852 2248 magna
867 2213 935 2241 dixit
959 2213 1091 2248 emphasi,

306 2262 345 2290 Tu
356 2261 423 2296 quod
436 2259 545 2287 seminus
559 2266 567 2286 :
581 2263 608 2286 tu
624 2259 668 2293 qui
682 2267 711 2286 es
725 2259 846 2287 mortalis
860 2264 886 2286 et
897 2259 978 2294 peris.
991 2259 1024 2287 Et
1035 2259 1095 2288 vide

307 2306 441 2344 quomodo
457 2310 545 2332 tttatur
559 2304 718 2332 dictionibus
731 2305 850 2339 subjecto
863 2310 1022 2340 argumento
1031 2313 1096 2334 con-

307 2351 474 2389 gruentibus.
496 2350 556 2377 Non
576 2350 717 2384 viui/icatur
740 2350 823 2383 enim,
841 2351 935 2386 inquit,
958 2351 1007 2378 nisi
1026 2359 1096 2378 mor-

307 2405 378 2426 tuum
392 2397 478 2433 fuerit.
496 2396 614 2431 Propriis
638 2396 710 2424 enim
725 2397 857 2424 seminum
881 2397 983 2424 relictis
998 2398 1096 2426 dictio-

307 2445 397 2476 nibus,
414 2450 508 2477 nempe
519 2442 662 2477 germinat,
676 2442 795 2477 pullulat,
812 2444 943 2476 putrescit
957 2448 984 2472 et
997 2443 1097 2472 dissol-

311 2491 400 2524 vitur;
423 2489 558 2524 adoptavit
572 2497 618 2517 eas
632 2497 691 2524 qua:
705 2490 779 2517 carni
803 2495 901 2517 nostra:
924 2490 1096 2523 conveniunt,

309 2542 406 2570 nempe
424 2533 573 2569 Viui/icatur
596 2538 624 2562 et
646 2533 778 2561 Mortuum
791 2535 877 2570 fuerit,
897 2535 968 2570 quod
989 2535 1098 2570 quidem

310 2590 364 2609 non
379 2584 420 2608 est
433 2581 568 2615 proprium
589 2581 732 2613 seminum,
754 2580 801 2608 sed
820 2588 975 2616 corporum.
992 2581 1025 2608 Et
1046 2589 1099 2609 non

309 2627 400 2655 dixit:
418 2626 561 2661 Postquam
583 2630 718 2653 mortuum
743 2626 832 2658 fuerit,
848 2627 930 2659 vivit;
947 2627 1005 2660 sed,
1028 2627 1099 2662 quod

309 2677 352 2700 est
373 2672 469 2707 majus,
485 2677 626 2707 propterea
639 2672 713 2705 vivit,
729 2673 855 2708 quoniam
878 2674 1001 2700 moritur.
1018 2673 1101 2701 Vides

310 2720 392 2755 quod,
411 2720 481 2747 sicut
502 2719 656 2754 frequenter
670 2719 741 2752 dico,
757 2720 906 2747 orationem
921 2728 1029 2755 semper
1041 2728 1102 2748 ver-

311 2771 350 2794 tat
372 2767 397 2794 in
422 2767 596 2794 contrarium.
621 2765 697 2800 Quod
712 2767 784 2794 enim
807 2767 846 2794 illi
869 2775 922 2794 non
943 2767 1102 2803 resurgendi

311 2811 465 2840 statuebant
477 2818 538 2840 esse
557 2811 697 2848 indicium,
720 2812 771 2841 hoc
784 2812 847 2841 facit
868 2820 927 2842 esse
942 2817 1043 2842 certam
1059 2821 1103 2842 rc-

1130 287 1256 322 surgendi
1269 287 1525 318 demonstrationem
1539 298 1548 318 :
1564 290 1691 319 dicebant
1712 290 1785 320 enim
1802 299 1857 321 non
1878 299 1926 320 re-

1130 339 1251 367 surgere,
1267 334 1394 368 quoniam
1407 339 1450 363 est
1464 340 1610 364 mortuum.
1625 336 1695 371 Quid
1708 341 1798 366 autem
1811 338 1927 374 opponit

1130 377 1197 405 ille?
1208 379 1289 414 Atqui
1300 379 1323 407 si
1332 387 1385 408 non
1396 385 1468 409 esset
1479 386 1626 417 mortuum,
1642 390 1696 411 non
1711 384 1924 411 resurresisset:

1128 428 1158 451 et
1171 428 1312 459 propterea
1327 427 1451 462 resurgit,
1474 428 1601 462 quoniam
1623 432 1665 456 est
1685 435 1832 457 mortuum.
1848 429 1926 457 Sicut

1130 471 1202 499 enim
1222 471 1346 500 Christus
1368 474 1488 508 apertius
1511 475 1539 502 id
1559 476 1648 509 ipsum
1670 477 1800 508 ostendit.
1816 477 1923 510 dicens,

1131 515 1248 544 Granum
1261 519 1392 553 frumenti,
1411 520 1433 547 si
1453 521 1546 548 cadens
1565 521 1592 548 in
1608 525 1701 548 terram
1721 530 1772 549 non
1795 527 1925 550 mortuum

1131 563 1218 598 fuerit,
1231 563 1315 597 ipsum
1330 565 1411 592 solum
1421 571 1504 593 manet
1518 573 1528 593 :
1542 567 1582 594 sin
1593 571 1677 594 autent
1690 572 1819 594 mortuum
1834 568 1924 602 fuerit.

1130 608 1239 635 multum
1259 609 1370 644 fructum
1389 610 1464 644 affert
1488 610 1578 646 (Joan.
1601 612 1646 640 12.
1660 612 1708 646 24)
1723 621 1730 638 :
1743 612 1819 640 illinc
1841 614 1925 640 etiam

1131 654 1230 682 Paulus
1254 655 1365 684 trahens
1386 658 1559 692 exemplum,
1583 665 1636 686 non
1660 658 1824 686 dixit:Non
1846 659 1925 692 vivit.

1130 700 1190 733 sed,
1206 701 1267 728 Non
1288 702 1448 736 viviﬁcatur;
1471 710 1565 731 rursus
1579 703 1626 732 Dei
1650 711 1790 732 assumens
1804 708 1926 740 potesta-

1132 750 1198 777 tem.
1212 750 1240 774 et
1252 747 1399 776 ostendens
1410 748 1483 784 quod
1503 757 1559 777 non
1582 753 1677 777 natura
1693 755 1783 783 teme,
1800 751 1851 778 sed
1867 751 1926 786 ipse

1132 792 1290 821 universum
1303 798 1440 828 operatur.
1456 794 1490 822 Et
1509 802 1557 822 cur
1569 803 1622 823 non
1636 795 1747 823 adduxit
1764 796 1791 823 in
1805 796 1926 824 medium

1132 836 1159 864 id
1171 837 1241 873 quod
1257 842 1314 866 erat
1328 840 1535 868 convenientia:
1553 845 1582 869 et
1603 841 1687 876 magis
1703 842 1854 876 proprium,
1880 849 1926 870 se-

1132 890 1204 915 men,
1226 883 1345 919 inquam,
1362 884 1529 913 humanum?
1542 893 1604 913 nam
1619 891 1697 915 ortus
1707 894 1815 922 quoque
1835 892 1929 915 noster

1133 927 1228 964 incipit
1239 936 1254 955 a
1269 931 1442 965 corruptione
1452 931 1521 959 sicut
1532 937 1560 960 et
1573 932 1710 960 frumenti.
1724 933 1928 968 Quoniam

1132 974 1265 1003 sunthaec
1279 976 1364 1010 paria,
1384 978 1433 1005 sed
1446 978 1498 1006 hoc
1511 983 1552 1006 est
1564 979 1661 1015 majus.
1676 979 1779 1013 Quaerit
1791 980 1865 1008 enim
1879 980 1930 1008 ali-

1133 1020 1197 1055 quid
1214 1021 1355 1056 integrum,
1372 1023 1443 1058 quod
1456 1029 1661 1060 corrumpatur;
1677 1025 1742 1053 illud
1755 1030 1848 1054 autem
1863 1033 1926 1061 pars

1134 1069 1193 1093 erat
1208 1074 1215 1093 :
1229 1067 1403 1101 quamobrem
1425 1068 1476 1097 hoc
1499 1069 1577 1097 affert
1599 1071 1626 1098 in
1650 1071 1781 1100 medium.
1802 1072 1930 1107 AliOquin

1134 1115 1223 1138 autem
1245 1112 1308 1140 illud
1327 1113 1435 1148 quidem
1448 1115 1570 1149 procedit
1592 1123 1607 1142 a
1622 1116 1743 1150 vivente,
1765 1121 1794 1145 et
1821 1117 1848 1145 in
1864 1124 1930 1145 ven-

1135 1161 1203 1186 trem
1214 1158 1307 1186 incidit
1318 1160 1468 1188 viventem:
1482 1161 1526 1189 hic
1539 1166 1629 1190 autem
1640 1170 1693 1190 non
1707 1163 1734 1190 in
1745 1170 1868 1197 carnem,
1883 1164 1931 1192 sed

1136 1204 1162 1232 in
1177 1208 1275 1232 terram
1289 1206 1419 1234 sementis
1432 1207 1566 1242 dejicitur,
1588 1213 1615 1236 et
1638 1209 1665 1237 in
1688 1217 1748 1237 eam
1761 1210 1931 1244 dissolvitur,

1136 1249 1206 1277 sicut
1219 1257 1316 1286 corpus
1331 1257 1478 1280 mortuum.
1499 1254 1678 1286 Quamobrem
1700 1254 1750 1282 hac
1763 1264 1875 1292 quoque
1889 1265 1934 1284 ra-

1137 1296 1209 1325 tione
1221 1301 1281 1325 erat
1291 1299 1443 1334 exemplum
1462 1300 1675 1329 convenientius.
1690 1302 1735 1330 57.
1751 1301 1785 1329 Et
1796 1303 1841 1337 qui
1853 1304 1933 1330 senti-

1137 1347 1192 1376 nat,
1206 1352 1257 1370 non
1275 1351 1368 1379 corpus
1387 1344 1455 1380 quod
1469 1347 1584 1380 futurum
1598 1351 1635 1373 est
1655 1347 1772 1374 seminat.
1788 1347 1858 1375 Nam
1872 1356 1935 1383 quas

1138 1388 1213 1423 prius
1228 1388 1336 1423 quidem
1351 1389 1422 1417 dicta
1437 1394 1509 1424 sunt,
1524 1395 1647 1426 spectant
1658 1392 1692 1419 ad
1705 1392 1850 1420 dicendum
1863 1401 1934 1428 quo-

1138 1433 1219 1462 modo
1244 1440 1405 1469 resurgant:
1429 1435 1481 1463 hoc
1501 1441 1590 1464 autem
1611 1437 1645 1465 ad
1665 1437 1843 1466 dubitandum
1870 1446 1934 1467 cum

1138 1479 1209 1515 quali
1222 1487 1335 1515 corpore
1346 1482 1466 1510 veniant.
1480 1482 1550 1516 Quid
1572 1487 1614 1510 est
1636 1488 1736 1518 autem,
1753 1484 1816 1512 Non
1838 1493 1934 1520 corpus

1138 1525 1206 1559 quod
1215 1526 1329 1559 futurum
1341 1531 1377 1554 est
1387 1527 1514 1555 seminus?
1527 1528 1587 1556 Non
1599 1529 1701 1564 spicam
1716 1531 1861 1566 integram,
1878 1538 1935 1559 non

1140 1570 1302 1599 frumentum
1317 1579 1423 1600 recens.
1437 1573 1487 1601 llic
1505 1574 1577 1602 enim
1593 1582 1646 1602 non
1659 1576 1775 1610 amplius
1793 1575 1829 1603 ad
1843 1583 1937 1604 resur-

1140 1616 1289 1644 rectionem
1302 1622 1406 1653 spectat
1419 1619 1516 1652 oratio,
1527 1619 1575 1647 sed
1589 1620 1623 1648 ad
1634 1621 1741 1649 modum
1756 1622 1938 1650 resurrectio-

1140 1662 1193 1695 nis,
1205 1663 1356 1698 cujusmodi
1377 1668 1419 1692 est
1432 1671 1531 1700 corpus
1545 1665 1616 1701 quod
1635 1670 1678 1694 est
1696 1671 1935 1695 resurrecturum:

1141 1716 1239 1744 nempe
1257 1716 1292 1736 an
1305 1709 1370 1743 tale,
1388 1717 1423 1737 an
1438 1710 1535 1738 melius
1559 1715 1586 1739 et
1599 1711 1718 1745 clarius;
1742 1712 1818 1740 etab
1837 1713 1937 1742 eodem

1141 1754 1265 1789 exemplo
1281 1755 1362 1783 sumit
1377 1759 1530 1791 utrumque,
1544 1756 1691 1785 ostendens
1704 1757 1777 1793 quod
1797 1758 1825 1786 id
1839 1758 1876 1786 sit
1889 1765 1938 1787 re-

1141 1805 1324 1828 surrecturum
1337 1801 1421 1828 multo
1433 1801 1539 1829 melius.

1176 1846 1204 1874 2.
1221 1846 1316 1873 Contra
1329 1846 1460 1875 haereticos
1471 1848 1514 1883 qui
1527 1848 1644 1876 dicebant
1659 1849 1733 1876 aliud
1745 1857 1839 1885 corpus
1851 1858 1940 1878 resur-

1142 1900 1211 1927 gere.
1223 1906 1259 1912 —-
1271 1892 1325 1920 Sed
1339 1892 1458 1921 lueretici
1468 1893 1534 1921 nihil
1548 1893 1644 1922 horum
1657 1895 1839 1930 intelligentes
1853 1896 1940 1924 insul~

1144 1941 1217 1970 tant,
1240 1941 1268 1965 et
1289 1938 1381 1966 dicunt
1399 1946 1407 1964 :
1427 1939 1549 1967 Alterum
1562 1947 1660 1975 corpus
1673 1941 1763 1974 cadit,
1777 1946 1805 1969 et
1819 1942 1937 1970 alterum

1143 1983 1271 2019 resurgit.
1286 1983 1428 2018 Quomodo
1440 1991 1506 2020 ergo
1518 1986 1700 2013 resurrectio?
1711 1986 1769 2021 ejus
1781 1987 1854 2014 enim
1865 1987 1937 2022 quod

1144 2029 1242 2057 cecidit
1255 2033 1309 2062 (est
1328 2030 1500 2058 resurrectio.
1523 2030 1574 2058 Ubi
1597 2035 1640 2059 est
1659 2036 1749 2059 autem
1771 2032 1939 2061 admirabilis

1145 2075 1191 2103 illa
1201 2080 1228 2103 et
1239 2083 1299 2110 quae
1313 2076 1469 2110 opinionem
1482 2081 1593 2112 superat
1615 2077 1745 2105 adversus
1765 2083 1880 2106 mortem
1899 2079 1940 2106 vi-

1145 2122 1230 2150 ctoria
1243 2142 1251 2155 ,
1266 2123 1288 2149 si
1304 2122 1375 2150 aliud
1391 2122 1463 2150 cadit
1482 2127 1510 2151 et
1530 2123 1602 2150 aliud
1616 2123 1752 2159 resurgit!
1765 2131 1853 2158 neque
1866 2125 1939 2152 enim

1146 2167 1192 2196 illa
1203 2168 1293 2203 utique
1302 2172 1427 2196 cernetur
1437 2168 1586 2197 reddidisse
1595 2169 1728 2203 captivum
1740 2169 1812 2205 quod
1825 2171 1938 2204 accepit.

1147 2213 1286 2247 Quomodo
1299 2219 1388 2242 autem
1403 2214 1436 2242 iis
1447 2222 1508 2249 qua:
1519 2214 1590 2242 dicta
1603 2219 1666 2242 sunt
1678 2215 1938 2243 conveneritexem-

1150 2264 1243 2300 plum?
1257 2271 1310 2292 non
1322 2263 1394 2292 enim
1405 2264 1455 2291 alia
1466 2264 1575 2299 quidem
1590 2264 1739 2292 seminatur
1747 2265 1875 2295 essentia,
1889 2265 1938 2291 alia

1148 2315 1237 2338 autem
1253 2310 1378 2346 resurgit,
1394 2310 1442 2338 sed
1461 2310 1555 2338 eadem
1569 2310 1672 2338 melior.
1694 2310 1748 2338 Sed
1762 2318 1849 2346 neque
1862 2309 1939 2337 Citri-

1149 2360 1207 2382 stus
1221 2355 1291 2383 idem
1306 2363 1403 2390 corpus
1417 2356 1574 2390 susceperit,
1587 2356 1633 2391 qui
1647 2355 1696 2383 fuit
1714 2356 1836 2391 primitiae
1849 2363 1939 2383 resur-

1149 2402 1269 2437 gentium
1281 2410 1289 2434 ;
1304 2401 1350 2430 sed
1362 2423 1370 2435 ,
1383 2402 1528 2430 secundum
1542 2409 1590 2430 vos
1601 2422 1610 2435 ,
1625 2401 1692 2430 illud
1704 2402 1811 2437 quidem
1825 2402 1938 2436 abjecit,

1150 2448 1256 2476 etiamsi
1271 2448 1337 2475 nihil
1351 2452 1508 2482 peccasset,
1524 2448 1629 2484 accepit
1651 2452 1740 2475 autem
1759 2448 1843 2475 aliud.
1866 2447 1940 2475 Unde

1151 2501 1216 2529 ergo
1228 2493 1319 2521 aliud?
1333 2501 1394 2521 nam
1408 2493 1459 2521 hoe
1471 2493 1578 2529 quidem
1592 2501 1626 2521 es
1645 2493 1759 2528 virgine,
1776 2493 1839 2520 illud
1852 2497 1938 2520 autem

1152 2539 1240 2566 unde?
1256 2538 1346 2566 Vidon‘
1358 2538 1391 2566 ad
1409 2543 1534 2574 quantam
1549 2538 1741 2566 ahsurditatem
1759 2538 1884 2566 devoluta
1903 2541 1941 2565 est

1152 2584 1259 2612 oratio?
1273 2584 1326 2612 Cur
1338 2585 1411 2612 enim
1431 2584 1549 2611 ostendit
1563 2584 1662 2620 ﬁguras
1673 2588 1701 2612 et
1721 2584 1832 2619 vestigia
1852 2584 1940 2610 clavo-

1154 2630 1233 2658 rum?
1247 2637 1336 2657 annon
1357 2629 1408 2657 hoc
1418 2630 1511 2657 volens
1523 2630 1668 2657 ostendere
1679 2649 1687 2661 ,
1703 2629 1767 2656 illud
1783 2629 1869 2663 ipsum
1885 2636 1940 2656 esse

1155 2677 1227 2712 quod
1241 2677 1312 2704 cruci
1326 2676 1375 2704 fuit
1386 2677 1509 2709 aiﬁxum.
1523 2681 1553 2704 ct
1565 2677 1652 2711 ipsum
1665 2676 1865 2704 resurrexisse?
1877 2675 1941 2710 Quid

1156 2724 1206 2751 sibi
1220 2723 1277 2750 vult
1286 2731 1393 2758 quoque
1406 2723 1489 2758 ﬁgura
1501 2723 1594 2750 Jottzc?
1608 2731 1662 2750 non
1675 2723 1746 2751 enim
1757 2723 1825 2750 alius
1839 2722 1942 2758 quidem

1157 2769 1206 2797 fuit
1221 2770 1363 2804 absorptus
1374 2790 1382 2803 ,
1396 2770 1465 2797 alius
1481 2773 1572 2796 autem
1587 2769 1613 2796 in
1629 2773 1728 2796 terram
1738 2769 1841 2803 ejectus
1853 2768 1941 2796 Jonas.

1157 2815 1225 2849 Quid
1240 2815 1320 2844 etiam
1333 2814 1455 2849 dicebat,
1470 2814 1567 2844 Solvite
1581 2814 1703 2851 templum
1719 2815 1776 2848 th‘,
1795 2819 1817 2842 et
1832 2815 1858 2842 in
1869 2812 1942 2841 tribus
