2021 3117
118 93 172 122 555

642 83 678 112 IN
696 81 808 112 EPIST.
829 81 840 110 Ι
870 79 917 110 AD
937 79 1017 108 COR.
1041 77 1160 106 ΙΙΟΜΙΙ,⁸
1179 76 1251 104 XLI.

1691 75 1748 104 556

120 141 1741 170 ____________________________

841 189 966 217 OMIALA
985 187 1055 213 MA’.

125 245 206 273 Ἀλλ’
219 244 345 280 ἐρεῖτις,
362 242 428 275 Πῶς
444 241 607 280 ἐγείρονται
620 238 759 280 οιινςκροί
767 246 781 280 ;⁵
789 237 862 268 ποίῳ

152 270 437 316 ξέῥχοῃτᾶι
446 270 469 316 ;_'
483 270 607 316 ’Ᾰφροη
622 274 662 302 σὺ
679 274 695 301 ὃ
709 270 853 308 σπείρεις,
875 270 911 296 οὐ

158 310 351 348 ζώποιεῖτὶιὶξ
362 313 416 340 ἐὰν
426 311 469 346 μὴ
484 310 632 344 ἀποθάνῃ.

90 342 120 418 “
158 342 193 395 α’.
209 367 333 401 Ἥμερος
349 363 387 389 ὢν
400 362 502 396 σφόδρα
517 361 566 387 καὶ
582 358 710 390 ταπεινὸς
724 359 737 384 ὁ
750 354 912 386 Ἀπόστολος

246 410 258 415 -
282 410 288 418 ι
333 407 395 418 ν-η-
407 406 451 418 ημκ
465 402 807 418 -π....-....ι.--..-..-.τιπλυω
817 400 912 418 dum.

120 400 272 446 πανταχοῦ,
280 407 397 436 ἐνταῦθα
407 406 452 432 καὶ
463 403 681 440 πληκτικώτερον
690 402 728 438 τῷ
735 402 807 436 λόγῳ
817 400 913 435 κέχρη-

121 467 168 485 ται
182 456 228 484 διὰ
239 455 289 490 τὴν
303 452 418 480 ἀτοπίαν
442 451 496 477 τῶν
511 449 717 484 ἀντιλεγόντων.
733 447 772 474 Οὐ
789 446 842 481 μὴν
859 446 912 480 ἀρ-

121 505 213 531 κεῖται
226 500 325 534 τούτῳ,
337 497 404 525 ἀλλὰ
425 496 473 524 καὶ
486 496 633 530 λογισμοὺς
647 495 694 520 καὶ
704 492 913 528 παραδείγματα

123 549 225 583 τίθησι,
243 546 291 573 καὶ
312 544 358 570 τὸν
371 542 475 578 σφόδρα
496 541 647 576 φιλόνεικον
666 539 752 574 ταύτῃ
766 536 914 583 χειρούμε-

124 580 186 624 νος..
197 590 252 618 Kal
262 588 391 623 ἀνωτέρω
409 586 458 622 μέν
473 593 566 620 φησιν’
575 583 695 617 Ἐπειδὴ
706 583 742 609 δι’
755 580 913 615 ἀνθρώπου

124 639 142 665 ὀ
150 637 291 667 θάνατος,
304 633 354 660 καὶ
363 632 400 659 δι’
409 630 567 665 ἀνθρώπου
579 629 598 663 ’ἠ
610 628 788 660 ἀνάστασις
797 625 914 653 ἐνταῦθα

124 683 155 710 δὲ
168 681 306 709 ἀντίθεσιν
319 679 380 705 λύει
394 679 460 713 παρ’
485 676 620 711 Ἐλλήνων
633 674 828 708 είσαγομένην.
858 671 914 697 Kal

125 728 177 764 ὅρα
189 726 249 758 πῶς
259 725 340 752 πάλιν
353 723 540 757 ὑποτέμνεται
549 721 580 747 τδ
596 719 709 754 σφοδρὸν
719 720 768 753 τῆς
776 717 913 751 διαϐολῆς.

126 763 165 800 σὺ
182 774 237 808 γὰρ
263 769 351 803 εἶπεν,
383 768 452 795 Ἀλλ’
468 767 533 798 ἴσως
558 766 655 801 ἐρεῖτε,
690 764 747 790 ἀλλ’
764 763 916 797 ἀδιόριστον

125 818 235 845 τέθεικε
256 817 302 843 τὸν
316 814 499 848 ἀντιλέγοντα,
529 811 573 838 ἵνα
600 810 670 845 μετὰ
688 809 781 840 ἀδείας
796 815 916 840 καταφο-

126 863 199 900 ρικῷ
210 862 353 898 χρώμενος
373 859 412 895 τῷ
434 859 518 892 λόγῳ,
543 857 582 892 μὴ
610 856 712 890 σφόδρα
741 853 840 900 πλήξῃῗ
852 854 916 900 τοὺς

127 899 290 940 ἀκούοντας·
306 907 352 934 καὶ
363 906 455 941 τίθησι
467 905 514 931 δύο
530 902 579 933 τὰς
594 901 791 937 ὲπαπορὴσεις,
800 899 847 926 τοῦ
856 899 918 934 τρό-

128 964 182 984 που
210 955 261 988 τῆς
277 953 467 984 ἀναστάσεως,
482 950 530 977 καὶ
544 951 595 986 τῆς
608 949 750 983 ποιότητος
762 946 817 973 τῶν
829 945 919 980 σωμά-

127 1009 196 1027 των.
225 999 283 1026 Kal
307 998 361 1033 7&9
384 996 448 1033 περὶ
467 995 631 1031 ἀμφοτέρων
645 993 766 1029 ἠπόρουν
783 991 917 1025 λέγοντες·

129 1045 193 1077 Πῶς
210 1044 348 1078 ἐγείρεται
366 1042 396 1069 τὸ
412 1041 552 1073 διαλυθέν;
567 1041 627 1072 καὶ,
644 1039 721 1072 Ποίφ
744 1037 857 1072 σώματι
871 1035 919 1069 ἐρ-

131 1097 258 1125 κονται;
277 1087 347 1114 Τίδέ
363 1087 431 1118 ἐστι,
444 1086 524 1119 Ποίῳ
541 1085 674 1119 σώματι;
704 1080 766 1109 Οἷον
781 1081 869 1116 τούτῳ
881 1079 921 1115 τῷ

131 1135 274 1170 φθαρέντι,
290 1132 330 1168 τῷ
344 1131 504 1163 ἀπολωλότι,
520 1130 537 1166 ἢ
552 1130 638 1165 ἑτέρῳ
648 1128 720 1162 τινί;
735 1126 801 1154 Εἶτα
815 1126 923 1157 δεικνὺς

131 1181 174 1209 ὅτι
184 1180 214 1207 οὐ
231 1179 268 1206 τὰ
282 1176 506 1214 ἀμφιϐαλλόμενα
529 1175 667 1211 ζητοῦσιν,
690 1173 760 1201 ἀλλά
772 1173 808 1199 τά
819 1172 923 1207 ὡμολο-

132 1225 260 1261 γημένα,
299 1223 401 1254 εὐθέως
427 1221 650 1256 πληκτικὼτερον
680 1219 789 1254 ἀπαντᾷ
823 1218 920 1252 λέγων·

137 1271 263 1304 Ἀφρον,
296 1267 337 1294 σὺ
361 1266 378 1294 ὃ
404 1266 540 1300 σπείρεις
563 1266 600 1292 οὺ
611 1263 800 1295 ζωοποιεῖται,
817 1262 922 1296 ὲὰνμὴ

134 1312 282 1347 ἀποθάνῃ.
299 1312 386 1347 Ὅπερ
401 1311 446 1338 καὶ
457 1311 538 1346 ἡμεῖς
555 1309 691 1345 ειώθαμεν
712 1309 800 1335 ποιεῖν
811 1306 924 1334 ἐπὶτῶν

134 1361 192 1390 τοῖς
207 1357 427 1393 ὡμολογημένοις
443 1356 646 1391 ἀντιλεγόντων,
666 1354 722 1381 Kal
735 1353 808 1385 τίνος
831 1353 925 1380 ἕνεκεν

136 1404 187 1431 οὐκ
203 1403 305 1434 εὐθέως
332 1403 378 1429 ἐπὶ
394 1402 444 1437 τὴν
463 1401 578 1436 δύναμιν
595 1399 643 1427 τοῦ
659 1398 727 1426 Θεοῦ
746 1398 901 1432 κατέφυγεν
915 1406 924 1431 ;

137 1450 200 1476 ὀτι
215 1448 340 1479 ἀπίστοις
355 1447 518 1481 διαλέγεται.
537 1446 622 1473 Ὅταν
637 1445 688 1480 μὲν
712 1443 767 1480 γὰρ
783 1443 851 1478 πρὸς
879 1452 926 1469 πι-

138 1495 219 1526 στοὺς
234 1493 310 1528 αὑτῷ
325 1494 340 1519 ὁ
351 1493 429 1527 λόγος
442 1491 471 1529 ᾖ,
494 1492 525 1518 οὐ
538 1491 640 1526 σφόδρα
665 1490 752 1517 δεῖται
775 1488 925 1524 λογισμῶν,

137 1539 240 1575 Διόπερ
269 1538 354 1565 εἰπὼν
383 1537 514 1572 ἀλλαχοῦ,
541 1537 582 1563 δτι
608 1535 872 1570 Μετασχηματισει
894 1534 928 1560 τὸ

138 1585 225 1620 σῶμα
235 1583 288 1619 τῆς
299 1583 505 1616 ταπεινώσεως
514 1582 599 1616 ὑμῶν
608 1582 652 1614 εις
662 1580 696 1608 τὸ
706 1580 845 1616 γενέσθαι
853 1579 929 1613 σύμ-

136 1639 255 1667 μορφον
265 1631 305 1663 τῷ
316 1629 433 1664 σώματι
444 1628 500 1663 τῆς
509 1627 606 1662 δόξης
617 1626 721 1658 αὐτοῦ,
744 1626 791 1653 καὶ
808 1625 889 1652 πλέον
901 1633 929 1652 τι

139 1679 190 1713 τῆς
201 1676 376 1707 ἀναστάσεως
392 1674 590 1709 ἐνδειξάμενος,
607 1673 638 1700 οὺ
664 1673 771 1699 τέθεικε
798 1671 929 1708 παραδεί-

140 1730 245 1757 γματα,
260 1719 392 1747 ἀλλ’ἀντὶ
415 1718 507 1753 πάσης
524 1717 691 1749 ἀποδείξεως
717 1716 765 1744 τοῦ
791 1716 860 1742 Θεοῦ
879 1715 930 1750 τὴν

140 1766 258 1802 δύναμιν
268 1765 309 1797 είς
333 1763 416 1800 μέσον
428 1764 517 1799 ἤγαγε
530 1762 662 1798 προσθεὶς
675 1762 724 1789 καὶ
738 1761 835 1793 εἰπὼν,
850 1761 931 1788 Κατὰ

141 1810 201 1844 τὴν
211 1810 365 1845 ἐνέργειαν
377 1809 430 1835 τοῦ
443 1808 592 1836 δύνασθαι
608 1806 704 1834 αὐτὸν
717 1806 767 1833 καὶ
780 1806 931 1838 ὑποτάξαι

142 1855 224 1888 αὐτῷ
239 1855 276 1882 τὰ
286 1854 394 1881 πάντα.
418 1853 552 1881 Ἐνταῦθα
573 1853 602 1879 δὲ
619 1853 666 1879 καὶ
676 1851 822 1887 λογισμοὺς
849 1852 929 1879 κινεῖ.

150 1902 261 1937 Ἐπειδὴ
276 1901 332 1937 γὰρ
352 1900 408 1928 ἀπὸ
430 1899 485 1926 τῶν
511 1899 630 1935 Γραφῶν
649 1899 715 1926 αὐτὸ
733 1897 930 1929 κατεσκεύασε,

142 1948 192 1975 καὶ
203 1947 291 1974 ταῦτα
308 1945 488 1981 προστίθησιν
515 1946 548 1973 ὲκ
570 1944 733 1980 περιουσίας
747 1943 843 1970 λοιπὸν
861 1942 932 1978 πρὸς

143 1993 207 2024 τοὺς
220 1991 251 2018 οὐ
261 1990 438 2025 πειθομένους
550 1989 611 2021 ταῖς
626 1989 760 2024 Γραφαῖς,
776 1987 822 2014 καί
838 1993 930 2022 φησιν·

147 2038 272 2072 ’Δφροη
288 2035 329 2064 σὺ
348 2035 364 2062 ὃ
386 2035 530 2069 σπείρεις.
555 2033 697 2066 Τουτέστι,
724 2033 803 2067 Παρά
830 2031 932 2059 σαυτοῦ

145 2083 196 2118 τὴν
226 2081 364 2114 ἀπόδειξιν
387 2080 460 2116 ἔχεις
477 2079 592 2111 τούτων,
608 2079 643 2107 δι’
665 2076 703 2105 ὧν
717 2077 847 2114 πράττεις
871 2078 932 2105 καθ’

145 2127 267 2162 ἑκάστην
291 2126 409 2162 ἡμέραν,
438 2125 486 2152 καὶ
502 2124 683 2160 ἀμφιϐάλλεις
701 2123 759 2157 tu;
778 2124 828 2150 Διά
847 2123 934 2150 ταῦτά

148 2183 179 2201 σε
190 2174 297 2208 ἄφρονα
317 2172 403 2205 καλῶ,
417 2172 458 2198 ὅτι
474 2171 508 2198 τὰ
523 2170 584 2198 καθ’
599 2171 708 2206 ἡμέραν
735 2170 788 2197 ὑπὸ
802 2169 849 2196 σοῦ
860 2169 933 2204 γινό-

149 2227 218 2255 μενα
231 2218 348 2252 ἀγνοεῖς,
359 2217 405 2244 καὶ
416 2216 497 2248 αὐτὸς
516 2216 683 2252 δημιουργὸς
709 2215 884 2247 ἀναστάσεως
895 2214 934 2242 ὢν

148 2264 212 2300 περὶ
218 2263 287 2291 Θεοῦ
302 2263 491 2298 ἀμφιϐάλλεις.
510 2262 556 2288 Διὺ
568 2261 670 2298 σφόδρα
681 2261 854 2297 ἐμφαντικῶς
865 2259 936 2294 εἷπε,

148 2309 192 2337 Σὺ
206 2309 222 2336 ὃ
232 2309 379 2342 σπείρεις,
395 2308 427 2335 σὺ
445 2308 461 2334 ό
476 2307 571 2342 θνητὸς
601 2307 650 2334 καὶ
662 2306 859 2342 ἀπολλύμενος.
882 2306 938 2333 Kal

149 2355 200 2390 ὂρα
216 2354 274 2385 πῶς
289 2355 349 2385 ταῖς
364 2353 468 2386 λέξεσιν
483 2353 592 2384 οἰκείως
606 2353 639 2387 τῇ
655 2352 824 2389 ὑποκειμένῃ
839 2352 939 2388 κέχρη-

149 2408 194 2426 ται
205 2399 344 2426 ὑποθέσει.
355 2399 396 2425 οὐ
411 2397 591 2428 ζωοποιεῖται
621 2397 686 2432 γὰρ,
701 2398 794 2432 φησὶν,
818 2397 874 2424 ἐὰν
894 2397 938 2432 μὴ

150 2444 299 2478 ἀποθάνῃ.
318 2444 374 2475 Τάς
401 2444 456 2479 γὰρ
469 2443 572 2475 οἰκείας
589 2442 678 2476 λέξεις
693 2443 747 2470 τῶν
774 2443 940 2478 σπερμάτων

151 2491 243 2525 ἀφεὶς,
257 2488 313 2516 οἷον
329 2489 359 2515 τὺ
380 2489 535 2524 βλαστάνει,
555 2489 603 2515 καὶ
619 2489 728 2523 φύεται,
745 2489 792 2515 καὶ
810 2489 939 2524 σήπεται,

152 2538 200 2564 καὶ
211 2536 361 2567 διαλύεται,
374 2535 424 2567 τὰς
440 2535 622 2570 καταλλήλους
638 2536 744 2571 ἥρμοσε
772 2536 804 2570 τῇ
815 2536 897 2570 σαρκὶ
907 2536 940 2570 τῇ

153 2583 288 2620 ἡμετέρᾳ,
306 2582 337 2609 τὸ
351 2581 539 2609 Ζωοποιεῖται
570 2583 617 2608 καὶ
636 2581 795 2615 Ἀποθάνῃ,
813 2581 881 2617 ὅπερ
911 2581 942 2607 οὐ

152 2628 320 2665 σπερμάτων
335 2627 436 2663 κυρίως
449 2627 533 2658 ἐστὶν,
548 2627 617 2654 ἀλλὰ
639 2626 784 2662 σωμάτων.
810 2626 867 2652 Καὶ
893 2626 944 2653 οὐκ

151 2673 242 2708 εἶπεν,
251 2675 292 2700 ὅτι
307 2673 385 2700 Μετὰ
393 2673 423 2700 τὸ
430 2673 578 2699 ἀποθανεῖν
589 2672 635 2708 ζῇ,
646 2672 713 2704 ἀλλ’,
728 2672 742 2698 ὃ
754 2672 846 2707 μεῖζόν
859 2672 943 2705 ἐστιν,

151 2721 194 2748 ὅτι
207 2719 258 2746 Διά
273 2719 355 2746 τοῦτο
379 2719 412 2754 ζῇ
427 2738 435 2751 ,
464 2718 559 2754 ἐπειδὴ
586 2718 764 2753 ἀποθνήσκει.
784 2718 865 2754 Ὁρᾷς
891 2718 944 2750 ὅτι,

152 2766 222 2800 ὅπερ
242 2764 288 2791 ἀεὶ
303 2763 384 2797 λέγω,
406 2764 446 2795 εἰς
463 2762 618 2791 τούναντίον
642 2763 686 2790 ἀεὶ
701 2763 861 2800 περιτρέπει
873 2769 886 2783 α
899 2763 945 2789 τὸν

184 2819 199 2834 ³
212 2816 347 2850 Lrgebatur
356 2816 490 2847 προτρέπει.

961 231 1052 265 λόγον.
1070 230 1104 257 '0
1121 229 1176 265 7&9
1205 228 1345 256 ἐποιοῦντο
1361 229 1460 255 ἐκεῖνοι
1477 227 1629 264 τεκμήριον
1645 227 1693 254 τοῦ
1713 228 1751 263 μὴ

961 275 1132 306 ἀνίστασθαι,
1148 274 1226 301 τοῦτο
1238 274 1285 301 τοῦ
1301 274 1461 301 ἀνίστασθαι
1470 275 1587 300 ποιεῖται
1601 273 1750 305 ἀπόδειξινο

961 323 1009 349 καὶ
1023 322 1077 357 γὰρ
1092 321 1185 354 ἔλεγον
1199 320 1249 347 οὐκ
1267 320 1436 352 ἀνίστασθαι,
1453 318 1548 353 ἐπειδὴ
1564 318 1695 345 ἀπέθανε.
1720 318 1753 344 Τί

961 366 1008 395 οὖν
1024 367 1106 399 αὐτὸς
1120 366 1302 402 ἀντιστρέψας
1330 365 1414 401 φησίς
1437 364 1492 391 Καὶ
1515 364 1568 399 μὴν
1582 364 1607 390 εί
1626 363 1664 399 μὴ
1697 364 1753 390 ἀπ-

963 412 1069 444 έθανεν,
1094 412 1146 438 οὐκ
1167 411 1200 438 ἂν
1215 412 1315 446 ἀνέστη
1328 419 1335 426 ·
1362 410 1409 436 καὶ
1437 409 1481 436 διά
1497 408 1577 435 τοῦτο
1600 408 1754 438 ἀνίσταται.

963 458 1058 493 ἐπειδὴ
1071 457 1200 484 ἀπέθανε.
1220 456 1413 491 Καθάπεργάρ
1423 456 1437 482 ὁ
1453 455 1569 490 Χριστὸς
1585 454 1754 488 σαφέστερον

963 503 1029 530 αὐτὸ
1049 504 1127 530 τοῦτο
1143 502 1309 529 ἐνδείκνυται
1324 501 1421 535 λέγων’
1445 501 1477 526 '0
1506 500 1616 532 κόκκος
1632 499 1686 526 τοῦ
1706 499 1755 525 σί-

969 557 1033 582 του,
1051 548 1105 575 ἐὰν
1117 547 1220 575 πεσὼν
1233 548 1277 580 εὶς
1289 547 1346 579 τὴν
1357 546 1415 581 γῆν
1434 545 1481 580 μὴ,
1502 544 1649 578 ἀποθάνῃ,
1665 545 1756 577 αὐτὸς

965 593 1058 626 μόνος
1068 592 1162 626 μένει·
1180 591 1236 617 ἐὰν
1257 591 1291 617 δὲ
1301 589 1557 623 ἀποθάνῃ,πολὺν
1578 589 1694 622 καρπὸν
1704 588 1756 622 φέ-

965 645 1027 671 ρει·
1055 636 1160 664 ἐκεῖθεν
1185 637 1259 663 καὶὸ
1280 635 1385 666 Παῦλος
1413 635 1445 661 τὸ
1472 635 1649 670 παράδειγμα
1676 634 1757 660 τοῦτο

965 683 1091 715 ἑλκύσας,
1106 683 1156 710 οὐκ
1168 680 1256 714 εἶπεν,
1271 682 1311 708 ὅτι
1324 681 1360 707 UO
1373 680 1417 716 ζῇ,
1434 680 1502 711 ἀλλ’,
1512 681 1553 706 οὺ
1566 679 1756 711 ζωοποιεῖται,

966 728 1048 755 πάλιν
1065 728 1112 754 τοῦ
1139 727 1207 754 Θεοῦ
1227 727 1277 762 τὴν
1305 726 1420 761 δύναμιν
1445 725 1680 760 παραλαμϐάνων,
1709 724 1758 751 καὶ

964 774 1071 805 δεικνὺς
1085 774 1125 800 ὅτι
1142 773 1192 807 οὐχ
1202 774 1219 808 ἡ
1231 773 1277 807 τῆς
1289 772 1340 806 γῆς
1354 771 1446 806 φύσις,
1474 770 1532 796 ἀλλ’
1549 769 1630 801 αὐτὸ,
1647 769 1677 796 τὸ
1705 770 1760 796 πᾶν

966 818 1124 853 ἐργάζεται.
1147 816 1203 844 Kal
1217 815 1243 842 τί
1258 815 1358 851 δήποτε
1383 815 1432 849 οὑχ
1445 815 1514 849 ὅπερ
1533 814 1697 849 οἰκειότερον
1714 812 1758 849 ἧν,

955 863 1050 890 τοῦτο
1075 863 1178 897 ἡγαγεν
1193 862 1233 893 είς
1247 861 1339 896 μέσον,
1355 860 1384 886 τὺ
1399 861 1510 895 σπέρμα
1522 859 1594 893 λέγω
1610 859 1640 885 τὸ
1653 859 1760 894 ἀνθρώ-

971 916 1065 940 πινον;
1079 907 1134 934 Kal
1148 908 1202 942 7&9
1216 907 1262 933 καὶ
1273 907 1289 942 ἡ
1299 905 1423 942 ἡμετέρα
1438 906 1565 940 γέννησις
1584 905 1637 932 ἀπὸ
1657 905 1760 940 φθορᾶς

971 954 1095 989 ἄρχεται,
1105 952 1199 987 ὥσπερ
1217 953 1235 986 ἡ
1251 951 1298 978 τοῦ
1311 951 1395 978 σίτου.
1415 951 1475 977 Ὀτι
1491 951 1541 977 οὐκ
1556 948 1592 986 ἦν
1609 951 1676 982 ἴσον,
1691 951 1761 977 ἀλλά

970 998 1051 1025 τοῦτο
1062 997 1155 1024 πλέον.
1176 997 1339 1032 Ὀλόκληρον
1367 997 1421 1032 γάρ
1436 1005 1461 1023 τι
1476 996 1554 1031 ζητεί
1569 996 1759 1032 φθειρόμενον,

973 1043 1063 1070 έκεῖνο
1077 1042 1106 1069 δὲ
1118 1042 1201 1078 μέρος
1211 1040 1256 1078 ἦν·
1265 1041 1360 1077 διόπερ
1369 1041 1449 1068 τοῦτο
1459 1042 1500 1073 εὶς
1513 1041 1595 1076 μέσον
1609 1041 1681 1076 ἀγει.
1699 1042 1763 1068 ’Λλ-

973 1087 1028 1120 λως
1040 1088 1080 1119 δὲ,
1100 1089 1190 1114 ἐκεῖνο
1206 1088 1257 1123 μὲν
1271 1088 1317 1114 καὶ
1331 1087 1385 1114 ἀπὸ
1398 1087 1499 1119 ζῶντος
1511 1088 1629 1122 πρόεισι,
1656 1088 1704 1114 καὶ
1721 1089 1763 1119 εἰς

975 1133 1064 1166 ζῶσαν
1076 1133 1207 1168 ἐμπίπτει
1220 1133 1353 1167 γαστέρα⁴
1367 1133 1484 1160 ἐνταῦθα
1500 1134 1528 1159 δὲ
1546 1133 1595 1159 οὐκ
1609 1134 1648 1164 εἷς
1661 1133 1762 1168 σάρκα,

975 1177 1033 1204 ἀλλ’
1049 1179 1090 1209 είς
1102 1177 1151 1213 τὴν
1166 1178 1217 1213 γῆν
1229 1179 1243 1204 ό
1254 1178 1354 1213 σπόρος
1367 1178 1578 1210 καταϐάλλεται,
1599 1179 1646 1205 καὶ
1659 1179 1699 1210 είς
1712 1179 1764 1205 αὺ-

976 1223 1026 1258 τὴν
1039 1223 1185 1255 διαλύεται,
1201 1223 1327 1259 καθάπερ
1354 1224 1383 1250 τὺ
1399 1223 1478 1259 σῶμα
1492 1224 1523 1250 τὸ
1547 1224 1688 1260 τεθνηκός.
1719 1225 1765 1250 Διὸ

976 1268 1024 1295 καὶ
1038 1269 1123 1304 ταύτῃ
1139 1268 1301 1303 οἰκειότερον
1316 1267 1351 1304 ἦν
1366 1269 1396 1295 τὸ
1409 1269 1570 1303 ὑπόδειγμα.
1587 1269 1664 1296 Καὶό
1680 1269 1766 1295 σπεί-

973 1322 1048 1348 ρων,
1062 1315 1098 1341 οὐ
1112 1314 1144 1340 τὸ
1154 1314 1240 1349 σῶμα
1257 1313 1290 1340 τὸ
1306 1315 1511 1348 γενησόμενον
1523 1315 1649 1348 σπείρει.
1662 1314 1703 1340 Τά
1716 1315 1766 1350 μὲν

978 1360 1032 1394 γὰρ
1051 1359 1205 1394 ἔμπροσθεν
1218 1359 1361 1395 εἰρημένα,
1392 1359 1460 1394 πρὸς
1476 1359 1507 1385 τὺ
1517 1359 1607 1394 λέγειν
1619 1360 1677 1391 πῶς
1693 1359 1766 1393 ὲγεί-

981 1413 1082 1441 ρονται·
1096 1405 1177 1432 τοῦτο
1194 1405 1233 1437 δὲ,
1262 1405 1330 1440 πρὸς
1353 1405 1385 1432 τὸ
1412 1405 1551 1440 διαπορεῖν
1564 1406 1632 1440 ποίῳ
1659 1405 1767 1440 σώματι

979 1449 1114 1486 ἔρχονται.
1131 1451 1164 1477 Τί
1177 1451 1206 1476 δέ
1222 1452 1307 1483 ἐστιν,
1330 1451 1372 1477 οὐ
1396 1451 1430 1477 τὸ
1443 1450 1530 1485 σῶμα
1548 1451 1581 1477 τὸ
1606 1451 1769 1484 γενησόμε-

980 1503 1038 1522 νον
1055 1495 1190 1529 σπείρεις
1197 1503 1207 1527 ;
1233 1496 1270 1522 Οὐ
1301 1496 1401 1531 στάχυν
1424 1495 1582 1530 ὀλόκληρον,
1609 1495 1669 1522 οὐδὲ
1695 1497 1769 1522 σῖτον

981 1540 1051 1568 νέον.
1074 1541 1205 1567 Ἐνταῦθα
1217 1541 1271 1576 γὰρ
1286 1541 1378 1568 οὐκέτι
1393 1541 1460 1576 πρὸς
1471 1541 1521 1576 τὴν
1541 1541 1690 1568 ἀνάστασιν
1702 1542 1716 1567 ὁ
1727 1541 1771 1567 λό‹

981 1595 1039 1622 γος,
1053 1586 1122 1614 ἀλλά
1139 1587 1207 1622 πρὸς
1220 1587 1266 1613 τὸν
1281 1588 1382 1622 τρόπον
1394 1586 1444 1622 τῆς
1451 1587 1636 1620 ἀναστάσεως,
1646 1587 1769 1614 ποταπδν

981 1632 1012 1658 τὸ
1028 1631 1107 1667 σῶμα
1118 1631 1148 1658 τὸ
1164 1631 1260 1667 μέλλον
1272 1632 1443 1664 ἀνίστασθαι,
1475 1629 1532 1658 οἷον
1547 1633 1572 1658 εί
1597 1632 1727 1664 τοιοῦτον,
1753 1633 1772 1668 ἡ

984 1677 1089 1713 βέλτιον
1116 1678 1163 1705 καὶ
1175 1678 1374 1714 λαμπρότερονο
1400 1678 1448 1704 καὶ
1477 1678 1620 1714 ἀμφότερα
1644 1678 1700 1705 ἀπὸ
1722 1678 1771 1705 τοῦ

983 1722 1066 1750 αὐτοῦ
1095 1722 1294 1758 ὐποδείγματος
1315 1722 1459 1758 λαμϐάνει,
1486 1722 1594 1754 δεικνὺς
1615 1723 1657 1749 ὅτι
1680 1723 1772 1760 πολλῷ

984 1767 1100 1804 βέλτιον.

1019 1813 1053 1848 β’.
1062 1812 1131 1839 Ἀλλ’
1144 1812 1169 1839 οί
1180 1812 1314 1848 αἰρετικοὶ
1325 1812 1408 1848 μηδὲν
1415 1812 1518 1839 τούτων
1526 1813 1662 1844 συνιέντες
1672 1815 1774 1848 ἐπιπη-

983 1859 1059 1892 δῶσι,
1075 1858 1123 1886 καὶ
1135 1858 1272 1893 λέγουσιν,
1296 1858 1337 1885 ὅτι
1352 1858 1467 1894 Ἕτερον
1490 1858 1569 1893 σῶμα
1589 1858 1702 1892 πίπτει,
1724 1859 1772 1885 καὶ

983 1905 1077 1940 ἕτερον
1091 1905 1170 1940 σῶμα
1184 1905 1336 1931 ἀνίσταται.
1359 1904 1421 1935 Πῶς
1448 1902 1496 1931 οὖν
1523 1905 1691 1936 ἀνάστασις;
1724 1904 1772 1931 τοῦ

984 1950 1039 1985 γὰρ
1055 1949 1129 1986 [588]
1159 1950 1287 1980 πεσόντος
1317 1949 1419 1985 ἐστὶνὴ
1436 1950 1593 1981 ἀνάστασις.
1620 1950 1675 1977 Ποῦ
1691 1950 1719 1976 δὲ
1740 1951 1771 1977 τὸ

985 1995 1140 2031 θαυμαστὸν
1151 1996 1198 2023 καὶ
1213 1995 1366 2031 παράδοξον
1383 1995 1454 2026 κατά
1466 1996 1513 2022 τοῦ
1525 1996 1641 2023 θανάτου
1655 1996 1771 2032 νικητὴ-

987 2042 1084 2078 ριον,εί
1102 2041 1166 2068 ἀλλο
1179 2041 1284 2072 πίπτει,
1299 2042 1346 2068 καὶ
1360 2041 1425 2068 ἀλλο
1441 2041 1597 2074 ἀνίσταται;
1615 2041 1706 2068 οὐκέτι
1719 2041 1774 2077 7&9

987 2087 1136 2122 φανήσεται
1149 2088 1252 2117 ἐκεῖνος
1265 2086 1382 2117 ἀποδοὺς
1395 2087 1463 2121 ὅπερ
1477 2086 1572 2112 ἐλαϐεν
1586 2085 1772 2121 αἰχμάλωτον.

987 2132 1050 2164 Πῶς
1064 2133 1092 2159 δὲ
1107 2132 1138 2159 τὸ
1150 2132 1301 2168 ὑπόδειγμα
1311 2132 1456 2167 άρμόσειεν
1472 2132 1505 2158 ἂν
1516 2133 1571 2163 τοῖς
1598 2131 1755 2167 εἰρημένοις
1767 2140 1774 2164 ;

985 2179 1017 2206 οὺ
1031 2179 1086 2214 γὰρ
1099 2178 1167 2213 ἄλλη
1186 2178 1235 2213 μὲν
1246 2178 1324 2205 οὐσία
1341 2178 1492 2212 σπείρεται,
1503 2177 1570 2213 ἄλλη
1583 2176 1612 2203 δὲ
1623 2177 1775 2212 ἐγείρεται,

985 2219 1043 2247 ἀλλ’
1063 2220 1081 2255 ἡ
1096 2219 1165 2254 αύτὴ
1180 2219 1301 2254 βελτίων.
1333 2219 1430 2246 Ἔσται
1453 2218 1481 2245 δὲ
1496 2219 1556 2245 οὐδὲ
1577 2219 1591 2244 ὁ
1603 2218 1721 2253 Χριστὸς
1747 2219 1778 2244 τὸ

987 2261 1052 2288 αὐτὸ
1064 2260 1145 2296 σῶμα
1157 2259 1322 2296 ἀνειληφὼς,
1340 2259 1451 2296 ἀπαρχὴ
1462 2259 1516 2286 τῶν
1527 2260 1716 2294 ἀνισταμένων
1732 2268 1779 2293 γε-

987 2307 1110 2340 νόμενος·
1124 2306 1193 2334 ἀλλά
1202 2306 1263 2333 καθ’
1279 2306 1351 2341 ὑμᾶς
1363 2307 1451 2332 ἐκεῖνο
1466 2305 1515 2340 μὲν
1527 2305 1634 2341 ἔρριψε,
1647 2306 1734 2333 καίτοι
1746 2313 1778 2339 γε

987 2353 1064 2379 οὐδὲν
1083 2353 1257 2388 ήμαρτηκὺς,
1278 2352 1371 2388 ’έτερον
1389 2352 1417 2378 δὲ
1442 2351 1547 2378 ἐλαϐεν.
1575 2351 1661 2378 Πόθεν
1679 2352 1733 2386 ἄρα
1748 2352 1779 2378 τὸ

988 2399 1101 2434 ἓτερον;
1116 2398 1195 2425 τοῦτο
1211 2398 1261 2433 μὲν
1276 2398 1330 2433 7&9
1344 2398 1376 2424 ὲκ
1388 2398 1629 2433 παρθένου,ὲκείνο
1637 2397 1666 2424 δὲ
1682 2398 1779 2430 πόθενς

995 2443 1076 2479 Ὀρᾷς
1092 2444 1132 2475 εἰς
1144 2443 1210 2478 ὅσην
1227 2443 1343 2470 ἀτοπίαν
1356 2444 1370 2470 ό
1385 2443 1464 2477 λόγος
1479 2442 1637 2478 ἐξεκυλίσθη
1652 2451 1658 2475 ;
1686 2444 1735 2470 Διὰ
1752 2443 1779 2470 τί

990 2489 1045 2524 γὰρ
1060 2489 1107 2515 καὶ
1121 2489 1185 2520 τοὺς
1199 2488 1301 2520 τύπους
1321 2488 1442 2515 δείκνυσι
1458 2489 1512 2514 τῶν
1528 2489 1618 2524 ﬁlum;
1632 2487 1693 2523 οὐχὶ
1701 2488 1780 2515 τοῦτο
1794 2490 1798 2517 ξ

990 2535 1129 2567 ἀποδεῖξαι
1140 2534 1226 2561 θέλων
1237 2555 1245 2567 ,
1260 2535 1300 2561 ὅτι
1313 2535 1378 2561 αὐτὸ
1394 2535 1481 2561 ἐκεῖνό
1494 2536 1552 2561 ἐστι
1579 2535 1609 2561 τὸ
1633 2534 1780 2561 ἀνασκολο-

993 2581 1098 2615 πισθὲν,
1115 2581 1161 2607 καὶ
1176 2580 1242 2607 αὐτὸ
1267 2581 1348 2607 πάλιν
1376 2580 1493 2616 ἁνέστη;
1522 2580 1554 2606 Τί
1570 2581 1597 2606 δὲ
1613 2580 1659 2607 καὶ
1672 2581 1781 2611 ότύπος

995 2628 1118 2663 βούλεται
1134 2626 1208 2661 αὐτῷ
1222 2628 1235 2653 ό
1247 2626 1293 2653 τοῦ
1315 2627 1392 2653 Ἰωνᾶ
1403 2635 1410 2659 ;
1422 2627 1452 2653 οὺ
1468 2627 1523 2662 7&9
1536 2627 1621 2661 δήπου
1638 2626 1717 2657 ἄλλος
1731 2626 1781 2661 μὲν

994 2672 1142 2706 κατεπόθη,
1159 2671 1236 2703 ἄλλος
1255 2672 1283 2698 δὲ
1298 2672 1338 2704 είς
1354 2673 1404 2708 τὴν
1420 2673 1472 2708 γῆν
1485 2671 1614 2708 ἐξηνέχθη
1634 2672 1736 2703 Ἰωνᾶς.
1748 2671 1781 2697 Τί

994 2720 1023 2746 δὲ
1034 2719 1080 2746 καὶ
1095 2718 1182 2751 ἔλεγε,
1200 2718 1319 2745 Λύσατε
1333 2719 1387 2745 τὸν
1395 2718 1470 2745 ναὸν
1482 2718 1600 2748 τοῦτον.
1616 2717 1665 2744 καί
1677 2717 1712 2743 ἐν
1724 2724 1782 2750 τρι-

996 2766 1049 2792 σὶν
1060 2764 1183 2799 ἡμέραις
1197 2765 1287 2800 ἐγερῶ
1295 2764 1405 2796 αὐτόν;
1415 2763 1460 2790 τὸν
1474 2764 1527 2799 7&9
1541 2763 1671 2798 λυόμενον
1685 2762 1781 2795 δηλον-

997 2811 1038 2838 ότι
1055 2810 1148 2837 τοῦτον
1165 2812 1213 2838 καὶ
1230 2811 1336 2845 ἀνίστη.
1361 2810 1406 2837 Διὸ
1422 2810 1468 2837 καὶ
1488 2807 1680 2844 προσέθηκενό
1698 2806 1780 2840 εὐαγ-
