1986 3128
128 177 178 208 337

128 236 213 263 dt"ch
227 235 342 265 excitabo
361 236 443 272 ipsum
460 236 558 273 (Joan.
571 237 599 264 Ω.
616 237 658 264 19.
672 237 704 264 21
719 237 753 273 )?
767 245 827 264 nam
852 237 921 271 quod

127 282 335 315 dissolvebatur,
348 282 373 309 id
387 283 491 310 scilicet
503 283 639 310 excitavit.
653 283 835 316 Quamobrem
850 282 923 310 addi-

127 328 166 355 dit
184 329 348 364 evangelista
358 349 366 361 ,
382 328 431 355 Ille
445 334 527 355 anteiit
545 329 642 355 dicebat
657 329 688 355 de
703 329 795 362 templo
809 330 848 356 sui
863 337 922 355 cor-

129 374 205 408 poris.
221 374 290 408 Quid
308 383 372 409 ergo
384 375 464 407 dicit,
485 375 544 401 Non
558 383 650 409 corpus
665 375 732 410 quod
750 378 863 410 futuram
885 380 921 401 est

127 419 254 447 seminus?
270 419 326 447 line
345 424 404 452 est,
426 428 478 447 non
495 421 595 455 spicam
611 428 618 446 :
633 426 673 447 est
694 421 764 447 enim
778 421 870 447 eadem
894 426 921 447 et

127 473 180 491 non
193 465 289 493 eadem
306 476 312 493 :
326 465 419 493 eadem
431 466 550 501 quidem,
564 467 691 500 quoniam
707 466 800 492 cadent
816 470 857 493 est
876 473 905 492 es

127 510 227 541 sentin;
242 518 295 536 tton
307 511 413 542 eadem.
434 511 560 546 quoniam
575 511 631 538 lta-c
644 516 685 537 t'Sl
704 512 807 541 melior.
824 511 918 537 eadem

126 556 232 590 quidem
246 562 372 584 manente
384 558 499 584 essentia
509 577 517 590 ,
533 558 627 592 majori
642 562 731 584 autem
747 557 814 584 facta
831 558 920 591 specie

126 609 157 629 ac
169 602 279 634 decore,
295 611 356 631 cum
371 612 438 631 nova
452 604 487 631 sit
505 614 511 631 :
524 604 649 639 quoniam
662 605 712 631 nisi
727 603 777 630 hoc
791 608 871 633 σεε-εει,
886 610 919 630 ne

125 654 196 677 esset
208 650 317 685 quidem
329 652 501 683 resurrectio,
517 652 567 678 nisi
583 657 655 678 esset
670 650 766 677 melius
781 656 918 677 resurrec-

126 699 195 722 tura.
219 696 273 722 Cur
293 697 364 723 ettim
380 696 487 724 domum
502 701 574 723 esset
587 697 740 728 diruturus.
758 696 806 722 nisi
823 696 919 730 splen—

125 740 256 768 didiorem
270 748 344 769 esset
363 741 567 769 atditicatttrus?
586 743 641 769 lloe
660 743 740 776 igitur
760 742 827 769 dixit
848 742 898 768 illis
910 760 919 774 ,

123 787 169 821 qui
182 787 373 814 existimabant
388 788 511 815 eumdem
528 796 588 815 esse
603 788 740 814 interitum
766 795 797 814 ac
817 794 919 813 corru—

125 833 254 866 ptionem.
268 833 370 861 Deinde
384 842 417 861 ne
431 835 561 868 quispiam
575 842 666 861 rursus
675 834 841 860 existimaret
857 833 918 859 ltinc

122 878 299 906 dictunle
321 879 393 906 aliud
414 887 511 913 corpus
524 900 531 911 ,
547 879 638 906 datum
660 880 773 913 :rnigma
793 878 877 911 lenit,
892 882 919 905 ct

124 924 318 959 interpretatur
332 925 403 960 quod
420 926 519 952 dictum
539 931 591 956 est,
608 933 662 951 non
678 924 830 951 concedens
843 924 919 950 aitdi-

120 972 174 999 lori
196 977 226 998 ut
248 976 366 999 mentem
389 972 441 999 alio
456 972 610 999 transferat.
636 971 704 1005 Quid
733 978 797 1005 ergo
819 970 918 997 nostris

120 1024 190 1052 opus
205 1021 249 1044 est
260 1017 367 1044 verbis?
379 1017 446 1044 Audi
460 1018 555 1052 ipsum,
568 1018 611 1052 qui
625 1017 660 1044 (Πι
671 1018 699 1050 it,
710 1017 772 1050 quid
788 1017 822 1043 sit
837 1016 918 1042 inter-

123 1068 274 1096 pretant'etn
293 1071 300 1089 :
319 1063 379 1090 Non
407 1072 499 1098 corpus
520 1064 587 1098 quod
603 1064 716 1097 futurum
740 1069 775 1090 cst
798 1063 914 1089 seminus.

119 1109 215 1136 Statim
228 1110 302 1137 enim
317 1110 455 1144 subjuttxit
471 1119 478 1137 :
491 1110 544 1137 Sed
563 1110 659 1136 mulum
676 1118 782 1144 granum
794 1129 801 1141 ,
819 1114 843 1135 ut
854 1118 916 1143 puta

119 1155 208 1188 tritici,
222 1161 268 1184 aut
281 1156 392 1188 alicuius
411 1156 558 1191 huiusmodi
578 1156 701 1182 sentinam
728 1155 783 1182 lloc
797 1159 848 1186 est,
864 1162 916 1180 non

117 1208 217 1235 corpus
232 1200 306 1236 quod
321 1205 363 1228 est
380 1200 499 1228 futurum
511 1222 517 1232 ,
534 1208 629 1234 t.etnpe
650 1209 701 1226 non
717 1201 755 1227 sic
771 1202 893 1226 vestitum
907 1218 914 1231 ,

119 1253 205 1281 neque
234 1247 353 1274 culmum
374 1246 475 1274 habens
493 1251 520 1273 et
535 1247 630 1272 aristas
648 1254 653 1272 :
679 1246 730 1272 Sed
748 1246 841 1271 mulum
857 1253 917 1279 gra-

118 1301 187 1326 num,
198 1299 227 1320 ut
238 1299 301 1329 puta
313 1294 407 1327 tritici,
422 1299 465 1320 aut
479 1295 589 1328 alicujus
602 1302 632 1320 eo:
643 1294 673 1319 iis
687 1301 743 1328 qua-
753 1298 809 1319 sunt
823 1293 914 1326 [injus-

116 1339 196 1366 modi.
222 1340 268 1367 '58.
293 1339 361 1366 Deus
385 1346 470 1366 autem
493 1341 536 1366 ttat
562 1340 601 1366 illi
619 1347 710 1373 corpus
740 1340 803 1365 sicut
825 1339 913 1364 voluit.

114 1384 195 1412 Certe
207 1405 216 1417 ,
232 1386 337 1420 inquit;
354 1386 400 1413 sed
418 1386 469 1412 illic
482 1391 522 1413 est
541 1393 609 1420 epos
625 1391 736 1412 natura-.
753 1385 836 1419 Cujus
848 1406 855 1416 ,
872 1385 925 1413 dic,

115 1440 220 1467 qumso,
237 1432 360 1460 natum?
382 1440 443 1460 nam
462 1433 518 1459 illic
538 1440 645 1467 qttoqttc
670 1432 738 1458 licus
770 1432 914 1457 tabricatur

117 1477 274 1505 universum
289 1498 295 1509 ,
317 1485 371 1505 non
391 1483 486 1504 natura
508 1485 593 1512 neque
615 1483 684 1503 terra
706 1484 792 1511 neque
813 1476 909 1510 pluvia.

115 1523 298 1556 Quamobrem
323 1524 381 1558 ipse
396 1523 452 1551 lucc
476 1524 631 1558 signiﬁcans
643 1544 650 1554 .
665 1524 776 1550 dimissa
791 1528 860 1550 terra
887 1528 911 1550 ct

115 1577 179 1597 aere
193 1575 222 1597 et
242 1570 334 1604 pluvia
347 1575 373 1596 et
387 1570 563 1605 agricolarum
584 1570 705 1596 manibus
720 1591 726 1600 ,
744 1571 880 1605 subjnnxit
905 1579 910 1596 :

114 1612 185 1643 Deus
198 1615 244 1642 dat
259 1616 300 1643 illi
316 1624 409 1651 corpus
424 1617 487 1643 sicut
506 1617 594 1643 voluit.
614 1616 672 1643 Noli
694 1624 758 1651 ergo
777 1617 912 1651 inquirere

115 1666 143 1688 et
159 1661 287 1697 indagare
298 1662 434 1697 quomodo
444 1668 473 1690 et
484 1671 597 1697 quanam
612 1664 725 1695 ratione,
742 1672 802 1690 rum
819 1664 911 1690 audie-

115 1706 152 1734 ris
173 1706 220 1734 Dei
236 1708 383 1742 potentiam
405 1712 432 1735 et
444 1709 618 1735 voluntatem.
637 1708 669 1734 Et
692 1710 825 1743 unicuique
837 1710 911 1736 senti-

115 1761 176 1779 mtm
198 1754 331 1788 proprium
353 1763 455 1790 corpus.
470 1754 520 1782 Ubi
544 1763 608 1789 ergo
624 1755 757 1782 alienum?
772 1756 816 1782 dat
839 1757 909 1783 enim

116 1800 263 1834 proprium.
279 1801 459 1835 Quamobrem
475 1801 580 1835 quando
594 1802 668 1834 dicit,
686 1801 743 1828 Non
759 1802 826 1837 quod
838 1804 908 1837 fulu-

115 1853 172 1872 rum
192 1851 229 1873 est
241 1847 369 1879 seruilius,
386 1855 437 1873 non
462 1847 513 1874 ltoe
526 1847 587 1874 dicit
600 1868 607 1880 ,
622 1848 692 1882 quod
713 1848 763 1874 alia
787 1856 834 1882 pro
857 1850 909 1876 alia

115 1897 239 1927 resurgat
250 1893 379 1925 essentia,
392 1893 438 1920 sed
450 1893 520 1927 qttod
534 1893 636 1924 melior,
651 1893 722 1928 quod
735 1894 908 1928 splendidior.

117 1936 259 1973 Unicuique
277 1939 344 1965 enim
362 1941 486 1966 seminum
506 1941 636 1974 proprium
654 1948 755 1974 corpus.
775 1941 841 1967 llinc
853 1942 909 1975 jam

116 1984 262 2012 introducit
276 1986 356 2012 etiam
371 1986 549 2013 dili‘erentiam
566 1988 770 2015 resurrectioais
792 1992 854 2015 tunc
869 1989 910 2015 fn-

118 2038 193 2057 utrae.
209 2029 249 2058 Ne
261 2031 351 2064 enim,
367 2032 492 2067 quoniam
509 2034 656 2059 seminatur
667 2041 758 2060 semen
772 2039 799 2060 et
817 2042 910 2061 omnes

117 2077 264 2104 ascendunt
285 2078 366 2112 spica:
378 2098 386 2111 ,
404 2083 544 2113 propterea
560 2080 697 2107 existimes
713 2088 803 2115 parem
828 2082 908 2108 etiam

118 2123 246 2151 honorem
260 2131 322 2151 esse
332 2125 357 2151 iit
367 2125 574 2153 resurrectione.
590 2125 696 2153 Etenim
713 2135 746 2154 ne
760 2127 785 2154 in
798 2128 909 2155 semini-

118 2169 167 2196 bus
175 2170 283 2204 quidem
294 2178 362 2198 unus
372 2175 413 2197 est
425 2171 507 2198 ordo:
518 2171 582 2198 Nam
594 2173 643 2199 alia
653 2173 758 2207 quidem
771 2179 831 2200 sttnt
843 2182 910 2208 prac-

249 2221 278 2243 et
285 2216 449 2249 lienestiora,
456 2217 506 2244 alia
514 2225 576 2244 vero
586 2218 717 2245 deteriora
728 2229 734 2246 :
743 2227 824 2253 quare
830 2221 909 2247 etiam

115 2254 276 2300 “ﬁxit:
293 2263 328 2289 Et
348 2263 482 2295 unicuique
502 2265 635 2299 proprium
658 2273 758 2300 corpus.
776 2265 908 2294 Czeternm

116 2303 220 2337 1ιὸιωί
231 2307 285 2336 hoc
297 2314 450 2342 contentus,
463 2310 510 2337 sed
521 2310 599 2337 aliam
611 2312 707 2346 quan-it
719 2311 907 2345 differentiam,

116 2354 243 2389 maiorem
259 2360 287 2383 et
298 2355 523 2392 imanil'estiorem.
539 2356 604 2383 Nam
619 2365 652 2384 ne
667 2364 727 2384 cuin
743 2359 889 2387 audivisses
900 2379 907 2392 ,

115 2399 259 2433 Sicutdixi,
275 2400 346 2435 quod
359 2408 453 2428 omnes
466 2407 614 2437 resurgant,
632 2403 801 2430 existimares
815 2412 908 2432 omnes

114 2445 207 2473 eadem
223 2446 352 2481 coiisequi
367 2451 394 2473 et
408 2446 500 2473 iisdem
520 2447 584 2481 frui,
601 2448 672 2482 prius
683 2449 789 2483 quidem
804 2449 868 2484 jecit
883 2451 909 2476 in

115 2492 329 2526 pmoedentibus
355 2493 459 2520 semina
486 2493 565 2528 hujus
591 2496 751 2527 sententia»,
779 2496 872 2524 dicens
900 2505 907 2523 :

117 2538 293 2574 Unusquisque
307 2545 391 2566 autent
404 2540 429 2566 in
440 2539 543 2575 proprio
556 2541 653 2567 ordine.
667 2541 740 2568 Facit
754 2547 841 2569 autent
859 2543 906 2569 hoc

112 2585 231 2618 apertius
245 2585 289 2612 hic
304 2592 411 2620 quoque
434 2593 538 2620 rursus,
552 2585 644 2613 dicens
659 2595 664 2613 :
682 2587 724 2614 59.
748 2587 807 2614 Non
828 2590 908 2616 onntit

114 2639 175 2658 caro
186 2632 274 2658 cadent
288 2639 358 2659 caro.
372 2632 440 2665 Quid
454 2633 525 2659 enim
536 2652 543 2665 ,
567 2633 669 2668 inquit,
680 2634 741 2661 dico
755 2634 780 2661 itt
797 2636 902 2662 semiui'

114 2678 247 2705 basilice
269 2679 355 2713 ipsum
377 2678 509 2713 agitemus
531 2679 610 2706 etiam
634 2680 659 2706 in
680 2680 855 2714 Corporibus,
877 2682 909 2708 de

110 2723 208 2757 quibus
229 2731 243 2750 a
263 2724 342 2750 nobis
360 2731 430 2750 nunc
445 2725 538 2758 agitur.
557 2724 735 2757 Quamobrem
749 2727 884 2761 snbjungit
899 2747 906 2758 ,

110 2769 205 2796 dicens
219 2778 226 2795 :
245 2769 299 2796 Sed
313 2769 365 2796 alia
376 2770 476 2804 quidem
490 2778 549 2796 caro
562 2775 597 2797 est
611 2771 749 2803 hominum,
764 2772 814 2798 alia
825 2778 908 2800 autem

111 2823 241 2848 pecorum,
263 2815 319 2841 alia
333 2815 480 2847 volucrum,
497 2815 548 2842 alia
563 2821 645 2842 autem
666 2818 782 2851 pisi‘itlm.
807 2818 850 2844 «to.
876 2818 908 2845 Et

110 2867 219 2894 corpora
234 2860 348 2887 cwlcstia
357 2881 364 2893 ,
379 2865 401 2887 et
414 2869 520 2893 corpora
531 2863 657 2887 terrestria
672 2870 680 2888 :
694 2863 737 2889 sed
749 2863 799 2889 alia
810 2864 908 2894 qui/icit

109 2907 248 2934 (Matium
267 2907 350 2941 gloria
362 2927 369 2936 .
392 2907 443 2932 alia
464 2912 545 2933 autem
560 2909 713 2935 terrestrium:
728 2916 737 2934 :
750 2909 793 2936 tl.
810 2909 859 2935 alio
873 2915 908 2937 ml

283 2953 419 2983 PATROL.
443 2953 500 2983 Gn.
527 2955 602 2984 LXI.

643 179 677 209 IN
697 177 803 209 EPIST.
826 180 835 208 l
867 180 912 208 AD
930 179 1007 209 COR.
1031 181 1147 211 llOMlL.
1169 183 1237 212 XLI.

1715 190 1768 220 πε

976 238 1058 272 gloria
1071 240 1143 273 satis,
1157 245 1182 267 et
1199 241 1252 268 alia
1264 246 1300 269 ut
1314 242 1396 278 gloria
1412 242 1479 271 luna:
1489 266 1495 278 ,
1509 249 1534 283 ρ
1548 246 1600 272 alia
1615 247 1696 282 glvriu
1711 251 1769 277 stet-

976 283 1059 310 larum
1074 292 1083 311 :
1096 285 1170 312 stella
1184 286 1251 313 enim
1272 296 1287 313 a
1299 287 1372 315 stella
1387 288 1475 323 ili/fert
1486 291 1512 317 in
1526 291 1620 326 gloria.

1011 329 1038 356 3.
1060 330 1092 357 Et
1122 331 1185 365 quid
1201 332 1250 359 sibi
1275 333 1367 361 volunt
1387 334 1444 363 lucc
1466 336 1570 363 verba?
1592 346 1709 373 quanam
1733 341 1767 368 de

975 381 1053 401 causa
1067 383 1081 401 a
1097 378 1293 405 resurrectione
1307 386 1450 414 corporum
1464 382 1564 409 excidit
1577 384 1602 411 in
1617 385 1766 414 orationem

975 421 1008 447 de
1023 421 1108 449 stetiis
1122 428 1148 450 et
1170 424 1246 451 sole?
1260 425 1318 452 Non
1333 426 1431 454 excidit
1442 447 1450 460 ,
1467 436 1553 463 neque
1571 430 1701 460 abductus
1720 434 1767 461 init

974 467 1007 492 ab
1027 475 1184 502 argutttento
1195 490 1202 502 ,
1217 471 1301 504 absit,
1315 473 1361 499 sed
1385 473 1410 500 in
1424 482 1457 501 eo
1471 475 1559 503 adhuc
1579 477 1672 505 lueret.
1698 480 1765 508 Nam

973 513 1099 545 quoniam
1114 515 1236 547 probavit
1250 517 1321 551 quod
1334 518 1433 546 dictutn
1447 524 1488 547 est
1503 521 1536 549 de
1549 525 1747 553 resurrectione
1758 548 1765 558 .

973 559 1089 585 ostendit
1107 560 1178 594 jam,
1203 562 1273 596 quod
1300 567 1361 590 tunc
1382 564 1478 592 futurtc
1499 567 1591 601 gloria:
1614 577 1708 605 magna
1732 573 1767 598 sit

973 603 1121 631 dillerentia
1134 627 1141 638 ,
1157 607 1205 633 etsi
1221 615 1271 634 una
1287 613 1328 635 est
1342 612 1504 638 resurrectio
1521 622 1527 639 :
1544 618 1571 640 et
1586 615 1611 641 lll
1627 603 1680 643 duo
1695 617 1764 644 intc-

973 648 1022 675 rittt
1040 650 1134 677 dividit
1149 653 1317 687 universum,
1335 663 1431 690 netnpe
1445 657 1471 684 in
1493 659 1610 687 ca~lrstia
1627 667 1653 688 et
1666 666 1765 691 terres-

974 694 1034 720 tria.
1049 694 1115 722 Nam
1130 697 1201 731 quod
1225 705 1337 734 Corpora
1352 702 1460 735 quidem
1476 710 1633 740 resurgant,
1648 709 1766 736 ostendit

973 747 1020 773 per
1037 740 1198 770 frumentum
1225 752 1232 772 :
1253 745 1323 779 quod
1344 751 1433 774 autem
1454 756 1507 776 non
1523 752 1611 778 omnia
1631 753 1656 779 in
1672 755 1765 782 eadem

972 786 1066 820 gloria.
1077 787 1138 814 hinc
1148 790 1274 817 ostendit.
1282 790 1356 818 Sicut
1364 793 1434 819 cnitn
1447 802 1500 821 non
1511 796 1622 824 credere
1630 805 1766 827 remotor-

973 832 1048 864 tioni,
1063 834 1172 867 supinos
1183 835 1263 863 l‘acit:
1279 837 1314 864 ita
1325 839 1404 865 etiam
1417 840 1580 875 negligentes
1592 845 1676 870 reddit
1688 851 1712 871 cl
1721 854 1765 871 so-

972 879 1067 905 cordes
1077 899 1084 911 ,
1098 881 1252 909 existimare
1270 890 1364 910 omnes
1377 885 1470 912 eadem
1489 889 1615 923 consequi
1630 895 1657 916 rt
1670 891 1763 919 iisdctn

972 922 1032 949 l‘rni.
1047 924 1225 957 Quamobrem
1244 932 1384 963 utrumque
1402 931 1512 966 eorrigit
1526 941 1532 958 :
1545 939 1571 960 et
1581 922 1639 960 alia
1655 937 1763 970 quidem

971 969 1084 996 absolvit
1096 971 1120 996 itt
1133 973 1353 1007 [n‘zt‘cedcntibum
1365 975 1398 1002 ab
1411 976 1461 1003 hoc
1471 982 1558 1005 autem
1571 987 1640 1007 nunc
1652 969 1741 1016 incipit
1755 992 1761 1009 :

971 1021 996 1043 ct
1007 1024 1066 1044 cum
1079 1019 1146 1044 duos
1159 1019 1265 1048 fecisset
1276 1022 1383 1050 ordines
1392 1024 1524 1057 justorum
1534 1031 1560 1053 et
1570 1033 1741 1061 peccatorum
1754 1050 1761 1061 ,

971 1061 1018 1088 hos
1029 1063 1100 1097 ipsos
1111 1072 1202 1092 rursus
1213 1071 1286 1093 secat
1294 1068 1318 1093 in
1327 1068 1417 1102 plin-cs
1428 1075 1529 1103 partes:
1539 1073 1683 1100 ostendens
1691 1076 1761 1109 quod

970 1115 1058 1143 neque
1067 1110 1141 1143 justi,
1154 1119 1238 1146 neque
1248 1119 1400 1146 peccatores
1409 1116 1502 1143 cadent
1514 1124 1700 1153 assequentur;
1716 1129 1761 1148 ne-

968 1161 1021 1187 que
1033 1154 1093 1188 justi
1104 1163 1200 1183 mutuas
1211 1158 1303 1185 eadetn
1314 1161 1442 1195 quacjusti
1454 1163 1599 1198 alii,ncque
1608 1172 1762 1199 peccatorrs

969 1199 1064 1225 eadem
1074 1208 1304 1236 quaeprccatores.
1318 1205 1463 1242 Facitcrgo
1473 1208 1586 1241 primum
1606 1218 1684 1238 ttttatn
1700 1220 1760 1239 sec-

968 1244 1066 1271 tionem
1073 1247 1204 1279 justorum
1212 1253 1236 1275 et
1244 1253 1645 1291 peccot0rum,dicettszljorpom
1651 1258 1761 1285 cro/estin

967 1295 990 1315 et
999 1298 1106 1324 corpora
1114 1295 1254 1326 tm-ertria;
1263 1304 1310 1330 per
1322 1298 1457 1325 terrestria
1469 1300 1576 1334 quidem
1587 1301 1635 1329 bos
1641 1303 1760 1332 subindi-

967 1342 1092 1370 cans,per
1100 1338 1217 1366 caelestia
1226 1345 1314 1368 autem
1326 1342 1394 1370 illos.
1408 1344 1508 1373 Deinde
1519 1346 1552 1374 de
1563 1352 1661 1376 caetero
1675 1350 1759 1379 intro-

965 1381 1039 1408 ducit
1052 1383 1229 1412 differentiam
1243 1392 1434 1421 pcceatoruma
1443 1393 1636 1426 peccatoribus,
1646 1395 1738 1424 dicens
1750 1407 1756 1423 :

968 1426 1027 1454 Non
1041 1430 1122 1455 anulis
1135 1438 1194 1457 caro
1207 1432 1292 1458 eadem
1306 1441 1380 1467 caro,
1393 1435 1438 1462 sed
1448 1436 1500 1463 alia
1515 1438 1615 1472 quidem
1630 1441 1735 1475 piscium
1750 1463 1756 1474 ,

965 1474 1016 1500 alia
1029 1480 1111 1501 autem
1123 1477 1251 1503 volucrum
1262 1483 1285 1504 et
1297 1487 1424 1513 pecorum.
1439 1482 1516 1517 Atqui
1527 1489 1589 1512 sunt
1598 1474 1687 1513 omnia
1698 1495 1758 1515 cor-

965 1528 1040 1554 pora,
1052 1522 1099 1548 sed
1110 1523 1161 1550 alia
1176 1524 1282 1558 quidem
1306 1526 1396 1554 viliora
1409 1532 1436 1555 et
1453 1529 1610 1564 abjectlora,
1629 1531 1682 1560 alia
1694 1541 1758 1562 vero

965 1567 1061 1593 minus.
1076 1567 1104 1594 ln
1118 1568 1168 1595 vita
1182 1577 1289 1605 quoque
1300 1572 1423 1600 similiter
1433 1578 1459 1601 et
1469 1573 1495 1601 in
1509 1576 1604 1603 eadem
1619 1579 1758 1606 constitu-

964 1614 1044 1640 tione.
1061 1615 1161 1641 Etcum
1177 1617 1227 1643 ltoc
1237 1617 1358 1650 dixisset,
1372 1619 1492 1647 ascendit
1504 1628 1598 1650 rursus
1610 1622 1637 1650 in
1647 1622 1755 1657 emtum,

963 1659 1053 1686 dicens
1064 1669 1071 1687 :
1085 1661 1142 1687 Alia
1154 1661 1235 1696 gloria
1242 1664 1312 1696 solis,
1327 1669 1349 1690 et
1361 1665 1413 1691 alia
1420 1666 1502 1701 gloria
1513 1667 1590 1696 luna.
1602 1666 1677 1697 Sicut
1685 1672 1756 1699 enim

964 1706 988 1732 in
999 1707 1169 1734 terrestribus
1187 1709 1343 1747 corporibus
1356 1716 1397 1738 est
1410 1712 1572 1749 differentia,
1587 1714 1622 1742 ita
1636 1716 1717 1744 etiam
1729 1718 1755 1744 in

961 1752 1111 1780 ca-lestibus
1120 1758 1160 1780 est
1169 1754 1328 1789 did‘ermtia,
1336 1765 1420 1792 eaque
1427 1766 1478 1785 non
1486 1759 1612 1796 volgaris,
1619 1762 1666 1790 sed
1675 1764 1756 1792 etiam

962 1806 1045 1832 usque
1054 1798 1085 1825 ad
1097 1804 1226 1829 extrema.
1237 1801 1293 1828 N0n
1303 1803 1388 1830 solum
1397 1805 1468 1831 enim
1476 1810 1518 1832 est
1527 1803 1676 1836 diderentia
1691 1811 1756 1839 solis

961 1851 974 1869 a
984 1843 1055 1876 luna,
1067 1852 1153 1880 neque
1162 1845 1354 1880 lunteastellis,
1365 1849 1411 1876 sed
1420 1850 1500 1878 etiam
1514 1850 1651 1881 stellarum
1662 1862 1677 1881 τι
1691 1857 1757 1884 stel-

962 1889 1002 1916 lis.
1014 1890 1078 1916 Nam
1088 1891 1192 1919 etiamsi
1204 1893 1291 1919 omnia
1304 1894 1357 1920 sitit
1374 1896 1398 1921 lll
1412 1896 1487 1928 cado,
1500 1896 1550 1924 alia
1568 1903 1655 1927 tamen
1670 1902 1755 1937 majo-

961 1943 1028 1967 rem,
1036 1936 1086 1962 alia
1097 1945 1160 1964 vero
1169 1938 1298 1966 minorem
1307 1939 1406 1967 habent
1414 1941 1535 1976 gloriam.
1544 1943 1610 1977 Quid
1620 1953 1684 1981 ergo
1693 1948 1756 1974 hin.:

960 1982 1107 2010 discinms?
1117 1984 1192 2016 Quod
1202 1985 1304 2012 etiamsi
1317 1994 1409 2014 omnes
1421 1988 1474 2014 sint
1489 1988 1514 2015 in
1531 1996 1622 2025 regno.
1632 1999 1685 2019 non
1697 2000 1755 2021 om-

962 2036 1008 2054 net
1022 2033 1109 2055 tamen
1128 2030 1221 2057 cadent
1237 2038 1437 2066 consequentur
1452 2038 1479 2060 ct
1491 2034 1585 2063 iisdem
1611 2036 1752 2067 fruentur:

961 2074 1064 2101 ctiatnsi
1087 2081 1182 2102 Otones
1205 2082 1359 2111 peccatores
1379 2079 1404 2106 in
1427 2079 1567 2114 geltenna,
1594 2091 1646 2111 non
1660 2092 1755 2114 omnes

961 2121 1053 2147 eadem
1078 2121 1257 2150 sustinebunt.
1274 2122 1307 2150 Et
1337 2124 1397 2152 ideo
1425 2125 1562 2160 subjunin
1586 2137 1592 2154 :
1609 2129 1652 2156 62.
1667 2130 1713 2158 Sic
1731 2138 1754 2159 ct

961 2167 1110 2193 resurrectio
1138 2171 1312 2197 mortuorum.
1344 2170 1403 2205 Sic,
1431 2175 1586 2208 quomodo?
1616 2178 1642 2205 in
1673 2178 1753 2204 multa

961 2212 1123 2240 dilTercntia.
1148 2214 1249 2242 Deinde
1274 2214 1324 2242 hac
1351 2221 1485 2251 tamquam
1509 2219 1618 2252 probata
1643 2221 1753 2250 dimissa

961 2259 1091 2291 oratione,
1104 2268 1196 2287 rursus
1207 2261 1279 2288 venit
1291 2261 1324 2288 ad
1338 2261 1593 2293 demonstrationem
1605 2271 1633 2294 et
1645 2268 1753 2296 modum

962 2306 1045 2339 ipsius
1072 2307 1291 2339 resurrectionis,
1309 2307 1402 2335 dicens
1417 2318 1423 2334 :
1441 2308 1590 2338 Seminamr
1612 2313 1638 2339 in
1664 2321 1751 2341 corru-

961 2350 1057 2384 μιίυιὶρ,
1075 2356 1159 2387 surget
1174 2353 1198 2378 in
1214 2353 1410 2387 incorruptione.
1437 2354 1502 2382 Vide
1521 2361 1609 2384 autem
1632 2359 1752 2393 prudens

962 2397 1024 2423 tiam
1041 2405 1047 2422 τ
1066 2398 1091 2423 in
1107 2394 1256 2424 seminibus
1270 2396 1377 2432 quidem
1397 2407 1460 2427 usus
1474 2405 1515 2427 e:t
1531 2403 1641 2431 nomine
1655 2412 1753 2440 corpo-

961 2450 1030 2473 rum,
1046 2442 1138 2470 dicens
1163 2452 1169 2469 :
1196 2442 1256 2469 Non
1271 2443 1411 2477 vivi/imlm-
1422 2465 1429 2476 ,
1446 2446 1495 2472 nisi
1515 2448 1591 2482 fuerit
1608 2455 1756 2484 mortuum;

962 2487 986 2514 iu
1001 2488 1159 2522 corporibus
1171 2494 1259 2515 autem
1274 2490 1454 2524 appellatione
1465 2492 1597 2520 seminum
1612 2515 1619 2528 ,
1635 2495 1729 2524 dicens
1745 2507 1753 2524 :

964 2534 1107 2561 Sentinatur
1120 2535 1146 2560 in
1159 2536 1319 2568 corruptione
1328 2556 1334 2567 ,
1349 2537 1428 2572 surgit
1441 2538 1467 2564 in
1481 2539 1679 2575 incorruptione.
1695 2543 1753 2572 Non

961 2581 1040 2613 .l-tiil,
1056 2580 1188 2612 Nascitur,
1204 2590 1236 2608 ne
1251 2582 1388 2609 existimes
1409 2592 1469 2611 esse
1490 2593 1557 2619 opus
1573 2592 1651 2614 terrtr
1662 2609 1669 2620 ,
1692 2591 1751 2623 sed,

965 2627 1061 2661 Surgit.
1077 2626 1287 2654 Setninationcm
1299 2633 1389 2656 autem
1409 2629 1450 2657 ltic
1464 2631 1528 2658 dicit
1539 2654 1545 2663 .
1561 2641 1614 2660 nou
1635 2641 1752 2663 nostram

961 2673 984 2697 in
1008 2673 1116 2698 matrice
1131 2673 1347 2707 generationem,
1367 2675 1413 2701 sed
1428 2675 1615 2706 defunctorum
1637 2680 1662 2707 iit
1683 2687 1752 2708 tetra

960 2719 1134 2752 sepulturam,
1157 2718 1379 2752 dissolutionem,
1409 2721 1537 2749 cinerem.
1574 2725 1751 2757 Quamobrem

960 2773 1019 2792 eum
1034 2766 1162 2798 dixisset,
1180 2766 1326 2793 Sentinatur
1342 2767 1367 2794 in
1386 2771 1564 2803 corruptione,
1580 2773 1659 2806 surgit
1675 2773 1700 2798 ia
1714 2774 1752 2799 in-

961 2811 1130 2846 corruptione,
1147 2812 1287 2846 subjunin
1303 2822 1308 2840 :
1325 2814 1370 2841 45.
1386 2813 1533 2841 Sentinatur
1547 2817 1571 2842 in
1585 2817 1750 2850 ignobilitate.

961 2858 1028 2892 Quid
1043 2859 1113 2887 cnint
1128 2864 1169 2887 est
1184 2859 1241 2887 visu
1255 2861 1355 2895 turpius
1368 2869 1446 2896 quam
1460 2870 1558 2896 corpus
1573 2863 1642 2897 quod
1659 2864 1747 2890 disso.

964 2909 1044 2933 lttltilll
1059 2909 1117 2935 est?
1134 2910 1220 2944 Sui-gi;
1238 2905 1266 2932 tn
1279 2908 1360 2941 gloria
1375 2916 1383 2934 ς
1401 2908 1538 2933 sentiuntur
1553 2908 1577 2933 in
1595 2908 1746 2942 infirmitate.

1527 2953 1565 2982 23
