2021 3117
204 160 256 189 559

205 216 326 245 Nondum
337 214 408 242 enim
418 217 481 240 sunt
491 211 597 245 triginta
608 208 676 239 dies,
687 212 713 234 et
727 206 804 240 periit
814 204 966 231 universmn
979 209 986 228 :

206 271 256 291 nec
280 265 367 297 potest
384 265 447 286 caro
469 264 498 284 se
516 255 674 285 continere,
704 258 796 297 neque
817 247 988 297 unum-diem

204 293 313 337 durare.
329 306 417 341 Surgit
429 304 455 331 in
468 303 565 329 virtute.
581 300 656 327 Tunc
680 298 750 325 enim
774 296 831 330 ejus
855 293 919 321 nihil
935 300 991 341 jstt-

209 356 308 391 pcrerit
335 339 477 386 reliquum.
511 348 654 381 Propterea
678 349 705 372 et
729 343 781 370 illis
807 349 874 376 opus
899 339 990 391 habuit

207 385 348 435 exemplis,
364 385 402 424 ne
413 395 488 423 multi
504 394 561 420 hare
575 391 726 422 audientes,
740 395 836 435 nempe
850 385 919 420 quod
935 391 994 435 sura

209 450 274 481 sunt
289 433 315 472 in
329 441 527 476 incorruptione
551 441 578 465 et
590 436 674 472 gloria
694 439 721 462 et
742 434 855 481 virtute,
872 433 994 465 putarent

211 477 403 524 resurgentium
418 485 515 513 nullam
531 490 590 511 esse
605 480 791 509 diiicrcntiam.
815 477 880 504 Nam
898 482 995 524 omnes

210 522 316 569 quidem
331 536 481 567 resurgunt,
495 536 521 557 et
534 530 559 556 in
574 529 670 555 virtute
680 530 707 553 et
720 527 746 552 in
759 522 958 570 incorruptione
969 524 996 547 et

212 582 238 607 in
254 578 337 614 gloria
353 579 401 604 hac
415 574 620 608 incorruptionis
630 593 638 604 ,
652 579 705 598 non
720 575 804 596 tamen
820 574 914 594 ontucs
925 573 997 616 810%.-

211 625 273 652 dem
285 623 395 650 honoris
406 626 433 649 et
443 619 602 648 securitatis.
617 618 663 644 44.
681 616 828 653 Seminntur
841 620 932 646 corpus
942 618 998 636 am-

212 670 287 701 mule,
301 668 380 703 surgit
395 674 488 696 corpus
502 663 642 699 spirituale.
659 661 704 688 Est
718 660 808 693 c'orptu
826 657 935 684 animale
945 676 952 687 ,
975 659 998 681 et

199 719 249 742 -ιιι
261 722 352 749 corpus
371 710 512 746 spirituale.
534 708 602 743 Quid
620 706 706 734 dicis?
721 705 771 732 hoc
796 708 888 749 autem
912 707 1000 749 nonne

216 766 257 789 est
270 747 428 795 spirituale?
449 755 593 791 Spirituale
615 753 738 788 quidem,
759 750 806 796 sed
827 747 890 796 illud
916 747 998 796 multo

217 794 310 840 magis.
326 804 390 831 Nam
405 809 474 830 nunc
486 800 592 836 quidem
606 804 677 832 sa-pc
692 796 778 823 avolat
792 794 903 840 Spiritus
913 794 1000 818 sancti

217 839 297 878 Inuila
320 848 403 884 gratia
421 846 552 881 aliquibus
568 850 663 877 magna
681 839 856 876 peccantibus
866 858 874 871 ,
889 842 915 884 et
930 843 1001 871 prae—

216 900 293 923 sente
306 882 411 929 quoque
424 891 519 926 spiritu
535 889 640 919 animae.
660 886 748 913 avolat
768 884 821 911 vita
843 882 949 913 carnis;
973 884 1001 907 et

219 939 288 974 quod
309 942 350 966 est
368 935 535 971 hujusmodi,
557 934 657 967 absque
677 931 727 957 hoc
748 933 790 957 est
815 929 893 976 inane
916 935 922 952 :
939 931 1002 976 tunc

219 990 306 1012 autent
323 990 376 1010 non
391 982 443 1013 sic,
455 980 502 1008 sed
524 982 652 1014 perpetuo
676 978 814 1011 permanet
830 974 855 1000 in
869 979 948 999 carne
959 974 1003 1005 ju-

222 1036 334 1061 storum,
351 1033 378 1055 et
397 1027 455 1062 cjus
467 1026 519 1054 erit
533 1028 651 1060 potestas
664 1027 690 1049 et
710 1021 849 1055 imperium
875 1022 1006 1053 pneseute

220 1082 325 1110 quoque
339 1074 436 1100 anima.
452 1074 504 1099 Aut
517 1071 588 1098 enim
610 1069 661 1095 tale
675 1067 736 1103 quid
752 1064 947 1096 subindiearit,
966 1063 1006 1110 di-

225 1109 288 1148 cens
303 1119 459 1154 Spirituale;
471 1120 517 1144 aut
534 1115 605 1150 quod
623 1114 740 1141 futurum
754 1112 789 1138 sit
802 1112 887 1139 levius
900 1114 927 1136 et
942 1109 1005 1136 sub-

222 1167 304 1198 tilius,
315 1170 342 1192 et
356 1163 426 1199 quod
442 1163 524 1196 possit
542 1161 622 1188 etiam
638 1159 697 1186 vehi
713 1158 740 1184 in
755 1164 835 1188 aere;
852 1156 893 1182 vel
917 1155 1006 1189 potius

223 1217 372 1245 ntrmnque.
390 1209 416 1236 Si
432 1214 519 1247 autem
535 1214 587 1233 non
601 1205 688 1232 credis
700 1204 724 1231 ei
739 1203 809 1238 quod
822 1202 931 1232 dicitur,
947 1199 1008 1247 vide

222 1263 334 1292 corpora
350 1245 466 1282 eriestia
488 1259 546 1287 qua:
561 1255 622 1277 sunt
634 1255 685 1277 tam
701 1248 840 1283 splendida
861 1252 886 1273 ct
901 1245 1010 1273 durabi-

223 1303 268 1333 lia,
289 1305 315 1328 et
330 1303 484 1335 permanent
509 1299 534 1324 in
554 1295 706 1323 conditio-ne
725 1302 777 1320 non
791 1292 964 1323 senescendi;
985 1296 1012 1318 et

225 1347 286 1374 hinc
300 1345 394 1375 crede,
410 1343 479 1378 quod
494 1343 562 1369 Deus
574 1345 661 1376 potest
672 1340 757 1366 facere
770 1339 826 1365 inre
838 1345 942 1372 quoque
953 1344 1013 1364 cor-

224 1391 359 1427 ruptibilia
383 1387 591 1423 incorruptibilia
618 1386 696 1417 ﬁeri,
731 1388 758 1411 et
795 1384 879 1410 nntlto
903 1383 1012 1409 meliora

225 1439 258 1465 iis
271 1445 329 1472 qua:
342 1440 497 1463 cernunlttr.
513 1433 559 1461 L5.
576 1433 649 1460 Sicut
661 1431 782 1466 scriptum
797 1436 831 1457 est
845 1437 854 1456 :
871 1429 967 1456 Fartus
978 1433 1014 1455 est

217 1483 320 1518 .primus
332 1481 406 1508 Itonia
416 1482 442 1506 in
455 1479 566 1505 animant
579 1478 698 1505 uiuentem
710 1485 719 1509 ;
732 1475 881 1502 novissimus
897 1474 977 1501 Adam
989 1474 1015 1500 in

228 1527 344 1562 spiritum
365 1525 539 1559 vivificantem.
561 1523 639 1556 Atqui
666 1520 732 1548 illud
753 1520 859 1555 quidem
887 1519 1014 1553 scriptum

226 1578 268 1601 est
284 1571 360 1608 (Gen.
372 1570 400 1598 2.
414 1571 459 1605 7).
474 1569 525 1596 hoc
537 1572 625 1594 autem
641 1575 693 1593 non
705 1571 746 1593 est
771 1565 897 1599 scriptum
921 1573 928 1590 :
949 1571 1014 1598 qno-

231 1617 312 1644 modo
323 1622 388 1651 ergo
399 1613 465 1642 dixit
476 1633 484 1646 ,
498 1613 626 1648 Scriptum
641 1612 696 1639 est?
709 1612 729 1638 A
745 1619 834 1638 rerum
857 1615 952 1637 eventu
968 1610 1018 1636 hoc

231 1664 420 1696 interpretatus
436 1658 524 1694 :quod
542 1658 610 1684 solet
627 1656 735 1683 assidue
764 1655 861 1682 facere.
877 1655 922 1682 Est
946 1656 1017 1681 enim

233 1708 276 1734 hic
289 1714 347 1734 mos
362 1704 498 1741 prophetas
512 1711 519 1729 :
535 1703 633 1730 etenim
652 1701 799 1729 Jerusalem
821 1700 954 1727 civitatem
974 1700 1017 1733 jn—

235 1753 316 1781 stilim
333 1750 479 1779 vat-audam
492 1750 550 1777 fore
565 1749 630 1776 dixit
646 1749 773 1783 propheta
791 1747 881 1782 (Zuclt.
896 1748 922 1774 8.
936 1747 976 1782 5),
993 1752 1019 1773 et

233 1806 286 1826 noa
301 1803 341 1826 est
353 1801 456 1824 vocata.
471 1795 539 1829 Quid
552 1794 632 1829 ergo?
644 1794 775 1820 falsumne
789 1794 855 1820 dixit
872 1792 1020 1827 propheta?

234 1845 405 1880 Nequaquam
420 1850 428 1869 :
443 1849 502 1868 nam
517 1841 587 1867 illam
603 1839 709 1874 quidem
724 1839 763 1865 sic
782 1838 928 1865 vocandam
953 1837 1020 1864 dixit

237 1897 283 1924 per
298 1896 385 1915 rcrtnn
406 1890 540 1914 eventum.
555 1885 689 1912 Christum
709 1892 816 1919 quoque
835 1884 901 1910 dixit
922 1890 1015 1910 vocan-

234 1936 298 1963 dum
314 1932 513 1961 Emmanuelcm
530 1930 605 1965 (Isai.
620 1930 645 1957 7.
663 1928 723 1965 H);
737 1935 764 1956 et
785 1937 833 1956 nec
849 1929 905 1964 ipse
917 1926 1022 1963 quoque

237 1981 276 2008 sic
295 1984 338 2007 est
352 1982 472 2008 vocatus,
489 1976 535 2003 sed
550 1983 594 2003 res
610 1974 673 2010 ipsie
689 1975 758 2001 hanc
773 1982 865 2002 vocem
885 1975 1020 2001 etnittunt.

234 2028 274 2055 Ita
283 2026 434 2059 hicquoque
441 2020 681 2050 NavissimusAdum
691 2021 716 2046 in
723 2020 838 2054 spiritum
845 2021 1021 2054 viviﬁcantem.

271 2072 297 2098 ι.
311 2071 372 2097 llaec
391 2073 477 2095 autem
492 2067 568 2100 dixit,
585 2070 613 2092 ut
626 2066 724 2097 discas,
752 2065 820 2100 quod
837 2070 862 2092 et
878 2066 937 2092 vitae
952 2074 1023 2100 prte-

239 2115 323 2143 sentis
336 2118 363 2141 et.
375 2113 470 2140 luturzo
481 2111 535 2146 jam
551 2114 681 2137 venerunt
695 2110 769 2144 signa
784 2114 810 2136 et
827 2110 944 2144 pignora:
962 2118 1024 2144 pne-

240 2160 323 2187 srntis
338 2158 444 2193 quidem
470 2157 564 2186 Atiam,
580 2155 674 2182 futurze
696 2159 785 2181 autem
807 2154 939 2182 Christus.
960 2155 1023 2182 Nam

241 2206 365 2241 quoniam
381 2210 440 2238 qua:
465 2206 526 2229 sunt
552 2201 663 2228 meliora
689 2201 763 2234 ponit
780 2200 806 2226 in
825 2208 888 2234 Spe,
911 2202 1026 2228 ostendit

242 2250 399 2286 principium
412 2248 466 2283 jam
477 2247 608 2277 evenisse,
619 2253 646 2274 et
656 2247 771 2273 radicem
787 2252 813 2273 et
831 2247 929 2275 fontem
943 2256 1025 2283 appa-

243 2296 340 2323 ruisse.
352 2294 379 2321 Si
391 2298 478 2320 autem
488 2293 561 2319 radix
573 2297 598 2319 et
608 2291 666 2319 fons
677 2297 718 2319 est
726 2293 849 2320 omnibus
859 2293 1026 2328 manifestus,

245 2340 308 2368 nihil
318 2346 358 2367 est
369 2338 542 2366 dubitandum
554 2337 587 2364 de
598 2338 736 2364 fructibus.
746 2337 778 2364 Et
786 2338 845 2365 ideo
855 2339 931 2372 dicit,
940 2338 1030 2366 Novis-

244 2387 321 2413 simus
337 2385 418 2411 Adam
433 2385 458 2410 in
474 2383 591 2418 spiritum
615 2383 834 2417 viviﬁcantemwt
844 2385 906 2411 alibi
922 2393 1029 2420 quoque

245 2433 319 2464 dicit,
339 2430 481 2464 Vieiﬁcabit
496 2429 612 2456 mortalia
620 2438 726 2464 corpora
738 2435 819 2456 vestra
830 2439 874 2466 per
882 2432 1030 2459 inhabitan-

242 2483 295 2504 tem
309 2476 434 2512 Spiritum
449 2475 475 2502 in
490 2474 558 2501 vobis
569 2474 656 2509 (Rom.
667 2476 693 2502 8.
705 2475 715 2501 l
725 2476 759 2510 l).
777 2476 824 2502 Est
838 2484 901 2511 ergo
915 2477 1030 2511 Spiritus

245 2523 390 2550 viviﬁcare.
405 2521 505 2548 Deinde
516 2528 549 2548 ne
561 2521 691 2555 quispiam
705 2520 822 2554 diceret,
839 2522 893 2549 Cur
904 2529 966 2550 sunt
980 2531 1030 2549 an-

242 2569 359 2604 tiquiora
381 2575 411 2594 ea
432 2575 490 2602 qua:
513 2571 574 2593 sunt
598 2567 708 2601 pejora;
727 2571 754 2593 et
772 2575 832 2601 quae
846 2573 907 2595 sunt
924 2569 1030 2603 quidem

247 2614 382 2646 animalia,
391 2618 444 2640 tota
461 2618 617 2645 evenerunt,
626 2617 786 2640 ncclantutn
797 2621 879 2648 usque
892 2615 924 2641 ad
939 2616 1033 2650 primi-

248 2661 310 2691 tias,
321 2668 379 2694 qua:
391 2663 482 2686 autent
493 2659 652 2693 spiritualia,
667 2666 719 2685 non
733 2658 782 2686 nisi
798 2667 880 2694 usque
894 2661 926 2687 ad
943 2662 1034 2696 primi-

249 2705 317 2732 tias?
329 2704 443 2731 ostendit
454 2704 524 2731 utriu
541 2711 592 2739 quc
602 2704 730 2738 principia
739 2704 772 2731 ita
787 2704 869 2732 fuisse
878 2707 1032 2735 constituta.

247 2751 292 2778 46.
308 2750 361 2778 Sed
382 2759 432 2777 mm
455 2751 544 2785 prius,
566 2750 663 2784 inquit,
687 2750 754 2784 quod
782 2752 915 2786 rpin’tuale
927 2758 974 2784 est,
989 2754 1033 2780 sed

248 2796 315 2830 quod
329 2796 459 2822 aninmlc:
479 2795 569 2821 deinde
591 2795 659 2830 quod
679 2795 820 2830 spirituale.
838 2797 894 2824 Non
910 2799 975 2826 dicit
987 2808 1033 2827 au-

249 2846 314 2874 tem,
327 2849 420 2877 quare,
442 2841 488 2869 sed
503 2845 705 2868 esteontentus
721 2842 766 2869 Dei
781 2843 948 2872 ordinatione
960 2866 967 2878 ,
986 2847 1033 2874 ha-

555 153 583 180 s.
602 150 738 180 JO.\NNIS
755 144 992 176 cunvsos'ront
1013 142 1167 170 ARClltEP.
1189 142 1454 172 CONSTANTINOP.

1778 147 1831 174 560

1044 200 1108 227 bens
1131 200 1291 227 sententiam
1307 208 1365 234 quae
1378 200 1499 235 procedit
1511 207 1525 226 a
1537 201 1617 228 rebus
1629 221 1636 234 ,
1650 201 1830 229 testimonium

1044 244 1172 272 ferentem
1193 245 1299 279 optima:
1323 246 1369 272 Dei
1392 245 1628 278 adntinistratimti,
1645 252 1671 274 et
1686 247 1832 274 ostendens

1043 289 1113 324 quod
1123 297 1166 316 res
1175 294 1273 316 nostra:
1283 297 1389 324 semper
1400 290 1547 325 procedunt
1557 291 1590 317 ad
1600 291 1625 318 id
1637 292 1707 326 quod
1721 297 1763 319 est
1774 300 1830 320 me-

1045 336 1096 362 lius
1105 343 1136 362 ac
1145 335 1313 370 prmstantius
1329 344 1335 362 :
1348 336 1426 362 simul
1443 335 1525 363 etiam
1540 336 1601 363 hinc
1609 344 1715 371 quoque
1724 338 1748 364 ei
1761 338 1832 372 quod

1045 381 1107 407 dicit
1115 380 1193 407 lident
1203 380 1312 407 faciens.
1324 381 1388 408 Nam
1395 382 1416 408 si
1428 389 1487 416 qua:
1496 386 1556 408 sunt
1564 382 1665 409 minora
1674 389 1833 416 evenerunt,

1046 427 1218 461 multomagis
1232 434 1291 461 qua:
1305 431 1366 453 sunt
1382 427 1491 454 meliora
1507 432 1569 455 sunt
1580 428 1768 462 exspectanda.

1083 472 1178 499 lilorlui
1189 481 1238 498 nan
1250 473 1322 498 nimis
1336 473 1447 508 lugendi,
1459 474 1503 500 sed
1517 474 1630 508 precibus
1649 480 1672 501 et
1687 475 1757 502 bonis
1772 483 1834 510 ope-

1047 518 1115 544 ribus
1134 517 1253 552 juuandi.
1278 532 1312 538 —-
1334 518 1400 544 Cum
1423 526 1487 553 ergo
1505 518 1622 546 futurum
1643 520 1678 547 sit
1691 524 1720 547 ut
1738 521 1838 547 talibus

1049 564 1168 590 fruamur
1180 564 1267 595 battis,
1280 571 1331 591 nos
1347 565 1372 590 in
1381 564 1438 592 .boc
1459 565 1553 592 ordine
1579 565 1750 598 collocemus,
1761 571 1788 593 et
1803 574 1838 593 ne

1049 609 1195 636 deﬂeamus
1205 617 1252 636 eos
1265 610 1308 644 qui
1323 610 1464 641 excedunt,
1479 610 1525 637 sed
1545 618 1592 637 eos
1611 612 1654 645 qui
1671 611 1750 638 vitam
1767 611 1838 638 male

1051 655 1154 682 ﬁniunt.
1171 655 1236 682 Nam
1248 660 1274 681 et
1285 655 1401 689 agricola
1410 662 1470 682 cum
1485 655 1583 682 viderit
1594 656 1702 682 dissolvi
1719 656 1839 684 frumen-

1051 706 1120 734 tum,
1133 708 1185 727 non
1198 701 1368 733 lamentatur,
1385 700 1431 727 sed
1444 701 1570 734 quamdiu
1586 701 1693 736 quidem
1709 701 1782 729 videt
1794 709 1840 728 so-

1052 746 1133 773 lidum
1143 753 1252 772 manere
1264 746 1289 772 in
1302 751 1383 776 terra,
1396 747 1730 774 veretur-etcontremiscit
1742 755 1749 779 ;
1767 750 1840 781 post-

1053 799 1131 825 quam
1145 795 1233 817 autem
1249 790 1328 817 fuerit
1340 790 1508 824 dissolutum,
1525 791 1638 818 la-tatur.
1651 791 1756 818 initium
1768 792 1840 818 enim

1055 837 1149 863 futura:
1162 836 1290 863 sementis
1303 841 1344 862 est
1358 836 1508 863 dissolutio.
1535 837 1579 863 Sic
1594 844 1642 863 nos
1657 845 1761 872 quoque
1778 842 1842 864 tune

1056 882 1187 914 laetemur,
1201 889 1260 909 cum
1271 882 1402 909 ceciderit
1419 882 1550 908 domusin
1566 889 1644 917 quam
1667 883 1737 909 cadit
1752 883 1845 910 interi-

1057 933 1100 955 tus
1111 947 1120 961 ,
1146 928 1252 962 quando
1273 928 1352 954 honto
1372 927 1452 955 fuerit
1468 929 1623 955 semiustus.
1646 928 1698 955 Nec
1713 930 1819 956 mireris
1833 951 1844 961 ,

1057 974 1078 1001 si
1089 974 1252 1008 sepulturam
1267 973 1367 999 vocarit
1380 978 1527 1000 sementem
1541 981 1549 1004 ;
1566 981 1596 1000 ea
1608 973 1679 1000 enini
1694 978 1735 1000 est
1749 974 1846 1000 melior

1056 1019 1194 1045 sementis.
1209 1019 1273 1046 Nam
1286 1019 1321 1046 illi
1337 1019 1444 1054 quidem
1459 1019 1579 1046 succedit
1594 1027 1667 1046 mors
1680 1025 1706 1046 et
1718 1020 1824 1046 labores
1834 1039 1842 1050 ,

1059 1065 1175 1100 pericula
1189 1070 1216 1092 et
1226 1073 1297 1091 cura:
1315 1074 1321 1091 :
1337 1065 1397 1091 huic
1418 1070 1518 1097 autem,
1530 1065 1552 1092 si
1561 1070 1636 1092 recte
1651 1066 1786 1099 vivamus,
1800 1073 1849 1092 eo-

1056 1119 1132 1138 ,rona:
1147 1115 1174 1138 et
1190 1113 1315 1145 pratmia:
1332 1115 1359 1137 et
1371 1111 1408 1137 illi
1420 1110 1525 1145 quidem
1540 1112 1676 1145 corruptio
1686 1112 1850 1138 acinteritus

1061 1163 1088 1184 et
1103 1164 1190 1187 mors;
1206 1157 1267 1183 huic
1276 1161 1364 1182 autent
1382 1156 1490 1182 interitu
1512 1163 1615 1188 carere,
1639 1156 1804 1192 incorruptio
1821 1162 1851 1184 ct

1062 1203 1257 1234 immortalitas,
1268 1206 1296 1228 et
1310 1201 1378 1228 bona
1394 1202 1595 1229 innumerabilia
1611 1211 1618 1229 :
1636 1203 1660 1229 in
1677 1202 1720 1229 illa
1736 1205 1850 1230 semina-

1063 1248 1134 1275 tionc
1159 1252 1221 1274 sunt
1236 1247 1393 1282 complexus
1417 1252 1444 1274 et
1462 1247 1611 1282 voluptates
1634 1253 1657 1275 et
1679 1256 1806 1280 somnus;
1823 1250 1851 1275 in

1064 1293 1112 1320 hac
1125 1297 1215 1320 autent
1231 1301 1280 1319 vox
1296 1292 1382 1319 soltnn
1397 1300 1413 1319 e
1426 1292 1499 1319 caelis
1513 1293 1680 1320 descendens
1691 1314 1698 1326 ,
1714 1299 1740 1320 et
1759 1295 1851 1320 ottniia

1064 1338 1140 1365 simul
1156 1342 1266 1372 repz-nte
1281 1337 1463 1372 perﬁciuntur.
1479 1338 1510 1364 Et
1526 1339 1570 1372 qui
1584 1339 1709 1373 resurgit,
1723 1346 1776 1365 non
1792 1346 1851 1364 am-

1060 1385 1134 1418 plius
1147 1383 1271 1417 deinceps
1280 1383 1421 1409 adducitur
1432 1383 1464 1409 ad
1480 1383 1559 1409 vitam
1573 1383 1742 1416 laboriosam,
1757 1383 1804 1410 scd
1817 1384 1853 1410 ad

1065 1437 1124 1456 eam
1140 1429 1210 1456 unde
1227 1429 1317 1463 cll'ngit
1330 1428 1418 1460 dolor,
1435 1428 1522 1455 luctus
1535 1433 1562 1454 et
1576 1429 1700 1463 gemitus.
1718 1429 1744 1456 Si
1761 1434 1853 1456 autem

1066 1475 1249 1502 defensionem
1276 1474 1390 1508 requiris
1401 1478 1428 1500 et
1444 1474 1629 1508 patrocinium,
1656 1479 1684 1501 et
1710 1479 1852 1509 propterea

1067 1521 1151 1547 virum
1165 1519 1258 1552 deﬂes,
1272 1519 1385 1554 confuge
1398 1519 1430 1546 ad
1447 1519 1565 1546 omnium
1581 1527 1750 1548 communem
1766 1526 1858 1556 patro-

1068 1574 1142 1599 num,
1151 1565 1328 1598 defensorem,
1338 1569 1499 1592 servatorem
1513 1569 1540 1592 et
1550 1566 1745 1593 benefactorem
1757 1567 1854 1600 Deum,

1067 1613 1102 1640 ad
1127 1611 1331 1646 inexpugnabile
1356 1611 1482 1637 auxilium
1494 1631 1502 1644 ,
1517 1610 1549 1637 ad
1573 1611 1688 1639 facileet
1702 1618 1857 1647 promptum

1070 1658 1263 1693 adjutuentum,
1279 1656 1311 1682 ad
1328 1662 1482 1691 perpetuam
1509 1664 1568 1691 qua:
1595 1665 1703 1693 semper
1718 1662 1744 1684 et
1759 1658 1858 1692 ubique

1070 1704 1145 1730 adest
1160 1703 1362 1738 protectionem.
1378 1710 1427 1732 nos
1439 1703 1554 1740 undique
1566 1703 1737 1731 munientem.
1749 1706 1779 1729 At
1794 1711 1858 1731 con-

1070 1750 1183 1778 suetudo
1199 1758 1241 1778 res
1255 1756 1294 1778 est
1307 1750 1491 1778 desiderabilis
1501 1756 1526 1778 et
1540 1751 1671 1778 amabilis.
1686 1750 1741 1785 Ego
1751 1758 1859 1785 quoque

1072 1798 1097 1824 id
1108 1797 1182 1829 scio;
1198 1797 1244 1824 sed
1257 1797 1278 1823 si
1294 1797 1389 1823 rationi
1405 1802 1506 1824 motum
1519 1797 1600 1824 animi
1628 1798 1796 1825 commiseris
1809 1819 1816 1829 ,
1831 1802 1860 1825 et

1073 1843 1143 1877 apud
1161 1847 1186 1869 te
1201 1843 1366 1876 reputaveris
1389 1842 1449 1877 quis
1460 1843 1494 1869 sit
1508 1843 1553 1877 qui
1571 1844 1674 1878 accepit
1686 1864 1692 1875 .
1709 1849 1736 1870 et
1748 1844 1818 1878 quod
1835 1845 1860 1870 si

1072 1888 1133 1915 forti
1145 1888 1234 1914 animo
1249 1888 1351 1919 tuleris,
1367 1888 1421 1915 Deo
1436 1895 1552 1916 mentem
1569 1893 1649 1916 totam
1664 1890 1744 1917 oli'crs
1758 1891 1860 1917 sacriﬁ—

1074 1934 1143 1960 eimn
1156 1942 1164 1966 ;
1180 1933 1251 1960 hunc
1265 1941 1369 1968 quoque
1397 1934 1505 1961 ﬂuctum
1528 1935 1627 1969 poteris
1642 1935 1735 1966 vitare,
1750 1940 1777 1962 et
1789 1936 1861 1970 qttod

1076 1984 1181 2014 tempus
1206 1979 1285 2006 efﬁcit
1299 1999 1306 2011 ,
1323 1979 1373 2006 hoc
1399 1979 1476 2007 faciet
1502 1980 1679 2015 philosophia.
1702 1980 1748 2008 Sin
1771 1987 1861 2007 autem

1075 2025 1164 2051 mollis
1185 2024 1266 2051 fueris
1276 2030 1467 2058 ctencrvatus,
1495 2030 1615 2060 tempore
1639 2026 1743 2060 quidem
1758 2025 1865 2053 desinet

1077 2070 1158 2097 animi
1175 2069 1354 2104 perturbatio,
1372 2071 1417 2097 tibi
1433 2075 1521 2098 autem
1537 2072 1635 2098 nullam
1648 2072 1742 2098 afferet
1763 2080 1865 2099 merce-

1077 2116 1149 2144 dem.
1166 2117 1231 2143 Cum
1243 2115 1285 2142 his
1300 2116 1447 2143 rationibus
1462 2117 1557 2151 collige
1570 2117 1650 2143 etiam
1665 2117 1788 2151 exempla
1805 2126 1865 2152 quae

1079 2167 1141 2190 sunt
1154 2164 1178 2189 in
1191 2163 1314 2197 prmsenli
1330 2163 1393 2195 vita,
1406 2170 1465 2197 qua:
1479 2168 1539 2189 sunt
1551 2163 1576 2189 iu
1590 2163 1687 2190 divinis
1700 2163 1845 2198 Seripturis
1857 2172 1864 2190 :

1079 2209 1166 2243 Cogita
1180 2208 1251 2242 quod
1266 2207 1399 2234 Abraham
1414 2215 1491 2235 suum
1501 2208 1631 2242 jugulavit
1641 2209 1766 2241 lilium,et
1780 2217 1867 2244 neque

1081 2254 1155 2281 ﬂevit
1177 2261 1264 2288 neque
1278 2254 1387 2281 verbum
1403 2255 1492 2282 emisit
1514 2254 1661 2289 acerbum(
1677 2254 1779 2281 σενι.ἳῖ
1797 2256 1816 2289 ).
1834 2257 1868 2282 At

1083 2301 1137 2329 ille.
1154 2300 1268 2334 inquies,
1292 2305 1349 2326 erat
1365 2300 1511 2327 Ahraham.
1535 2301 1614 2335 Atqui
1629 2306 1657 2329 tu
1670 2307 1782 2327 vocatus
1796 2309 1825 2327 es
1841 2307 1869 2327 ut

1083 2347 1183 2380 majora
1197 2351 1271 2380 septa
1284 2345 1468 2373 transcendas.
1481 2345 1532 2373 Job
1542 2351 1630 2373 autent
1648 2351 1748 2373 tantum
1761 2347 1868 2380 quidem

1083 2393 1178 2424 doluit,
1208 2396 1335 2427 quantum
1349 2397 1390 2419 est
1408 2397 1616 2420 consurlancum
1639 2399 1742 2428 patrem
1771 2393 1869 2420 liberos

1084 2442 1234 2470 amantem,
1249 2443 1275 2464 et
1290 2445 1410 2472 magnam
1433 2445 1524 2465 curatn
1543 2444 1681 2473 gerentem
1705 2446 1799 2466 eorum
1826 2439 1870 2473 qui

1087 2488 1268 2510 excesserant.
1284 2483 1348 2509 Nam
1363 2491 1422 2517 qua:
1446 2491 1495 2510 nos
1517 2484 1623 2518 quidem
1646 2492 1716 2511 nunc
1736 2484 1849 2511 litcitnns
1863 2504 1870 2516 ,

1087 2534 1149 2555 sunt
1165 2529 1332 2555 inimicorum
1343 2534 1370 2556 et
1385 2529 1511 2556 hostimn.
1536 2529 1626 2562 Neque
1645 2530 1727 2562 enim,
1744 2531 1766 2557 si
1782 2531 1873 2564 aliquo

1087 2573 1112 2600 in
1125 2575 1223 2608 regiam
1244 2574 1358 2602 abducto
1372 2578 1398 2601 ct
1410 2580 1539 2601 coronato
1553 2576 1692 2609 plangi-res
1706 2581 1732 2602 et
1744 2576 1873 2603 lamenta-

1087 2619 1165 2651 reris,
1189 2623 1214 2646 te
1235 2620 1346 2646 dixerim
1360 2627 1419 2646 esse
1434 2620 1553 2647 coronati
1575 2622 1700 2653 anticum,
1728 2622 1775 2648 sed
1800 2622 1874 2649 valde

1088 2667 1224 2693 inimicum
1239 2671 1266 2693 et
1278 2667 1392 2693 hostem.
1415 2667 1449 2693 At
1464 2674 1516 2694 non
1537 2667 1609 2694 illum
1622 2688 1630 2700 ,
1645 2668 1758 2702 inquies,
1778 2668 1855 2704 lugeo
1865 2689 1873 2700 ,

1088 2712 1134 2739 sed
1152 2721 1194 2738 itte
1217 2712 1313 2746 ipsum.
1329 2712 1382 2740 Sed
1395 2721 1481 2747 neque
1497 2713 1548 2740 hoc
1562 2718 1603 2740 est
1617 2714 1741 2747 amantis,
1759 2715 1828 2741 vello
1844 2715 1874 2742 il-

1090 2757 1143 2785 lutn
1158 2763 1266 2792 propter
1280 2762 1304 2784 te
1315 2758 1374 2792 angi
1391 2763 1417 2785 et
1429 2759 1520 2785 vexari
1533 2763 1560 2786 et
1576 2759 1677 2786 incerto
1693 2760 1781 2787 futuro
1796 2760 1874 2794 subji-

1089 2803 1124 2835 ci,
1139 2811 1198 2830 cum
1215 2803 1284 2830 adsit
1299 2805 1421 2831 coronari
1437 2810 1464 2831 et
1478 2805 1510 2831 ad
1525 2812 1567 2839 po:
1575 2809 1629 2831 tum
1643 2805 1771 2837 tendere;
1794 2811 1839 2832 aut
1851 2807 1875 2833 in

1091 2850 1156 2876 mari
1166 2849 1271 2883 jactari,
1284 2857 1344 2877 cum
1360 2849 1437 2877 liceat
1450 2857 1509 2877 esse
1521 2850 1546 2876 in
1560 2855 1647 2885 portu.
1670 2852 1703 2878 At
1717 2851 1819 2886 nescio,
1837 2851 1876 2878 in-
