2021 3117
124 117 174 142 561

126 176 213 208 noles,
240 179 295 209 quo
311 172 367 201 ivit.
396 171 451 200 Cur
479 171 640 203 nesei53dic
665 171 748 205 mihi;
774 179 836 199 nam
861 173 919 199 sive

127 225 199 247 recte
215 220 291 253 vixit,
303 220 361 247 sive
373 226 461 252 secus,
476 223 519 247 est
529 219 698 246 manifestum
714 226 768 253 qtto
782 219 816 245 sit
828 219 919 246 abitu-

124 274 182 294 rus.
195 266 311 301 Propter
327 265 379 293 hoc
394 266 493 299 ipsutn,
509 266 623 300 inquies,
640 266 747 300 plango,
769 265 839 300 quod
854 272 918 300 pec-

124 317 203 339 cator
224 312 352 339 excessit.
375 312 437 339 Hmc
458 315 520 339 sunt
535 315 680 344 przetextus
691 316 715 338 ct
728 310 835 345 effugia.
852 311 918 338 Nam

125 358 147 384 si
173 362 315 392 propterea
326 364 388 384 cum
399 355 547 384 excesserit
560 356 671 391 lugeas,
695 356 830 384 vivuntem
854 363 917 383 eum

124 403 318 431 u-anslormare
331 407 358 430 et
368 403 530 430 concinnare
545 406 572 429 et
586 410 750 437 componere
763 403 916 437 oportebat.

123 448 218 475 Sedttt
233 456 293 483 qua:
309 452 351 474 tua
363 453 425 474 sunt
438 448 535 483 ubique
545 448 700 475 consideras
715 453 742 475 et
756 448 800 475 tibi
818 456 916 483 propo-

125 494 177 527 uis,
194 502 249 521 non
261 501 320 528 quae
336 493 417 520 illius.
432 493 459 520 Si
476 498 564 520 autem
580 493 660 521 etiam
676 498 799 528 peccator
822 501 916 520 exces-

123 540 168 572 sit,
184 544 326 574 propterea
349 539 430 566 etiam
445 539 529 566 la‘tari
545 543 659 574 oportet,
677 539 747 574 qttod
761 540 915 566 interscissa

123 590 186 612 sunt.
211 591 319 620 peccata
332 590 359 613 et
370 586 434 612 vitio
458 586 522 612 nihil
547 586 667 620 adjecit;
685 591 728 618 et,
744 586 833 621 quoad
858 587 916 621 ejus

125 632 182 659 ﬁeri
194 637 295 667 potest,
308 632 332 659 ei
347 639 517 664 succurrere,
534 640 587 659 non
609 633 745 668 lacrytnis,
759 633 805 659 sed
829 634 915 668 preci-

124 678 184 710 bus,
210 678 450 713 supplicationibus
460 698 470 712 ,
490 678 670 714 cleetnosynis
683 684 709 706 et
723 679 913 706 oblationibus.

123 723 181 750 Non
194 728 258 751 sunt
271 724 342 752 enim
359 724 417 751 lucc
433 729 531 751 temere
542 725 702 759 excogitata,
716 733 802 758 neqtte
816 725 914 753 frustra

126 777 220 796 eorum
233 770 278 804 qui
295 774 470 797 excesserunt
483 770 508 796 in
522 770 618 797 divinis
637 771 772 806 mysteriis
792 772 915 798 tuemini-

122 821 193 847 mus,
209 820 237 841 et
250 822 297 850 pro
308 815 372 850 ipsis
387 815 546 847 accedimus,
564 817 801 852 rogantcstignum
815 825 914 852 propo-

122 860 216 891 situm,
242 861 287 895 qtti
314 861 405 887 ntttttdi
434 866 570 895 peccatunt
597 862 673 894 tulit;
690 863 736 889 sed
760 867 788 889 ut
801 864 862 890 inde
876 865 915 891 eis

121 907 211 941 aliqua
226 907 261 933 sit
274 907 424 934 consolatio
437 917 443 934 :
462 916 547 942 neque
562 909 610 935 abs
627 916 655 935 re
676 909 697 935 is
711 909 756 943 qui
774 910 861 936 adstat
872 910 912 936 al-

123 953 172 979 tari
183 974 190 983 ,
206 953 269 980 dum
285 954 435 980 veneranda
459 959 621 989 peraguntur
635 956 772 990 mysteria,
787 956 887 983 clamat
902 966 908 982 :

122 1000 173 1027 Pro
186 1000 314 1027 omnibus
334 1000 379 1034 qui
396 1000 421 1027 in
437 1001 542 1027 Christo
568 1002 751 1033 dortniermtt,
767 1006 793 1029 ct
822 1002 853 1029 iis
868 1003 911 1037 qtti

121 1046 248 1080 proipsis
259 1045 395 1072 celebrant
416 1047 567 1073 memorias.
593 1047 659 1073 Nam
672 1047 693 1073 si
706 1055 753 1081 pro
776 1048 840 1082 ipsis
859 1056 911 1075 non

123 1091 219 1118 tierent
233 1092 514 1125 commemorationes,
539 1100 572 1119 ne
587 1092 644 1119 inec
657 1093 765 1127 quidcttt
782 1094 850 1120 dicta
871 1101 914 1121 es-

122 1141 191 1163 sent.
203 1136 261 1164 Non
274 1137 421 1164 sunt-enim
438 1146 481 1164 res
497 1144 595 1165 nostrze
607 1139 661 1165 lttdi
679 1140 778 1166 sccttici
791 1160 798 1172 ,
819 1140 889 1167 absit
903 1149 911 1167 :

122 1181 179 1209 luce
192 1182 263 1209 enim
277 1183 342 1209 liunt
355 1183 523 1210 ordinatione
536 1183 662 1218 Spiritus.

156 1229 183 1256 5.
197 1228 243 1256 Eis
256 1236 320 1264 ergo
334 1237 413 1265 opem
436 1230 551 1256 let-amns
563 1250 569 1261 ,
584 1236 611 1257 et
626 1233 920 1259 commemorationem

121 1282 214 1301 eorum
231 1281 398 1309 peragamus.
414 1275 440 1302 Si
453 1275 592 1302 euithobi
605 1276 673 1303 lilios
685 1278 810 1311 expiabat
826 1279 908 1312 patris

121 1319 303 1346 sacriﬁcium:
319 1319 382 1354 quid
402 1320 507 1347 dubitas
519 1341 525 1352 ,
540 1328 573 1347 att
597 1322 673 1349 nobis
688 1330 735 1356 pro
750 1323 790 1350 eis
803 1325 847 1357 qui
861 1332 912 1350 ex—

120 1368 260 1392 cesserunt
273 1364 456 1398 offerentibus,
473 1367 535 1400 ipsis
549 1367 628 1394 detur
640 1368 727 1403 aliqua
740 1370 911 1396 consolatio?

119 1409 194 1436 Solet
208 1410 280 1437 enim
309 1410 378 1438 Dcus
394 1411 474 1438 etiam
490 1412 550 1438 aliis
565 1419 613 1446 pro
626 1413 685 1439 aliis
699 1414 853 1448 gratilicari.
878 1416 912 1441 Et

123 1455 175 1482 hoc
188 1456 347 1483 ostendebat
358 1457 455 1484 Paulus
465 1457 557 1484 dicens
573 1467 579 1485 :
602 1458 634 1485 Ut
647 1459 672 1485 in
687 1460 772 1486 multis
784 1461 909 1494 personis,

119 1501 175 1535 ejus
189 1509 246 1535 quo:
257 1502 283 1528 in
292 1502 362 1529 nobis
375 1507 411 1529 est
424 1502 567 1530 donationis
579 1512 624 1538 per
635 1505 726 1531 multos
737 1506 825 1540 gratim
836 1515 912 1541 agan-

121 1551 161 1572 tttr
180 1555 227 1580 pro
251 1547 319 1573 vobts
340 1547 349 1583 (
364 1548 391 1574 '2.
405 1547 464 1575 Cor.
482 1549 508 1575 2.
524 1549 554 1576 ii
573 1550 593 1583 ).
609 1550 648 1577 Ne
662 1552 813 1585 nos-pigeat
832 1560 909 1586 opem

119 1592 190 1620 ferre
206 1593 239 1619 iis
251 1593 297 1627 qui
312 1599 487 1621 excesserunt
500 1615 507 1626 ,
522 1600 549 1622 et
563 1603 612 1629 pro
626 1596 663 1622 eis
680 1597 775 1623 ollerrc
790 1605 883 1631 preces
900 1607 907 1624 :

119 1643 159 1665 est
172 1638 244 1665 enim
256 1639 421 1673 propositum
432 1640 506 1667 orbis
520 1646 598 1668 terrm
612 1650 753 1670 commune
765 1644 908 1678 piaculum.

120 1685 263 1718 Propterea
281 1685 393 1713 fidenter
410 1693 458 1720 pro
469 1687 536 1714 orbe
553 1691 631 1714 terra:
646 1692 707 1715 tunc
730 1697 865 1723 rogamus,
882 1695 909 1717 et

118 1739 180 1758 cum
207 1732 369 1766 martyribus
382 1739 429 1759 eos
441 1739 568 1760 vocamus
581 1754 588 1764 .
603 1741 663 1760 cum
687 1735 886 1763 conlessoribus
899 1757 908 1769 ,

118 1784 179 1803 cum
192 1777 384 1804 sacerdotibus.
395 1778 497 1805 Etenim
508 1787 591 1806 unutn
600 1787 699 1814 corpus
706 1788 798 1808 omnes
805 1789 907 1814 sumus,

118 1822 225 1849 etiamsi
239 1822 293 1849 sint
315 1823 433 1850 membra
449 1824 575 1851 membris
597 1826 778 1859 splendidiora
793 1832 837 1854 :ct
851 1827 908 1854 ﬁeri

117 1871 207 1902 potest
218 1872 248 1895 ut
262 1868 365 1895 veniam
381 1869 421 1895 eis
439 1870 511 1896 ontni
535 1878 567 1897 ex
589 1877 662 1904 parte
684 1873 857 1900 conciliemus
869 1894 876 1906 ,
893 1882 907 1900 a

117 1913 259 1948 precibus,
270 1921 285 1940 a
299 1913 377 1940 donis
392 1921 451 1949 qum
468 1923 516 1949 pro
527 1916 566 1942 eis
580 1916 738 1949 otreruutur,
761 1918 794 1944 ab
817 1919 848 1945 iis
863 1919 907 1953 qui

117 1966 178 1986 cum
191 1959 256 1993 ipsis
274 1964 412 1986 vocantur.
427 1959 553 1998 Curergo
564 1962 660 1989 doles?
680 1970 727 1989 ear
743 1963 816 1998 luges
830 1969 857 1990 et
870 1964 908 1990 la-

118 2006 264 2038 menteris,
282 2006 389 2041 quando
408 1996 534 2034 defuncto
559 2014 645 2042 potest
670 2015 741 2037 tanta
765 2012 906 2039 conciliari

117 2051 196 2078 venia
209 2052 221 2078 ἲ
237 2053 271 2078 At
281 2052 366 2087 luges,
383 2053 508 2088 quoniam
523 2062 552 2080 es
566 2054 670 2081 deserta
686 2063 717 2083 ac
731 2056 868 2089 destituta,
880 2064 908 2085 et

117 2099 259 2133 perdidisti
275 2104 417 2133 patronum
431 2107 464 2127 ac
479 2100 652 2128 defensorem
668 2103 679 2128 Ἰ
694 2103 744 2129 Sed
761 2112 905 2138 numquam

117 2144 170 2170 hoc
193 2144 312 2177 dixeris;
338 2152 424 2180 neque
451 2147 521 2173 enim
549 2147 629 2174 Deum
660 2149 808 2183 perdidisti.
848 2151 918 2178 ldeo—

116 2189 245 2224 quamdiu
259 2197 320 2216 eutn
335 2189 418 2217 habes
430 2211 437 2224 ,
455 2191 510 2225 ipse
533 2192 582 2218 erit
598 2193 643 2219 tibi
669 2194 755 2228 major
770 2200 796 2221 et
810 2196 906 2223 tnarilo

117 2240 144 2262 et
159 2239 236 2269 patre
247 2240 274 2263 et
288 2235 342 2262 ﬁlio
357 2240 509 2264 etsocero:
531 2246 592 2264 nam
607 2244 632 2265 et
648 2239 699 2265 illis
724 2240 871 2267 viventibus
886 2241 915 2268 is.

118 2287 174 2308 erat
190 2281 235 2315 qui
250 2281 364 2308 iaciebat
387 2282 487 2309 omnia.
505 2282 568 2310 Haec
582 2292 647 2318 ergo
662 2285 760 2318 cogita,
778 2291 804 2312 et
817 2287 859 2312 die
872 2287 907 2312 si-

117 2332 162 2354 cut
176 2327 269 2359 David,
285 2327 409 2355 Dominus
425 2329 577 2356 illtuninutio
590 2339 643 2357 mea
658 2336 679 2357 et
693 2332 805 2358 salvator
818 2341 903 2365 meus,

117 2381 189 2407 quem
204 2372 294 2400 timebo
305 2372 390 2409 (I’sal.
405 2374 451 2400 26.
467 2375 492 2409 1)
504 2376 515 2401 ?
525 2376 576 2407 dic,
594 2377 632 2403 'l'n
646 2385 676 2404 es
691 2383 765 2410 pater
777 2379 907 2413 orphauo-

118 2427 188 2451 rum,
205 2423 231 2446 et
241 2419 323 2453 jndcx
335 2419 473 2447 viduarum
487 2429 494 2453 ;
508 2427 534 2448 et
549 2422 606 2455 cjus
628 2424 739 2450 attrahe.
752 2426 877 2452 amiliutn
896 2448 903 2458 ,

639 114 671 142 IN
692 114 798 143 EPIST.
820 114 828 141 I
862 114 907 143 AD
925 114 1003 143 (ΞΟΠ.
1026 116 1140 145 HOMIL.
1161 118 1241 147 XLII.

1712 129 1763 156 362

972 188 999 210 ct
1023 184 1134 213 habebis
1147 195 1209 214 eum
1227 196 1298 217 nunc
1311 191 1395 226 magis
1411 191 1458 219 tibi
1473 194 1657 228 providentem
1682 206 1761 232 quam

972 231 1054 278 prius,
1076 239 1129 266 quo
1153 233 1179 260 in
1202 235 1331 270 majorem
1350 238 1457 266 redacta
1472 247 1503 267 es
1517 240 1643 276 inopiam.
1658 231 1762 278 Atpcr-

971 274 1061 302 didiin
1079 276 1161 304 tilium
1174 279 1253 307 ?Non
1270 282 1421 317 perdidisti,
1439 292 1473 312 ne
1484 274 1581 314 dicas‘:
1595 296 1638 316 res
1654 274 1710 317 lucc
1721 295 1763 318 est
1784 312 1786 315 .

971 328 1092 356 somnus,
1107 332 1160 352 non
1177 334 1268 360 mors;
1287 334 1328 356 est
1343 331 1483 366 migratio,
1502 341 1555 361 non
1570 335 1704 369 perditio:
1722 343 1763 365 cst

972 369 1151 404 peregrinatio
1164 380 1179 399 a
1194 373 1374 403 deterioribus
1384 377 1417 405 ad
1430 379 1551 407 meliora.
1575 380 1614 409 Ne
1629 382 1711 411 Deum
1724 383 1761 411 ir-

971 413 1046 446 rites,
1068 415 1117 442 sed
1138 417 1227 451 places
1241 424 1268 446 et
1282 421 1379 449 reddas
1400 425 1555 459 propitium.
1581 427 1647 455 Nam
1660 430 1681 457 si
1698 430 1761 459 forti

970 459 1059 487 anitno
1075 461 1177 494 tuleris,
1194 464 1244 491 erit
1271 466 1332 494 hinc
1344 472 1370 495 et
1389 469 1515 498 defuncto
1528 477 1554 499 et
1568 474 1614 501 tibi
1639 476 1759 510 qua‘datn

969 507 1117 534 consolatio
1135 518 1142 535 :
1164 510 1204 536 sin
1221 516 1313 538 contra
1328 534 1334 545 ,
1351 514 1417 541 iram
1440 516 1486 543 Dei
1515 519 1598 554 magis
1623 507 1758 550 accendis.

970 550 1034 578 Nam
1051 553 1072 579 si
1086 561 1165 581 servo
1177 563 1190 582 a
1206 556 1315 585 domino
1333 559 1421 594 ﬂagris
1440 570 1510 590 cmso
1525 570 1551 591 tu
1566 565 1676 594 adstans
1688 577 1760 603 aegre

970 597 1081 632 tuleris,
1107 599 1244 628 domittuut
1261 605 1344 639 magis
1369 611 1460 634 contra
1478 610 1674 640 teirritaveris.
1698 597 1758 642 ἱξοΙί

969 641 1019 669 hoc
1034 644 1130 677 uicere,
1144 647 1190 672 sed
1203 655 1250 682 age
1262 650 1408 683 gratias,ut
1418 653 1462 680 tibi
1476 662 1581 690 quoque
1596 657 1645 684 hac
1656 661 1758 687 ratione

969 688 1128 717 discutiatur
1150 694 1235 720 nubes
1255 696 1337 723 anittti
1365 688 1550 732 a'gritudinisi
1565 703 1608 730 dic
1621 705 1689 732 sicut
1714 707 1758 734 ille

969 734 1070 768 beatus,
1082 736 1206 766 Dominus
1220 740 1299 774 dedit,
1316 742 1439 770 Dominus
1453 747 1571 775 abstulit:
1584 750 1669 783 cogita
1678 759 1757 785 quatit

969 781 1044 807 tntilli
1060 783 1143 817 magis
1173 785 1226 811 Deo
1248 787 1384 820 placentes
1398 797 1431 817 ne
1444 792 1552 819 omnino
1580 781 1692 828 quidem.
1709 797 1759 823 Ita-

967 825 1051 854 buere
1066 828 1144 861 lilios,
1156 838 1240 864 neque
1254 835 1340 860 vocati
1353 841 1414 862 sunt
1427 842 1525 871 patres.
1539 839 1629 875 Neque
1640 849 1699 877 ego,
1717 844 1759 870 itt-

967 873 1033 906 quit.
1048 874 1144 901 vellem
1162 876 1287 906 habuisse
1304 888 1310 906 :
1339 882 1434 909 tnelius
1450 884 1521 911 ettim
1535 885 1630 913 fuisset
1644 897 1694 915 ttou
1709 889 1757 916 ita-

968 917 1056 944 buissc
1068 923 1270 955 experientiam,
1285 933 1363 959 quam
1379 933 1516 964 postquam
1529 935 1645 966 gustaris
1661 936 1757 971 volup—

968 968 1058 997 tatum,
1076 968 1108 992 ab
1122 975 1151 993 ea
1164 970 1442 1009 excidi~se.Ne,rogo,
1457 984 1490 1002 ne
1504 977 1560 1004 iure
1573 979 1655 1012 dicas,
1673 990 1705 1009 ne
1718 968 1757 1010 sic

967 1017 1072 1044 quoque
1099 1012 1237 1041 Dominum
1254 1016 1286 1043 ad
1311 1018 1376 1045 iram
1405 1028 1553 1055 provoces;
1579 1026 1626 1052 scd
1651 1035 1699 1060 pro
1724 1029 1756 1056 iis

966 1056 1071 1089 quidem
1088 1066 1146 1092 qute
1158 1062 1284 1095 acet-inisti
1301 1071 1349 1098 age
1364 1067 1471 1100 gratias,
1486 1077 1533 1102 pro
1547 1070 1578 1096 iis
1594 1077 1680 1099 autem
1695 1082 1755 1108 qua;

967 1108 1096 1137 perpetuo
1108 1113 1159 1132 non
1174 1107 1264 1140 habes,
1282 1109 1412 1144 gloriﬁca.
1426 1113 1480 1140 Non
1500 1115 1642 1150 dixitJob,
1661 1107 1754 1147 Melius

966 1147 1062 1175 fuisset
1077 1158 1128 1177 non
1144 1153 1300 1187 accepisse;
1316 1157 1385 1190 quod
1402 1163 1426 1185 tu
1444 1159 1601 1194 insipienter
1614 1169 1640 1190 et
1653 1165 1755 1200 ingrato

966 1195 1056 1222 anituo
1071 1196 1158 1224 dicis:
1174 1199 1221 1225 sed
1236 1201 1315 1227 etiam
1332 1211 1379 1236 pro
1397 1204 1447 1232 illis
1464 1207 1559 1241 agebat
1575 1195 1693 1243 gratias:
1716 1214 1758 1239 di-

965 1247 1028 1266 cens
1042 1249 1048 1267 :
1068 1241 1189 1269 Dominus
1201 1245 1287 1278 dedit;
1301 1252 1327 1273 ct
1341 1257 1386 1282 pro
1401 1250 1441 1276 his
1456 1241 1632 1282 benediccbat
1643 1241 1734 1286 dicens
1747 1269 1753 1286 :
1795 1271 1798 1275 '

966 1283 1090 1312 Dominus
1103 1287 1207 1315 abstulit
1218 1298 1226 1316 :
1239 1291 1270 1316 sit
1281 1301 1370 1320 nomen
1382 1294 1485 1323 Domini
1499 1298 1655 1328 benedictum
1666 1304 1693 1329 in
1703 1313 1753 1331 sa:-

964 1331 1032 1357 cula.
1054 1332 1134 1360 Uxori
1157 1343 1264 1370 qnoqtte
1282 1338 1320 1365 sic
1332 1347 1362 1366 os
1375 1341 1531 1371 obstruebat
1546 1348 1615 1380 apud
1631 1356 1689 1376 eam
1709 1352 1754 1385 ju—

964 1382 1020 1403 stas
1034 1378 1148 1406 alferens
1159 1382 1287 1415 rationes,
1298 1390 1323 1410 et
1339 1386 1504 1416 adtnirabilia
1517 1378 1651 1420 illa-verba
1668 1378 1755 1424 enun-

966 1423 1033 1450 tians
1053 1434 1059 1449 :
1077 1424 1107 1451 Si
1117 1426 1182 1453 bona
1192 1429 1292 1461 quidem
1306 1433 1449 1466 arcepimus
1463 1443 1478 1460 ιι
1492 1435 1609 1471 Domino,
1627 1441 1694 1467 mala
1707 1451 1755 1468 an-

965 1473 1013 1495 tem
1039 1479 1090 1497 non
1113 1473 1311 1503 sustinebimus?
1326 1477 1404 1511 Atqui
1420 1481 1527 1514 gravior
1541 1488 1601 1517 post
1619 1485 1677 1513 lucc
1699 1487 1750 1515 fuit

966 1517 1076 1544 lentatio
1089 1526 1096 1550 ;
1113 1519 1160 1545 sed
1174 1520 1219 1547 ille
1233 1529 1266 1547 ne
1280 1523 1318 1549 sic
1333 1524 1440 1558 quidem
1463 1526 1562 1555 fractus
1582 1536 1622 1557 est
1636 1537 1662 1558 et
1677 1540 1755 1560 citer-

965 1567 1050 1595 vatus,
1065 1564 1111 1590 sed
1135 1565 1258 1594 similiter
1272 1568 1372 1596 ferebat
1391 1571 1450 1599 forti
1463 1574 1563 1607 animo,
1578 1581 1605 1603 ct
1623 1578 1755 1612 gloriﬁca-

964 1608 1018 1635 bat.
1040 1609 1079 1636 Tu
1095 1618 1200 1645 quoque
1213 1612 1263 1640 ltoc
1281 1615 1329 1647 lac,
1346 1620 1372 1642 et
1383 1617 1453 1651 apud
1466 1623 1491 1645 te
1503 1627 1606 1654 reputa,
1618 1608 1688 1657 quod
1701 1633 1753 1653 non

964 1653 1044 1681 homo
1056 1658 1168 1690 accepit,
1184 1658 1230 1685 sed
1244 1659 1313 1687 Deus
1323 1662 1366 1695 qui
1380 1662 1452 1697 fecit,
1469 1666 1513 1699 qui
1527 1667 1608 1701 magis
1622 1677 1701 1702 quam
1726 1676 1752 1698 tu

963 1699 1021 1733 cjtts
1033 1708 1123 1728 curam
1139 1704 1217 1737 gerit,
1230 1709 1256 1731 et
1269 1706 1319 1733 scit
1337 1709 1397 1740 quid
1411 1710 1434 1736 ei
1457 1712 1587 1746 conferat,
1605 1724 1661 1743 ttou
1671 1717 1754 1746 hostis

963 1745 1059 1779 aliquis
1074 1755 1158 1782 neque
1174 1749 1323 1779 insidiator.
1340 1753 1405 1781 Vide
1417 1763 1495 1789 qttattt
1519 1760 1592 1787 tnulti
1609 1745 1766 1797 viventes

964 1793 1044 1818 vitam
1071 1802 1123 1820 non
1148 1795 1253 1823 vitalem
1283 1799 1402 1826 iecerunt
1417 1804 1581 1835 parentibus.
1599 1793 1753 1836 Generosos

963 1844 1050 1864 autem
1064 1859 1070 1869 ,
1087 1839 1190 1873 inquies
1201 1863 1207 1873 ,
1230 1847 1256 1868 et
1273 1844 1372 1877 probos
1386 1854 1439 1873 non
1457 1848 1530 1875 vides
1544 1851 1554 1876 ?
1578 1851 1630 1879 Eos
1646 1861 1752 1888 quoque

963 1883 1040 1910 video
1059 1893 1065 1915 ;
1083 1885 1128 1911 sed
1151 1894 1194 1913 res
1217 1896 1322 1921 qttoque
1345 1899 1437 1918 eorum
1462 1895 1550 1922 tnittus
1572 1903 1633 1925 sunt
1653 1898 1678 1926 in
1695 1905 1764 1928 tuto.

962 1937 1042 1963 quam
1058 1939 1100 1957 res
1115 1932 1150 1958 tui
1168 1933 1224 1959 lilii.
1256 1934 1321 1961 Nam
1337 1938 1386 1963 clsi
1412 1939 1437 1965 itt
1454 1939 1519 1967 bona
1532 1948 1594 1970 sunt
1613 1946 1749 1974 existinm-

964 1975 1045 2007 tione,
1062 1976 1121 2002 ﬁnis
1138 1982 1224 2005 tamen
1236 1988 1328 2007 eorum
1343 1988 1384 2009 est
1398 1985 1532 2014 inet-rtus:
1549 1989 1581 2015 de
1596 1990 1641 2017 illo
1661 1999 1748 2020 autem
1759 2011 1765 2019 κ

966 2021 991 2047 itt
1009 2022 1138 2056 reliquum
1156 2032 1208 2051 non
1227 2026 1303 2053 times
1318 2036 1404 2063 neque
1421 2035 1615 2068 contremiscis,
1634 2045 1666 2064 ne
1687 2040 1750 2073 quid

962 2068 985 2093 ei
1002 2068 1124 2100 accidat,
1143 2075 1187 2096 attt
1202 2071 1317 2105 aliquant
1344 2075 1471 2109 suscipiat
1486 2084 1671 2109 mutationem.
1688 2068 1763 2112 [latc-

962 2113 1041 2139 etiam
1067 2115 1153 2148 Cogita
1168 2116 1202 2142 de
1218 2117 1324 2150 pulchra
1340 2127 1422 2148 uxore
1433 2143 1439 2153 ,
1455 2128 1481 2149 et
1505 2124 1571 2152 bona
1594 2127 1690 2156 domus
1705 2138 1752 2157 eu-

961 2159 1054 2191 stode;
1072 2165 1098 2186 el
1112 2163 1287 2194 proomnibus
1304 2165 1357 2191 Deo
1367 2174 1415 2201 age
1429 2170 1537 2203 gratias,
1553 2177 1579 2198 et
1594 2174 1615 2199 si
1628 2177 1752 2208 perdide-

961 2205 997 2231 ris
1010 2213 1120 2232 uxorem
1134 2228 1141 2239 ,
1156 2209 1255 2242 gratias
1269 2218 1326 2244 age.
1342 2212 1467 2241 Fortasse
1481 2220 1505 2242 te
1517 2218 1572 2244 vult
1586 2205 1655 2247 Dens
1667 2223 1763 2250 addit--

960 2260 1022 2279 cere
1034 2253 1067 2279 ad
1081 2256 1282 2289 continentiam,
1302 2258 1333 2284 :td
1350 2260 1450 2294 majora
1466 2269 1541 2290 vocat
1556 2274 1666 2299 operum
1683 2276 1750 2304 δαν-

961 2304 996 2331 ta,
1019 2304 1043 2326 te
1057 2300 1138 2327 voluit
1151 2302 1262 2330 liberare
1275 2311 1289 2330 a
1304 2305 1418 2333 vinculo.
1436 2308 1463 2335 Si
1474 2309 1513 2336 sic
1523 2300 1749 2349 philosophentur,

963 2350 989 2371 et
1003 2346 1166 2374 lucrabinntr
1180 2355 1338 2383 pra-sentem
1366 2354 1449 2380 animi
1478 2346 1707 2395 tranquillitatem,
1722 2346 1752 2391 et

960 2392 1060 2420 l'uturas
1076 2401 1249 2429 assequemur
1261 2404 1384 2431 coronas,
1399 2405 1451 2428 etc.

773 2498 942 2529 HOMILIA
967 2499 1065 2529 XLII.

115 2551 178 2580 CAP.
201 2553 246 2581 i5.
261 2561 287 2580 ν.
303 2553 348 2580 47.
371 2553 475 2581 Primus
491 2554 564 2581 homo
577 2554 609 2581 de
621 2560 700 2589 terra,
717 2560 830 2584 terrenus
843 2565 853 2590 ,'
865 2566 918 2585 εει

282 2599 380 2627 candus
392 2599 476 2633 homo,
490 2600 614 2628 Dominus
624 2601 656 2628 de
665 2602 737 2629 ratio.

149 2646 176 2672 1.
190 2645 337 2680 Postquam
345 2645 487 2673 animalem
499 2646 567 2673 dixit
576 2647 693 2681 pritnum
704 2653 730 2674 et
742 2648 906 2682 spiritualent

114 2691 272 2724 sccuudum,
287 2699 380 2719 rursus
392 2692 472 2719 aliam
483 2692 558 2726 ponit
568 2692 757 2726 ditl'erentiatu,
772 2698 907 2722 terrenum

114 2736 205 2764 dicens
219 2742 248 2764 ct
261 2737 408 2765 caelestem.
418 2737 483 2764 Nam
495 2738 581 2772 prima
594 2738 700 2773 quidem
712 2742 754 2766 est
768 2740 825 2766 vitae
838 2748 906 2774 prac-

115 2784 196 2810 seutis
216 2788 245 2811 ct
269 2783 367 2811 l'uturze
382 2792 389 2817 ;
405 2783 463 2812 hmc
477 2789 566 2811 autem
579 2790 620 2811 est
635 2784 694 2819 ejus
715 2786 760 2819 qui
783 2786 832 2813 fuit
847 2793 909 2814 ante

113 2829 234 2864 gratiam,
253 2835 281 2858 ct
300 2829 359 2865 ejus
381 2829 425 2864 qui
441 2834 482 2857 est
497 2835 556 2864 post
569 2829 692 2864 gratiam.
708 2830 799 2858 Posuit
816 2837 905 2859 autem

960 2559 1033 2587 illam
1046 2559 1191 2587 adtrectqu
1205 2561 1427 2592 vitae-institutum
1439 2566 1542 2596 dicens.
1551 2570 1616 2598 Nam
1626 2581 1669 2607 ne,
1682 2576 1751 2603 sicut

964 2605 1031 2638 dixi,
1052 2605 1164 2632 lidentes
1177 2608 1369 2636 resurrectioni
1381 2630 1389 2643 ,
1402 2611 1483 2639 vitam
1496 2621 1528 2641 ex
1543 2616 1641 2646 virtute
1654 2605 1682 2647 et
1696 2630 1751 2655 pcr-

962 2650 1030 2678 fecte
1042 2651 1172 2686 agendam
1194 2653 1361 2689 negligerent
1372 2677 1380 2689 ,
1395 2665 1488 2687 rursus
1507 2668 1554 2689 eos
1569 2671 1675 2700 qttoque
1689 2650 1752 2695 hinc

963 2696 1049 2723 reddit
1070 2703 1176 2731 paratos
1188 2698 1221 2725 ad
1233 2699 1435 2736 decertandum,
1449 2710 1476 2732 et
1489 2696 1611 2736 hortatur
1623 2696 1656 2737 ad
1670 2713 1753 2740 virtu-

963 2748 1027 2775 tem,
1042 2743 1135 2770 dicens
1148 2752 1155 2769 :
1172 2743 1277 2772 Primus
1289 2747 1365 2774 homo
1384 2749 1415 2776 de
1427 2754 1504 2785 terra,
1518 2758 1650 2788 terrenus;
1664 2765 1753 2785 secun-

963 2788 1011 2815 dus
1035 2789 1109 2816 homo
1122 2810 1129 2822 ,
1147 2790 1271 2819 Dominus
1290 2793 1322 2820 de
1335 2795 1417 2828 cazlo;
1443 2799 1594 2827 universum
1616 2803 1752 2837 appellans

962 2834 1099 2862 hominem
1113 2843 1120 2868 ;
1138 2841 1163 2863 et
1178 2836 1247 2864 hunc
1261 2839 1368 2874 quidem
1382 2842 1522 2872 nominans
1537 2847 1569 2873 ab
1582 2855 1614 2874 eo
1629 2834 1698 2883 quod
1710 2853 1752 2877 est
