2021 3117
223 154 276 182 3ϋῆ

227 212 322 240 melius
346 217 377 236 :‘c
395 210 563 243 pra-stantius
574 223 582 235 ,
599 202 672 229 illum
688 204 775 227 autem
790 198 824 224 ab
839 204 871 222 eo
892 193 962 243 quod
977 196 1019 243 est

227 239 410 286 tmolius/18'.
427 252 515 286 Quatis
530 255 653 279 terrenus,
666 246 728 273 talea
738 250 760 270 ct
775 242 874 270 terreni.
891 241 935 268 Sic
950 239 1020 274 peri-

228 306 294 333 bunt
316 308 342 331 et
357 301 515 329 morientur.
532 295 622 329 Qualis
636 292 760 322 celestis,
778 290 840 316 tales
859 293 883 316 et
899 286 1020 333 civitates.

228 332 272 378 Sic
295 347 439 376 manebunt
454 340 620 371 innnortales
638 342 664 366 et
687 337 829 371 fulgentes.
853 332 922 378 Quid
944 337 1020 362 vero,

230 377 318 424 annon
336 394 358 420 is
371 397 478 427 quoque
491 392 532 416 est
547 390 668 413 mortuus
683 383 694 409 ?
715 382 834 409 Mortuus
848 377 956 413 quidem
969 381 1021 409 est,

231 441 277 469 scd
293 439 355 467 inde
372 437 436 464 nihil
463 434 510 461 fuit
534 433 633 460 la-sns.
659 428 705 456 sed
728 427 767 454 sic
790 432 896 460 quoque
909 427 1023 450 utortetn

232 485 364 514 ili-solvit.
380 479 503 508 Vidistin‘
515 475 651 514 quonmdo
663 475 725 501 binc
735 479 842 508 quoque
853 478 899 505 per
911 472 1024 496 munem

231 531 369 561 cititSlilllll
381 529 476 563 dogma
493 525 525 552 de
541 520 761 551 resurrectione?
777 518 883 546 llaheus
897 515 981 563 enim,
997 518 1026 540 ut

233 579 306 614 prius
318 576 384 606 dixi,
400 561 558 609 principium
572 574 599 597 et
613 571 704 603 caput,
718 565 772 593 noli
787 563 910 612 dubitare
922 561 955 588 de
969 564 1024 586 toto

233 612 357 658 corpore.
372 618 425 648 Sed
448 623 475 646 et
495 617 557 644 hinc
578 620 685 650 quoque
707 614 815 658 exercet
837 613 966 642 optimam
994 612 1027 632 ac

235 656 484 706 pt-icstatttissintam
517 663 577 689 vita:
603 658 712 694 agenda:
739 656 892 686 rationem,
925 657 1028 687 ponens

234 699 357 751 exempla
371 713 432 740 \‘iue
445 710 557 739 excelsa:
572 715 603 735 ac
617 702 808 751 philosophica-
821 721 830 732 ,
852 704 879 726 ct
893 699 950 749 ejus

237 771 289 792 non
305 745 344 788 est
359 757 523 794 huiusmodi,
540 759 568 781 ct
583 753 721 785 utriusqu
735 748 871 775 adducens
887 745 1028 794 principia,

237 789 310 838 illius
334 789 441 842 quidem
466 799 613 833 Chri4tum,
629 798 707 833 hujus
722 803 788 823 vero
801 793 943 842 diluluum.
968 789 1033 842 l’lro-

239 860 330 890 ptcrea
344 835 394 880 iicc
409 849 530 878 absolute
541 846 617 877 d'nit,
635 845 655 872 Ε
674 849 756 874 terra,
769 840 816 867 sed
829 835 1035 890 Tcrrettusrdtoc

307 905 426 929 crassus,
439 895 534 922 affixus
548 889 726 926 praesentibus
741 896 748 915 :
761 892 788 914 et
803 891 895 913 rursus
908 883 941 910 de
955 881 1035 933 (Ebri-

240 927 291 974 sto’
304 943 467 972 eontrarimn
480 962 489 973 ,
507 938 631 966 Dominus
645 944 657 963 e
680 935 752 961 mlo.
778 932 807 960 Si
822 935 910 958 autent
925 927 1034 974 quidam

242 973 302 1020 ideo
315 990 404 1017 dicant
425 985 567 1015 Domiuuut
582 991 634 1010 non
657 981 756 1007 habere
775 984 884 1012 corpus,
908 973 980 1010 quod
993 973 1035 1000 di-

241 1019 312 1065 ctum
326 1036 370 1068 sit,
388 1033 410 1062 Ε
422 1033 495 1064 calo,
509 1030 647 1059 sufficiunt
661 1026 768 1062 quidem
790 1033 849 1059 qmu
864 1023 918 1058 jam
933 1019 1036 1056 pridem

241 1083 314 1110 dicta
328 1085 391 1108 sunt
405 1078 439 1106 ad
461 1085 507 1103 ora
531 1082 624 1103 eorum
648 1070 832 1101 obstrueuda;
858 1067 924 1095 nihil
945 1070 1036 1093 autent

243 1133 327 1160 vetat,
341 1125 485 1161 quominus
497 1122 560 1149 hinc
570 1126 676 1156 quoque
687 1125 734 1145 ora
749 1123 843 1144 eorum
854 1114 1036 1161 obstruamus.

243 1158 367 1209 Quidves-t
379 1178 461 1202 enim,
477 1168 601 1196 Dominus
612 1173 626 1192 e
638 1164 700 1192 cwlo
714 1163 726 1190 ?
740 1167 901 1190 naturamne
914 1158 990 1188 dicit,
1005 1163 1038 1183 an

244 1206 373 1254 optimam
387 1217 448 1244 vitre
462 1212 631 1242 instituenda:
647 1210 778 1238 rationem
793 1207 804 1234 ?
820 1206 910 1255 (iuivis
925 1208 967 1255 est
980 1211 1040 1238 pcr-

246 1252 388 1300 spicuum,
415 1260 486 1296 quod
511 1259 641 1294 optimam
667 1256 728 1282 vita:
753 1252 863 1288 agenda:
885 1252 1040 1300 rationem:

249 1295 275 1340 ei
298 1311 358 1338 ideo
382 1295 541 1342 subjtmgit:
564 1303 608 1332 49.
633 1303 704 1330 Sicut
731 1298 886 1335 portavimus
909 1295 1043 1330 imaginem

249 1355 361 1386 terreni;
384 1353 436 1380 hoc
455 1355 514 1383 est,
537 1350 607 1377 sicut
630 1347 698 1374 mala
720 1345 848 1375 fecimus;
872 1347 1002 1377 portemus
1022 1343 1045 1366 ct

248 1402 384 1437 itmginem
403 1397 528 1428 calcatis;
543 1395 594 1423 hoc
607 1397 660 1425 est,
675 1391 804 1419 faciamus
818 1389 930 1423 optima.
945 1386 1045 1413 Prteter

252 1435 310 1475 baro
324 1452 414 1473 autem
426 1463 436 1478 ,
449 1451 481 1470 ex
498 1447 524 1469 te
538 1441 653 1468 libenter
665 1437 820 1466 sciscitarer
836 1444 843 1462 :
866 1435 903 1461 De
917 1437 1047 1460 naturane

251 1494 352 1522 dictum
368 1495 409 1518 est
422 1510 429 1521 ,
456 1488 506 1522 Qui
528 1495 559 1514 eo:
583 1491 650 1513 terra
661 1504 668 1515 ,
693 1488 806 1510 terrenus
818 1501 826 1514 ,
842 1485 880 1513 et,
897 1478 1024 1505 Dominus
1035 1484 1048 1503 ε

253 1539 316 1568 cwlo
331 1538 343 1565 2’
358 1536 473 1564 Maxime
486 1554 494 1567 ,
517 1533 610 1568 inquit.
634 1529 702 1564 Quid
718 1530 802 1564 ergo?
824 1532 947 1555 terrenus
961 1523 1048 1551 solum

255 1588 312 1612 erat
328 1582 412 1610 Adam
426 1601 435 1613 ,
449 1588 481 1606 an
497 1578 616 1613 aliquam
629 1577 709 1604 etiam
725 1575 804 1601 aliaat
819 1571 934 1599 habebat
954 1576 1049 1597 essen-

257 1630 321 1656 tiam
337 1630 479 1662 cognatam
495 1622 622 1659 supernis
636 1627 663 1649 et
684 1618 850 1653 iucorporeis
862 1637 869 1649 ,
884 1624 963 1651 quant
976 1615 1049 1662 Scri-

258 1679 335 1708 ptura
348 1660 425 1698 vocat
438 1669 555 1696 animam
577 1672 605 1694 et
624 1666 747 1701 spiritum
760 1664 771 1690 ἲ
788 1663 835 1690 Est
849 1662 933 1689 cuivis
948 1660 1051 1695 perspi-

256 1726 348 1750 cuum,
364 1715 435 1751 quod
449 1714 518 1742 hanc
532 1720 649 1749 quoque.
665 1711 736 1746 Ergo
751 1717 838 1745 neque
854 1708 981 1736 Dominus
994 1711 1053 1735 erat

258 1764 345 1792 solum
361 1769 395 1789 ex
409 1759 513 1796 Superis
526 1779 534 1792 ,
549 1758 654 1786 etiamsi
668 1757 773 1784 dicatur
788 1763 803 1783 e
816 1755 894 1787 cado,
906 1753 954 1781 sed
968 1753 1050 1781 etiam

258 1817 366 1839 cirnem
378 1811 541 1842 susceperat.
553 1805 630 1838 Quod
642 1809 730 1831 autent
742 1803 816 1836 dicit,
831 1808 871 1830 est
882 1801 1052 1837 hujusmodi:

262 1855 335 1884 Sicut
348 1854 503 1890 portavimus
517 1852 653 1887 imaginem
673 1850 807 1882 terrestris,
824 1849 907 1876 malas
920 1848 1053 1879 actiones,

262 1906 391 1938 portemus
414 1905 436 1927 et
459 1899 593 1935 imaginem
612 1897 717 1925 celestis
730 1918 738 1929 ,
754 1903 848 1930 Itempe
868 1897 929 1922 vita:
943 1894 1055 1930 agendae

262 1948 393 1975 rationem
415 1954 474 1981 qua:
496 1949 538 1973 est
560 1944 587 1972 in
606 1943 690 1971 cadis.
707 1942 734 1970 Si
749 1947 839 1969 autent
856 1941 1010 1976 loqueretur
1022 1940 1056 1968 de

263 1998 367 2024 natura,
383 2000 435 2019 non
459 1990 647 2018 adhortatione
658 1991 751 2024 neque
765 1988 879 2015 consilio
893 1995 936 2014 res
952 1991 1054 2021 egeret.

262 2038 443 2072 Quamobrem
462 2036 504 2063 vel
527 2035 590 2063 hinc
605 2034 774 2070 perspicuum
788 2038 841 2066 est,
855 2033 926 2068 quod
941 2032 974 2059 de
995 2033 1057 2060 vita:

264 2083 374 2118 agenda:
397 2081 500 2109 ratione
515 2080 594 2107 estid
616 2079 688 2114 quod
704 2079 811 2106 dicitur.
835 2079 868 2106 Et
888 2078 947 2105 ideo
961 2085 1058 2105 consu-

267 2128 347 2156 lendo
368 2127 469 2154 inducit
493 2125 652 2156 orationem,
676 2129 704 2150 ct
717 2123 835 2157 appellat
858 2124 1012 2158 imaginem,
1026 2130 1058 2150 ea

267 2174 373 2201 ratione
384 2179 477 2199 rursus
489 2170 645 2202 ostendi-ns,
662 2169 732 2203 quod
747 2169 781 2196 de
792 2169 896 2196 actione
909 2169 991 2202 dicat,
1006 2177 1058 2196 non

268 2220 303 2247 de
325 2223 430 2245 natura.
458 2216 604 2251 Propterea
624 2215 695 2242 enim
721 2215 808 2242 effecti
833 2223 925 2242 smnus
950 2214 1059 2245 terreni.

267 2265 393 2301 quoniam
404 2263 474 2290 mala
486 2262 599 2290 fecimus
617 2271 623 2288 :
639 2261 826 2296 nonquoniam
838 2262 870 2287 ab
886 2261 961 2288 initio
972 2260 1060 2288 effecti

270 2317 364 2338 sumus
388 2308 505 2340 terreni,
526 2307 572 2335 sed
599 2307 724 2342 quoniam
749 2307 928 2342 peccavimus.
957 2307 1062 2334 Etenim

273 2358 410 2392 peccatum
427 2354 542 2389 primum
562 2358 587 2380 ct
611 2358 673 2380 tunc
689 2360 761 2380 mors
773 2373 780 2385 ,
795 2357 822 2380 et
835 2352 910 2385 illud,
925 2353 1006 2379 Terra
1024 2361 1062 2386 es,

272 2407 296 2429 et
307 2402 333 2428 in
345 2405 438 2427 terram
452 2400 580 2426 reverteris
593 2398 668 2432 (Gen.
682 2399 708 2426 5.
725 2397 770 2435 l9)
784 2407 790 2425 :
807 2404 869 2426 tunc
883 2399 962 2426 etiam
979 2399 1063 2426 intra-

273 2447 312 2474 rit
323 2452 436 2473 examen
451 2445 531 2472 anitni
548 2449 668 2471 motuum
682 2449 708 2471 ct
720 2444 960 2479 perturbationum.
973 2444 1064 2479 Neque

271 2492 343 2519 eiiim
357 2499 389 2518 ex
405 2495 474 2518 terra
490 2497 549 2518 esse
562 2490 684 2525 genitum
699 2490 762 2517 facit
774 2490 895 2518 absolute
908 2496 1063 2524 terrenum;

271 2546 333 2566 nam
351 2537 480 2564 Dominus
493 2544 599 2572 quoque
613 2542 670 2564 erat
689 2544 723 2564 cx
739 2537 833 2565 cadent
854 2544 941 2564 massa
954 2542 982 2565 et
994 2544 1061 2564 eon-

270 2583 410 2618 spcrsione
425 2591 432 2614 ;
453 2581 500 2610 sed
516 2587 620 2610 terrena
634 2590 714 2617 agere
734 2591 742 2609 :
757 2583 826 2610 sicut
844 2583 924 2610 etiam
939 2583 1046 2611 c;eleste
1056 2603 1064 2615 ,

273 2637 354 2664 agerc
367 2637 428 2664 qua:
442 2633 504 2656 sunt
514 2628 592 2664 digna
604 2629 687 2656 cadis.
700 2628 754 2656 Sed
770 2628 833 2663 quid
841 2628 877 2656 ad
888 2628 940 2656 ltoc
950 2629 1066 2664 proban-

275 2675 340 2703 dum
354 2682 421 2710 opus
436 2679 477 2702 est
491 2675 614 2702 laborare
623 2675 840 2710 supervacaneo?
855 2676 911 2710 ipse
921 2675 993 2702 enim
1005 2683 1066 2710 pro-

275 2721 376 2749 cedens
391 2721 468 2748 nobis
484 2729 591 2749 sensum
605 2720 700 2756 aperit,
716 2720 807 2748 dicens
823 2729 830 2748 :
846 2721 891 2749 50.
909 2720 967 2748 Hoc
981 2727 1066 2748 autem

275 2765 344 2798 dico,
362 2767 463 2801 fratrea,
487 2767 554 2802 quod
576 2775 635 2794 caro
659 2771 682 2793 et
700 2767 804 2802 languit
825 2775 930 2802 regnum
947 2766 995 2794 Dei
1016 2776 1066 2794 non

275 2813 447 2849 possidebunt.
461 2812 584 2840 Vidistiu'
597 2812 732 2848 quomodo
746 2820 838 2840 rursus
850 2813 968 2846 seipsqu
982 2813 1066 2840 inter-

276 2866 405 2896 iretetur,
423 2867 471 2887 nos
483 2859 597 2886 liberam
612 2867 626 2886 a
642 2859 754 2894 negotiis
769 2861 780 2885 ’θ
794 2859 864 2894 quod
880 2860 987 2888 uuidcm
1003 2860 1066 2888 facit

585 145 614 172 s.
634 141 772 172 mmsis
792 132 1026 166 cnnvsosrotu
1047 131 1206 160 ARCIIIEP.
1226 131 1493 160 CONSTANTINOP.

1815 133 1868 160 δα

1074 190 1154 217 etimit
1173 190 1200 217 in
1220 190 1311 217 multis
1329 190 1405 218 locis.
1430 189 1543 217 Carnem
1559 189 1630 216 enim
1649 189 1692 216 hic
1707 197 1782 220 vocat
1798 191 1871 218 maia

1073 243 1166 271 opera,
1178 236 1248 270 quod
1261 241 1288 263 et
1300 235 1362 262 alibi
1375 236 1446 268 fecit,
1461 240 1490 262 ut
1502 235 1608 270 quando
1621 235 1687 263 dicit
1699 245 1705 262 :
1723 235 1773 263 Vos
1785 242 1873 264 autem
1916 234 1920 238 “

1075 291 1126 309 non
1136 282 1195 308 estis
1207 282 1232 308 in
1243 290 1334 313 carne,-
1347 287 1373 308 et
1387 288 1492 314 rursus,
1507 281 1557 314 Qui
1569 286 1652 308 autem
1663 286 1722 308 sunt
1736 282 1762 308 in
1776 290 1871 315 carne,

1077 327 1131 355 Deo
1144 330 1243 361 placere
1257 335 1307 354 non
1324 331 1427 360 possunt
1439 326 1532 361 (Rom.
1544 326 1574 353 8.
1586 326 1612 353 9.
1632 326 1680 362 8).
1691 327 1873 360 Quamobrem

1077 374 1183 410 quando
1192 374 1265 407 dicit,
1280 374 1337 400 [loc
1350 378 1434 400 autem
1447 373 1524 405 dico;
1537 373 1602 400 nihil
1618 373 1688 400 aliud
1702 373 1776 406 dicit,
1791 381 1874 409 quam

1078 428 1109 448 se
1124 425 1264 455 propterea
1287 419 1338 447 hoc
1363 419 1473 452 dixisse,
1491 424 1520 446 ut
1542 419 1631 447 discas
1653 421 1737 447 maias
1752 421 1876 448 actiones

1080 466 1107 493 in
1124 472 1234 500 regnum
1260 472 1313 491 non
1336 464 1515 492 introducere.
1527 464 1593 491 Nam
1614 469 1674 499 post
1697 466 1876 493 resurrectio-

1081 519 1141 538 nem
1164 511 1254 538 statim
1276 510 1309 537 de
1333 517 1416 544 regno
1442 510 1543 537 inducit
1566 517 1740 543 sermonem;
1763 517 1790 538 et
1815 511 1878 539 ideo

1081 557 1215 592 subiunxit
1242 566 1249 584 :
1271 556 1359 591 Neque
1372 557 1501 591 corruptio
1514 557 1712 591 incorrupteium
1728 557 1876 591 possidebit.

1082 603 1139 631 Hoc
1152 608 1208 636 est,
1229 604 1320 631 vitium
1343 612 1394 630 non
1410 603 1527 638 possidet
1544 603 1657 638 gloriam
1679 603 1753 631 illam
1769 608 1797 632 et
1814 612 1879 638 per-

1083 651 1233 684 ceptionem
1263 657 1295 676 ac
1320 648 1474 676 fruitionem
1505 648 1746 684 incorruptibilinm
1775 657 1878 676 rerum.

1086 695 1193 723 Etenim
1209 695 1300 722 multis
1316 695 1341 722 in
1364 695 1430 722 locis
1450 703 1543 722 rursus
1559 702 1623 722 usus
1636 699 1679 722 est
1699 695 1748 722 hac
1760 695 1882 730 appella-

1087 741 1169 773 tione,
1183 740 1275 768 dicens
1290 749 1297 766 :
1313 740 1363 773 Qui
1376 740 1483 767 sentiunt
1501 740 1528 766 in
1541 748 1653 771 carnem,
1667 747 1699 767 ea:
1711 748 1787 767 carne
1807 744 1882 767 metet

1086 787 1273 821 corruptionem
1284 786 1355 820 (Gul.
1368 786 1395 814 6.
1409 786 1447 821 8).
1457 786 1484 814 Si
1498 791 1587 814 autem
1599 786 1701 813 diceret
1711 786 1747 813 de
1755 793 1882 820 corpore,

1088 840 1142 860 non
1154 837 1243 860 autem
1262 833 1296 860 de
1311 833 1379 860 mala
1394 833 1511 866 actione,
1533 840 1585 860 non
1599 832 1710 860 dixisset
1724 832 1879 868 corruptiu-

1089 886 1173 911 ncm;
1195 887 1326 914 nusquam
1348 879 1419 906 enim
1442 886 1541 914 corpus
1559 884 1636 905 vocat
1657 879 1884 914 corruptionem;

1089 933 1175 961 neque
1189 926 1260 954 enim
1275 926 1412 961 corruptio
1433 930 1475 952 est
1487 946 1494 958 ,
1508 925 1554 953 sed
1572 926 1758 960 corruptibile.
1782 926 1883 959 Quant-

1089 973 1182 1001 obrem
1204 973 1366 1008 procedens,
1389 977 1416 1000 et
1430 973 1464 1000 de
1482 972 1682 1006 eodisserens,
1704 980 1756 1000 non
1774 972 1799 998 id
1819 972 1888 999 dixit

1090 1020 1300 1055 corruptionem,
1313 1019 1362 1047 sed
1375 1019 1559 1054 eorruptibile,
1576 1019 1688 1046 dicens;
1705 1018 1815 1053 Oportet
1830 1026 1888 1044 cor-

1091 1065 1211 1100 ruptibile
1225 1065 1273 1092 hoc
1295 1064 1400 1092 induere
1414 1064 1640 1099 incorruptionem.
1656 1064 1757 1092 Deinde
1777 1072 1838 1091 cum
1854 1063 1889 1091 dc

1093 1114 1156 1140 vita:
1168 1111 1279 1147 agendae
1292 1111 1396 1139 ratione
1404 1111 1564 1138 absolvisset
1576 1111 1802 1143 admonitionem;
1816 1111 1889 1145 quod

1093 1165 1200 1192 Semper
1209 1157 1277 1184 solet
1285 1157 1386 1190 facere,
1397 1161 1582 1192 argumentum
1595 1162 1751 1192 argumento
1762 1157 1891 1184 continuo

1094 1203 1254 1235 admiscens.
1267 1206 1410 1230 revertitur
1428 1211 1520 1230 rursus
1533 1203 1566 1230 ad
1579 1203 1739 1239 loquendum
1749 1203 1781 1230 de
1795 1211 1890 1230 resur-

1095 1250 1214 1278 rectione
1224 1270 1232 1282 ,
1247 1251 1285 1277 sic
1305 1250 1399 1277 dicens
1415 1259 1421 1276 :
1438 1250 1483 1277 51.
1499 1249 1563 1277 Ecce
1582 1250 1727 1285 mysterium
1740 1249 1809 1276 vobis
1823 1250 1890 1276 dico.

1130 1296 1158 1324 2.
1174 1296 1361 1324 Veneraudum
1373 1295 1508 1331 quidpiam
1521 1301 1547 1323 et
1559 1303 1697 1326 arcanum,
1713 1300 1739 1322 et
1752 1295 1824 1329 quod
1838 1303 1891 1321 non

1096 1349 1191 1369 omnes
1209 1347 1325 1375 norunt,
1342 1345 1384 1368 est
1403 1342 1523 1368 dicturus
1539 1350 1546 1368 :
1566 1341 1637 1376 quod
1664 1342 1744 1369 etiam
1775 1341 1894 1368 ostendit

1098 1395 1222 1422 magnum
1242 1387 1373 1415 honorem
1389 1395 1442 1422 quo
1456 1395 1504 1415 eos
1518 1387 1611 1420 afficit,
1627 1395 1726 1423 nempe
1741 1387 1780 1415 eis
1794 1395 1893 1415 arcana

1099 1434 1198 1462 dicere.
1219 1433 1287 1467 Quid
1304 1433 1355 1462 hoc
1370 1439 1459 1461 autem
1474 1434 1537 1461 cst?
1550 1433 1611 1461 Non
1627 1442 1712 1461 omnes
1726 1434 1827 1468 quidem
1842 1441 1895 1460 mo-

1099 1481 1204 1512 riemur,
1221 1484 1243 1506 et
1264 1488 1350 1506 omnes
1370 1480 1570 1506 immutabimur.
1593 1479 1649 1507 Hoc
1663 1485 1702 1507 est
1717 1484 1807 1506 autent
1823 1479 1895 1514 quod

1101 1527 1165 1554 dicit
1179 1535 1186 1554 :
1200 1526 1259 1553 Non
1275 1533 1370 1553 omnes
1390 1525 1496 1560 quidem
1512 1526 1669 1558 moriemur,
1690 1533 1785 1552 omnes
1806 1530 1896 1552 autem

1102 1573 1316 1606 immutabimur,
1336 1573 1417 1600 etiam
1442 1572 1487 1607 qui
1510 1580 1562 1599 non
1587 1572 1739 1599 moriuntur
1754 1580 1761 1598 :
1776 1580 1837 1598 nam
1860 1571 1897 1598 illi

1102 1627 1209 1655 quoque
1232 1623 1296 1646 sunt
1316 1619 1452 1646 mortales.
1473 1618 1512 1646 Ne
1526 1626 1589 1653 ergo
1611 1617 1738 1653 quoniam
1761 1617 1897 1649 morieris,

1103 1670 1262 1700 propterea,
1279 1664 1381 1700 inquit,
1397 1664 1490 1691 timeas
1505 1669 1640 1698 tamquam
1658 1671 1710 1690 non
1728 1668 1897 1690 resurrectu-

1105 1718 1150 1738 rus
1167 1719 1174 1737 :
1188 1715 1252 1739 sunt
1265 1711 1347 1743 enim,
1363 1715 1426 1737 sunt
1439 1710 1519 1736 etiam
1535 1709 1616 1744 aliqui
1629 1708 1673 1744 qui
1688 1709 1740 1735 hoc
1754 1708 1899 1743 effugient;

1104 1761 1131 1783 et
1145 1761 1234 1783 tamen
1243 1756 1293 1783 hoe
1306 1755 1345 1782 eis
1359 1763 1412 1782 non
1425 1755 1523 1782 sufﬁcit
1533 1755 1568 1782 ad
1578 1755 1652 1782 illam
1661 1754 1900 1786 resurrectionem,

1105 1802 1153 1830 sed
1166 1807 1272 1837 oportet
1286 1802 1330 1830 illa
1344 1809 1452 1837 quoque
1465 1809 1581 1836 corpora
1593 1809 1654 1836 qua:
1668 1808 1721 1828 non
1737 1800 1900 1833 moriuntur,

1107 1849 1240 1876 immutari
1256 1854 1282 1875 ct
1297 1848 1412 1875 transire
1426 1847 1458 1874 ad
1475 1848 1714 1881 incorruptionem.
1730 1847 1775 1875 52.
1792 1845 1827 1873 In
1843 1855 1898 1872 mo-

1107 1900 1200 1927 mento,
1221 1895 1248 1921 in
1262 1895 1313 1921 ictu
1326 1895 1404 1927 oculi,
1417 1895 1442 1921 in
1454 1894 1590 1921 novissima
1604 1893 1675 1920 tuba.
1687 1893 1819 1927 Quoniam
1834 1893 1902 1919 Inul-

1108 1946 1163 1968 tum
1185 1941 1329 1976 disputavit
1353 1941 1386 1968 de
1414 1941 1632 1973 resurrectione,
1660 1945 1723 1967 tunc
1748 1944 1902 1974 opportune

1108 1987 1227 2015 ostendit
1241 1986 1267 2014 id
1280 1987 1350 2022 quod
1366 1992 1407 2014 est
1430 1987 1457 2014 in
1477 1994 1507 2013 ea
1523 1985 1680 2021 admirabile
1694 1991 1722 2013 et
1737 1991 1834 2020 praeter
1846 1985 1903 2020 opi-

1109 2033 1228 2060 nionem.
1254 2032 1311 2059 Non
1331 2036 1372 2058 est
1396 2032 1467 2059 enim
1492 2031 1543 2058 hoc
1565 2031 1651 2058 solum
1676 2031 1807 2061 mirabile,
1832 2030 1904 2065 quod

1111 2078 1388 2112 primumputresount
1401 2085 1513 2111 corpora
1528 2081 1556 2105 et
1565 2081 1626 2104 tunc
1636 2081 1788 2112 resurgunt,
1801 2077 1885 2111 inquit
1896 2084 1904 2108 ;

1110 2128 1138 2151 et
1151 2124 1277 2158 quodiis,
1290 2132 1348 2158 qua:
1364 2131 1434 2150 nunc
1447 2127 1523 2156 sunt,
1541 2123 1653 2150 meliora
1669 2130 1701 2149 ac
1716 2122 1905 2157 priestantiora

1111 2178 1170 2204 qua:
1185 2175 1325 2204 resurgunt
1338 2177 1346 2202 ;
1357 2175 1385 2197 et
1396 2169 1467 2204 quod
1477 2169 1510 2196 ad
1522 2169 1600 2204 longe
1614 2169 1752 2196 meliorem
1769 2173 1907 2195 transeant

1112 2215 1310 2245 conditionem.
1333 2222 1420 2250 neque
1448 2214 1518 2249 quod
1542 2214 1723 2250 unusquisque
1748 2214 1820 2248 quod
1848 2222 1907 2248 pro-

1113 2262 1201 2297 prium
1214 2266 1256 2288 est
1267 2261 1390 2296 accipiat,
1404 2266 1432 2288 et
1446 2261 1535 2288 nullus
1548 2261 1618 2296 quod
1633 2260 1744 2288 alterius
1757 2271 1762 2288 :
1775 2260 1822 2287 sed
1837 2260 1907 2295 quod

1116 2312 1167 2334 tam
1183 2308 1265 2334 multa
1277 2328 1285 2340 ,
1308 2312 1381 2334 tanta
1402 2312 1429 2335 et
1447 2308 1509 2334 talia
1519 2327 1527 2340 ,
1542 2312 1570 2334 et
1584 2315 1643 2342 qua:
1655 2309 1764 2334 omnem
1779 2312 1908 2342 superant

1115 2354 1247 2381 rationem
1259 2359 1286 2380 et
1297 2359 1425 2387 tuentem,
1436 2354 1534 2381 fiantin
1550 2359 1695 2381 momento.
1710 2353 1744 2381 Et
1757 2356 1808 2381 hoc
1824 2354 1907 2388 signi-

1116 2401 1198 2428 ficans
1211 2400 1388 2433 manifestius,
1404 2400 1437 2427 In
1454 2401 1505 2427 ictu
1519 2401 1597 2433 oculi,
1612 2400 1687 2433 dicit,
1701 2400 1727 2426 id
1743 2405 1793 2430 est,
1809 2406 1910 2434 qttanto

1117 2451 1237 2480 tempore
1250 2446 1382 2473 clauditur
1393 2446 1497 2473 cilium.
1514 2445 1615 2473 Deinde
1629 2446 1755 2481 quoniam
1771 2446 1839 2472 dixit
1853 2453 1909 2472 rem

1117 2499 1240 2526 magnam
1254 2496 1281 2518 et
1296 2497 1406 2526 stupore
1428 2492 1533 2526 plenam
1544 2513 1551 2524 ,
1565 2492 1587 2519 si
1604 2499 1647 2519 res
1662 2496 1699 2518 tot
1711 2496 1738 2519 et
1753 2497 1836 2518 tantm
1857 2497 1909 2517 tam

1117 2542 1227 2571 repente
1250 2537 1329 2570 fiant,
1350 2537 1485 2572 subiungit
1504 2537 1537 2564 ad
1561 2537 1912 2569 demonstrationem,red—

1117 2583 1184 2611 dens
1199 2583 1326 2611 credibile
1338 2583 1408 2618 qttod
1423 2583 1520 2611 dicitur
1531 2593 1537 2610 :
1549 2583 1628 2611 Canet
1638 2585 1705 2611 enim
1721 2584 1789 2616 tuba,
1805 2588 1830 2610 et
1842 2592 1912 2610 mor-

1119 2631 1156 2656 tui
1173 2634 1303 2665 resurgant
1327 2630 1480 2663 incorrupti,
1503 2634 1526 2657 et
1548 2638 1594 2656 nos
1616 2630 1817 2656 immutubintur.
1834 2629 1912 2662 Illud,

1120 2674 1187 2707 Nos,
1201 2682 1253 2701 non
1268 2674 1374 2701 dicitde
1387 2675 1487 2710 seipse,
1499 2675 1545 2702 sed
1557 2674 1591 2702 de
1604 2674 1636 2702 iis
1644 2675 1688 2710 qui
1701 2680 1762 2702 tunc
1774 2675 1914 2702 invenien-

1120 2726 1163 2748 tur
1177 2721 1308 2748 viventes.
1324 2721 1369 2748 55.
1385 2720 1490 2755 Oportet
1498 2722 1564 2747 enim
1576 2720 1740 2756 corruptibile
1749 2721 1796 2747 ltoc
1810 2721 1915 2747 induere

1120 2767 1344 2801 incorruptionem.
1365 2766 1404 2794 Ne
1417 2767 1488 2794 enim
1499 2787 1506 2799 ,
1521 2775 1582 2794 cum
1597 2767 1713 2795 audieris
1727 2767 1798 2802 quod
1812 2775 1875 2794 caro
1887 2771 1915 2793 et

1122 2814 1229 2848 sanguis
1244 2822 1354 2848 regnent
1381 2813 1428 2841 Dei
1449 2821 1502 2841 non
1518 2814 1674 2849 possidebit,
1689 2814 1830 2842 existimes
1856 2821 1915 2841 cor-

1123 2868 1187 2895 pora
1204 2868 1257 2888 non
1273 2867 1412 2896 rcsurgcre
1423 2879 1430 2893 ,
1455 2860 1591 2896 subiunxit
1607 2868 1611 2888 :
1630 2860 1733 2895 Oportet
1753 2859 1916 2895 corruptitile
