2021 3117
173 110 230 139 365

172 170 224 196 hoc
236 169 341 196 induere
354 167 578 203 incorruptionem,
590 170 612 192 et
625 165 732 192 mortale
742 165 788 192 ltoc
803 166 908 192 induere
922 166 968 192 int-

171 216 365 242 mortalitatem.
377 213 557 248 Corruptibile
571 216 660 239 autem
671 215 712 238 est.
725 219 823 246 corpus
833 231 840 244 ,
852 216 879 239 et
897 219 969 238 tuor-

171 261 239 288 Iale.
266 260 329 288 Ideo
350 267 449 295 corpus
472 262 582 286 manet:
597 264 696 292 corpus
718 257 790 284 enim
814 263 854 284 est
877 257 969 291 subje-

170 313 246 335 ctum
264 307 396 334 induens:
412 305 561 333 mortalitas
575 309 663 331 autent
679 308 706 331 et
716 304 852 338 corruptio
864 303 969 330 deletur

170 358 199 380 et
228 352 376 385 evanescit,
399 351 432 378 ad
455 350 541 386 ipsum
563 349 708 377 accedente
728 349 928 376 immortalitate
942 353 970 376 et

171 399 386 434 incorruptione.
401 398 460 426 Noli
482 405 547 432 ergo
559 397 686 431 deinceps
700 396 821 424 dubitare
834 394 968 430 quomodo

170 445 256 472 vitam
270 445 341 472 vivet
357 443 488 471 inﬁnitam
499 463 507 476 ,
524 450 584 470 cum
602 441 720 470 audieris
735 441 805 476 quod
821 441 866 467 ﬁat
878 440 968 467 incor-
978 457 998 492 ἲ

170 492 302 526 tuptibile
314 495 343 518 et
362 489 480 518 interitui
493 497 546 517 non
566 489 722 516 obnoxiutn.
744 488 788 516 54.
809 487 873 514 Cum
885 491 968 513 autent

170 537 338 571 corruptibile
358 537 404 563 hoc
426 536 535 562 induerit
557 535 788 569 incorruptionem.
815 538 838 560 et
861 532 968 559 mortale

172 585 222 609 hoc
232 583 342 609 induerit
355 581 580 612 immortalitatem,
590 585 648 607 tunc
658 581 700 614 ﬁet
713 587 795 607 sermo
805 579 848 614 qui
858 579 968 612 scriptus

171 633 219 659 est.
230 628 357 663 Absorpta
372 633 407 655 est
420 636 488 654 mors
498 627 524 654 in
538 627 650 654 victoria.
662 626 727 653 Nam
736 626 860 661 quoniam
873 633 966 659 magna

171 675 239 701 dixit
252 679 280 702 et
293 682 391 702 art-ana
402 694 409 706 ,
427 681 518 700 rursus
538 672 564 700 id
575 672 646 707 quod
660 672 725 699 dicit
738 671 865 698 credibile
877 675 905 698 et
916 670 968 698 ﬁde

171 721 282 756 dignum
294 720 357 748 facit
365 728 397 747 ex
410 718 548 754 prOphetia
557 727 563 744 ε
572 718 698 753 Absorpta
707 723 754 750 cst,
763 717 856 751 ittquit,
864 724 931 743 mors
941 716 967 743 in

171 767 287 793 victoria.
300 766 355 793 lloc
367 769 418 798 est,
431 765 457 792 in
472 764 566 797 ﬁnem;
579 771 612 791 ne
629 763 860 798 manentquident,
871 762 966 797 inquit,

172 812 232 847 ejus
258 811 380 846 reliquiae
393 831 400 843 ,
417 818 504 844 neque
527 817 588 844 spes
611 814 652 836 est
666 809 779 840 reditus,
802 815 860 835 cum
877 808 964 834 incor-

172 858 262 893 ruptio
281 856 477 892 consumpserit
493 856 691 890 corruptionettt
712 860 739 882 et
753 854 899 881 interitum.
920 853 964 880 55.

175 903 223 931 Ubi
241 909 289 936 est,
307 911 385 934 mors.
401 902 505 930 victoria
525 906 569 928 tua
583 902 596 928 .9
610 900 653 928 ubi
667 905 713 934 est,
727 901 836 936 inferne,
850 899 967 926 stimulus

172 955 230 977 tuus
245 950 258 976 7
277 949 370 977 Vidisti
395 948 489 976 fortem
514 952 542 975 et
562 954 721 982 generosam
744 946 860 973 animatn
875 946 887 972 ‘t
900 945 965 972 Nam

173 1000 311 1030 tamquam
330 1001 378 1029 pro
393 993 502 1021 victoria
518 993 682 1024 sacriﬁcans,
700 995 728 1019 et
743 992 797 1018 Deo
807 992 922 1024 afflatus,
938 995 966 1018 et

174 1041 262 1068 futura
277 1040 369 1068 videns
384 1040 457 1075 quasi
469 1039 524 1074 jam
539 1039 618 1072 facta,
637 1039 720 1066 insilit
733 1043 760 1065 et
770 1038 870 1072 jacrnti
885 1038 966 1065 morti

133 1091 137 1095 '
174 1087 294 1120 insultat,
308 1091 335 1114 et
350 1087 377 1113 in
388 1090 467 1121 caput
480 1085 538 1120 ejus
547 1086 640 1120 jacens
653 1085 687 1112 de
705 1085 814 1112 victoria
828 1085 966 1111 exsultan-

174 1137 227 1160 tem
248 1132 348 1160 emittit
362 1139 466 1164 vocem,
477 1131 596 1157 clamans
610 1135 636 1157 et
651 1130 753 1163 dicens,
768 1129 816 1157 Ubi
826 1135 872 1162 est,
887 1137 965 1162 mors,

173 1178 290 1206 stimulus
305 1182 362 1204 tuus
373 1177 385 1204 Ξ)
398 1177 440 1203 ubi
462 1182 498 1203 est
512 1177 619 1203 victoria
638 1181 692 1208 tua,
712 1177 811 1211 inferne
821 1176 834 1202 ἐν
848 1175 928 1202 Periit
939 1179 967 1202 et

175 1224 278 1259 penitus
300 1224 425 1255 evanuit,
440 1228 467 1250 et
487 1227 588 1249 temere
610 1222 695 1249 feciin
720 1222 764 1248 illa
785 1222 886 1248 otttnia.
908 1221 965 1248 Non

174 1270 259 1298 solum
273 1269 344 1297 enim
357 1276 415 1296 eam
430 1269 511 1296 armis
525 1268 598 1295 exuit
611 1273 638 1294 et
653 1268 716 1294 vicit
728 1288 735 1300 ,
751 1267 798 1294 st-d
814 1268 893 1294 etiam
906 1275 967 1301 per-

174 1316 259 1348 didit,
272 1320 300 1343 et
311 1322 345 1342 eo
365 1314 468 1349 redegit
487 1318 515 1341 ut
530 1321 563 1340 ne
575 1318 647 1340 esset
661 1313 769 1348 quidem
787 1313 903 1347 penitus.
917 1312 963 1340 56.

175 1361 299 1389 Stimula:
309 1365 393 1387 autem
402 1360 489 1386 mortis
500 1363 628 1394 peccatum
637 1363 672 1385 est
683 1366 693 1385 .'
703 1358 781 1384 virtus
791 1365 848 1384 vero
860 1359 964 1392 peccati,

175 1409 224 1434 fex.
243 1406 336 1433 Viden’
350 1405 486 1440 quontodo
507 1405 630 1440 loquatur
648 1404 682 1431 de
704 1409 791 1430 tnorte
811 1403 965 1437 corporali?

174 1453 245 1488 Ergo
260 1451 378 1486 loquitur
390 1451 470 1478 etiam
493 1450 526 1477 de
539 1450 735 1477 resurrectione
753 1450 883 1484 corporis.
900 1448 966 1476 Nam

174 1501 196 1527 si
209 1501 267 1526 tunc
280 1506 333 1525 non
354 1501 508 1532 resurgunt,
522 1497 658 1532 quomodo
679 1501 720 1523 est
735 1503 808 1522 mors
821 1496 966 1530 absorpta?

174 1544 228 1572 Nec
247 1544 298 1571 ltoc
312 1543 417 1575 Saltim,
440 1543 486 1570 sed
509 1543 587 1569 etiattt
610 1542 745 1577 quomodo
766 1542 866 1576 peccati
883 1542 967 1568 virtus

174 1596 214 1617 est
233 1591 275 1617 lex
290 1590 302 1616 ?
315 1589 381 1616 Nant
397 1588 468 1623 quod
484 1593 620 1623 peccatum
636 1589 670 1614 sit
684 1588 807 1614 stitnnlus
822 1587 926 1618 mortis,
940 1592 968 1614 et

174 1637 217 1664 illa
230 1636 347 1671 gravius,
360 1640 386 1662 et
397 1635 455 1662 hate
468 1635 493 1661 itt
505 1635 562 1670 ipso
576 1635 627 1661 vim
640 1635 745 1667 habeat,
755 1634 780 1660 id
797 1635 966 1661 manifestum

173 1688 214 1710 est
229 1691 237 1709 :
253 1681 388 1716 quomodo
407 1686 495 1708 autetn
519 1681 578 1715 ejus
596 1687 702 1715 quaque
726 1680 811 1708 virtus
833 1687 875 1707 est
897 1680 938 1707 lex
955 1680 967 1707 ?

173 1728 304 1761 Quoniam
318 1727 418 1762 absque
433 1734 464 1754 ea
485 1731 544 1754 erat
559 1726 732 1756 imbecillum,
750 1730 777 1752 ut
797 1725 868 1760 quod
889 1726 965 1753 fieret

175 1774 293 1809 quidem,
306 1781 359 1800 non
379 1776 469 1808 posset
481 1777 570 1799 autem
583 1771 693 1806 perinde
702 1771 892 1799 condcumare.
900 1771 965 1799 Nam

175 1821 255 1848 ﬁebat
265 1819 372 1855 quidem
385 1819 496 1851 malum,
510 1826 562 1845 tton
576 1818 610 1845 ita
623 1823 711 1844 autem
723 1823 815 1852 aperte
829 1818 965 1845 indicaba-

174 1870 228 1892 tur.
235 1865 416 1899 Quamobrem
426 1864 467 1890 lex
475 1871 526 1890 non
536 1871 628 1897 parum
636 1863 748 1890 contulit
766 1863 798 1889 ad
807 1871 970 1900 cognoscen:

175 1913 238 1938 dum
250 1915 387 1945 peccatum
399 1929 406 1941 ,
421 1910 475 1936 itno
486 1916 549 1936 vero
562 1909 642 1936 etiam
653 1908 686 1935 ad
701 1908 850 1942 augendum
864 1909 965 1943 suppli-

174 1956 256 1984 cium.
269 1955 296 1983 Si
308 1960 396 1982 autent
407 1955 470 1982 dum
480 1954 561 1981 vellet
576 1954 729 1989 prohibere,
739 1954 763 1981 id
778 1954 895 1981 reddidit
906 1962 967 1989 gra-

174 2002 243 2034 vius,
253 2010 304 2029 non
312 2006 353 2029 est
359 2001 435 2036 culpa
445 2001 471 2028 itt
484 1999 616 2027 medicum
626 1999 798 2032 conferenda,
809 2000 856 2027 sed
868 2001 893 2027 in
904 2008 966 2027 etim

175 2049 219 2084 qui
229 2048 297 2076 male
311 2055 376 2076 usus
390 2051 431 2074 est
441 2046 648 2074 medicamento.
664 2046 728 2073 Nam
743 2045 842 2073 Christi
856 2053 963 2081 qumque

176 2097 307 2124 adventus
329 2094 418 2129 gravis
438 2093 486 2120 fuit
506 2100 539 2120 ac
563 2092 691 2120 molestus
709 2092 828 2124 Judaais;
843 2092 891 2120 sed
913 2101 965 2119 tton

177 2142 238 2169 ideo
251 2148 312 2168 eum
327 2138 546 2174 vituperabimus,
562 2138 609 2165 sed
626 2145 687 2165 cum
699 2138 806 2172 quidem
822 2138 902 2165 etiam
920 2138 967 2165 ad-

175 2187 341 2220 mirabimur,
356 2185 416 2213 illos
434 2189 523 2212 autem
544 2184 629 2219 magis
645 2184 707 2211 odio
726 2184 883 2211 habebimus
895 2204 902 2216 ,
920 2185 966 2219 qui

178 2234 232 2262 laesi
255 2239 318 2261 sunt
340 2241 387 2268 per
405 2240 436 2259 ea
452 2239 511 2267 quae
525 2231 660 2259 debebant
682 2233 720 2258 eis
738 2231 875 2266 prodesse.
900 2231 966 2259 Nam

176 2279 247 2314 quod
259 2279 316 2313 ipsa
328 2277 370 2305 lex
386 2277 440 2305 vim
456 2285 508 2304 nott
521 2276 626 2304 dederit
641 2281 767 2311 peccato,
782 2277 906 2304 Christus
927 2277 967 2312 ip-

177 2333 232 2353 sam
244 2329 327 2352 totam
339 2324 467 2359 implevit,
479 2328 507 2351 et
516 2328 572 2351 erat
583 2328 657 2351 extra
672 2324 865 2358 peccatum.Tu
879 2329 968 2352 autem

179 2371 242 2398 mihi
256 2369 406 2403 considera,
422 2369 555 2404 quomodo
570 2369 632 2396 ltinc
643 2377 749 2404 quoque
760 2370 821 2397 facit
837 2370 914 2397 ﬁdem
926 2379 969 2397 re-

179 2417 349 2444 surrectioni.
362 2415 428 2443 Nam
442 2416 465 2442 si
477 2416 562 2450 ipsum
577 2423 688 2450 peccare
701 2420 756 2442 erat
770 2423 848 2442 cattsa
863 2417 967 2449 mortis,

177 2462 299 2490 Christus
311 2465 400 2501 autem
415 2468 475 2488 cum
489 2461 606 2489 venissot
618 2461 698 2488 solvit
712 2467 861 2497 peccatum,
878 2467 905 2489 et
920 2471 968 2490 tios

177 2510 211 2536 ab
226 2507 285 2543 ipso
305 2507 428 2535 libcravit
441 2515 488 2542 per
502 2507 673 2542 baptismum,
689 2512 788 2534 etcum
805 2514 914 2542 peccato
932 2509 969 2536 le-

176 2562 236 2591 gem
251 2562 358 2590 qttoque
377 2554 457 2582 solvit
476 2562 508 2581 ac
526 2553 621 2588 fregit,
643 2562 702 2589 quat
721 2554 784 2582 dum
807 2555 920 2582 violatur
938 2563 969 2582 ac

179 2601 328 2629 transilitur
338 2621 346 2633 ,
368 2601 454 2634 ipsunt
475 2601 597 2628 consistit
611 2609 617 2626 :
631 2600 695 2634 qttid
716 2600 803 2628 adhuc
817 2600 922 2628 dubitas
935 2601 969 2628 de

179 2648 398 2676 resurrectione?
412 2647 547 2682 quomodo
562 2647 633 2674 ettim
650 2655 722 2674 mors
736 2652 829 2682 postea
844 2647 969 2674 domina-

179 2699 234 2721 tum
245 2693 397 2721 obtinebit?
410 2700 472 2720 nnm
490 2700 538 2727 per
550 2692 635 2727 legem
649 2693 661 2719 ‘?
673 2692 726 2721 Sed
740 2700 770 2720 ea
784 2697 825 2720 cst
840 2693 927 2720 soluta
943 2698 969 2720 et

178 2740 316 2775 abrogata.
329 2739 364 2767 At
381 2747 428 2774 per
442 2743 580 2774 peccatum
593 2739 605 2765 Ἰ
619 2738 670 2766 Sed
685 2738 709 2765 id
725 2743 765 2766 est
781 2739 886 2774 penitus
897 2739 970 2766 delc-

178 2791 245 2812 tutn.
260 2785 304 2812 57.
323 2784 377 2811 Deo
391 2789 473 2810 autent
488 2785 594 2819 gratias,
612 2784 654 2818 qui
673 2784 739 2810 dedit
751 2785 822 2811 nobis
839 2785 968 2812 victoriam

179 2839 223 2866 per
238 2831 376 2859 Dominum
392 2836 503 2858 nostrum
516 2830 603 2857 Iesum
618 2830 753 2857 Christian.

694 107 725 135 IN
747 107 855 136 EPIST.
876 108 885 136 l
919 109 963 136 AD
983 109 1059 137 COR.
1083 108 1196 136 llOMll...
1219 109 1299 137 XLII.

1761 113 1813 141 366

1059 166 1085 192 '5.
1097 165 1163 192 Nam
1178 171 1305 201 tropteum
1319 166 1426 202 quidem
1443 167 1500 202 ipsc
1513 167 1616 201 erexit,
1633 169 1740 196 coronis
1763 177 1814 197 att-

1024 216 1075 238 tvtn
1095 220 1145 239 nos
1160 220 1265 247 quoque
1279 212 1330 240 frui
1342 214 1463 247 curavit,
1480 213 1559 248 idque
1573 222 1625 241 non
1643 221 1677 241 ex
1702 214 1794 243 debito
1804 236 1812 248 ,

1023 257 1070 284 sed
1084 257 1140 285 sola
1150 265 1198 285 sua
1213 259 1386 294 benignitate.
1404 260 1448 288 58.
1465 259 1568 295 Itaque,
1583 260 1694 295 fratres,
1714 261 1814 289 stabiles

1022 308 1100 330 estote
1109 309 1133 330 et
1145 304 1293 332 immobiles.
1310 305 1384 333 Justa
1393 306 1447 341 jam
1462 311 1502 334 est
1515 311 1543 334 et
1555 312 1704 341 opportuna
1720 307 1815 335 adhor-

1023 351 1096 376 tatio.
1113 350 1182 377 Nihil
1196 352 1267 378 enim
1281 351 1348 379 adeo
1371 352 1513 380 labefactat
1533 352 1648 388 facitque
1668 354 1794 381 vacillare
1805 375 1813 387 ,

1021 399 1101 429 atque
1123 396 1278 424 existimare
1301 404 1331 424 se
1355 402 1456 425 temere
1477 397 1558 433 afﬂigi
1583 403 1610 426 et
1631 399 1690 426 sine
1718 407 1811 426 causa.

1025 439 1183 468 Alrundantes
1196 441 1222 467 in
1237 450 1312 477 opere
1325 442 1425 470 Domini
1437 452 1557 478 semper;
1580 444 1630 472 hoc
1641 449 1702 478 est,
1717 444 1743 471 in
1759 446 1813 472 vita

1021 485 1130 512 munda.
1144 485 1198 513 Nec
1210 486 1290 520 dixit,
1305 487 1406 515 Bonum
1421 493 1574 523 operantes,
1583 489 1630 516 sed
1638 490 1811 522 Abundantes,

1021 535 1050 557 ut
1064 530 1114 558 hoc
1129 532 1257 560 faciamus
1271 540 1330 560 cum
1345 534 1506 562 abundantia
1529 541 1555 562 et
1578 541 1653 570 septa
1678 536 1812 563 transilia-

1021 584 1091 604 tnns.
1106 577 1220 604 Scientes
1234 579 1300 612 quod
1311 579 1381 605 labor
1393 585 1473 606 vester
1487 589 1537 608 non
1556 587 1593 608 ett
1611 582 1694 610 inanis
1711 583 1737 609 in
1759 582 1812 609 Do-

1021 621 1099 649 mino.
1113 622 1181 656 Quid
1194 623 1280 650 dicis?
1296 631 1386 652 rursus
1399 625 1493 653 labor?
1506 626 1594 654 Labor
1611 628 1717 662 quidem
1730 648 1738 660 ,
1763 628 1810 655 sed

1020 667 1064 701 qui
1077 667 1157 695 habet
1169 675 1290 701 coronas,
1308 675 1335 696 et
1348 670 1492 704 suscipitur
1506 678 1554 706 pro
1563 672 1645 698 caelis.
1661 673 1726 699 Natu
1740 674 1812 707 prior

1019 712 1138 746 quidem,
1151 714 1195 748 qui
1207 714 1254 740 fuit
1268 718 1326 748 post
1339 715 1491 749 paradisum
1504 737 1511 748 ,
1526 720 1568 743 est
1582 723 1659 750 poena
1686 723 1810 751 peccato-

1020 765 1079 784 rum
1092 758 1287 792 admissorum;
1304 759 1348 787 hic
1362 765 1451 787 autem
1465 766 1505 788 est
1522 761 1721 788 fundamentum
1737 762 1812 789 futu-

1021 812 1112 831 rortttn
1137 805 1318 839 praemiorum.
1345 807 1524 840 Quamobrem
1557 815 1607 836 nec
1632 808 1681 835 ltac
1710 809 1812 836 ratione

1021 849 1100 878 fuerit
1122 851 1198 879 labor
1210 873 1217 885 ,
1241 857 1269 879 et
1290 853 1360 887 quod
1373 860 1490 887 superne
1504 862 1628 889 magnum
1644 854 1720 881 nobis
1734 855 1812 881 detur

1019 897 1146 924 auxilium
1170 905 1176 922 :
1201 902 1229 925 et
1256 898 1316 925 ideo
1342 899 1482 934 sultjunxit
1505 908 1511 926 :
1534 899 1567 927 In
1597 900 1716 927 Domino.
1746 901 1811 928 Nunt

1020 941 1093 976 prior
1104 942 1210 977 quidem
1224 943 1273 970 fuit
1289 948 1316 970 tit
1330 943 1455 972 daremus
1471 953 1563 979 poenas
1575 966 1583 978 ,
1601 945 1644 973 hic
1668 952 1757 973 anteiit
1782 951 1811 974 ut.

1019 986 1088 1014 bona
1104 987 1191 1014 futura
1210 996 1417 1024 consequantur.
1433 990 1471 1018 Ne
1484 999 1547 1026 ergo
1566 992 1747 1025 dormiamus,
1768 993 1811 1020 di-

1020 1033 1090 1061 lecti.
1105 1034 1196 1069 Neque
1210 1036 1281 1062 cnim
1302 1035 1359 1063 fieri
1382 1042 1484 1071 potest,
1507 1042 1535 1064 ut
1550 1059 1556 1070 ,
1581 1039 1602 1065 si
1631 1031 1697 1073 pigri
1719 1047 1811 1066 sumus

1019 1084 1045 1106 et
1059 1080 1165 1114 ignavi,
1180 1089 1290 1116 regnum
1304 1083 1431 1109 cmlorum
1446 1090 1656 1118 Consequamur,
1681 1093 1767 1119 neque
1788 1086 1810 1112 si

1019 1125 1045 1152 in
1069 1126 1172 1153 deliciis
1193 1134 1304 1161 agamus
1329 1128 1477 1163 mollesque
1499 1129 1581 1156 simus
1604 1135 1630 1156 et
1654 1130 1810 1157 effeminati.

1020 1171 1151 1199 Praeclare
1165 1173 1236 1199 enim
1249 1173 1386 1200 nobiscum
1398 1179 1501 1208 agetur,
1516 1175 1538 1201 si
1552 1183 1649 1210 corptts
1661 1175 1812 1210 alﬁigen’es

1019 1222 1046 1243 et
1059 1218 1230 1252 castigantes,
1245 1224 1271 1246 et
1284 1219 1491 1247 innumerabiles
1500 1221 1658 1248 sufferentes
1667 1229 1811 1253 aerumnas,

1018 1264 1190 1292 difﬁcultates
1202 1269 1230 1292 et
1243 1266 1349 1293 labores
1360 1287 1367 1298 ,
1384 1267 1514 1301 possimus
1529 1267 1596 1294 bona
1611 1267 1654 1294 illa
1671 1269 1810 1302 consequi.

1018 1310 1114 1338 Annon
1131 1311 1227 1338 videtis
1242 1316 1370 1346 quantuttt
1386 1313 1455 1340 inter
1467 1313 1561 1340 caelum
1576 1318 1603 1340 et
1618 1318 1714 1340 terram
1730 1314 1812 1341 inter-

1018 1356 1136 1383 medium
1149 1357 1184 1383 sit
1199 1358 1335 1391 spatium?
1349 1363 1376 1384 et
1389 1363 1518 1392 quantum
1533 1359 1632 1386 bellum
1653 1359 1810 1394 immineat,

1018 1407 1045 1430 et
1059 1410 1138 1438 quam
1156 1403 1190 1430 sit
1206 1403 1286 1431 homo
1301 1411 1449 1438 propensus
1462 1405 1495 1432 ad
1511 1406 1622 1438 vitium,
1639 1411 1665 1433 et
1676 1407 1812 1441 quontodo

1018 1456 1068 1476 nos
1079 1449 1232 1476 circumstet
1248 1455 1385 1484 peccatum
1399 1471 1406 1482 ,
1427 1455 1454 1478 et
1470 1459 1548 1486 quam
1573 1452 1649 1479 multi
1673 1453 1699 1479 in
1724 1453 1812 1480 medio

1019 1494 1072 1522 sint
1086 1495 1196 1529 laquei?
1210 1495 1263 1523 Cur
1278 1500 1330 1523 tam
1346 1497 1444 1524 multas
1465 1505 1530 1533 ergo
1551 1506 1630 1525 curas
1652 1499 1812 1527 attrahimus

1019 1544 1095 1567 extra
1110 1541 1242 1568 naturalia
1261 1547 1288 1569 et
1309 1542 1387 1569 nobis
1410 1543 1484 1577 plura
1508 1543 1666 1571 exhibemus
1687 1546 1811 1579 negotia,

1019 1587 1173 1621 majoraquc
1189 1587 1350 1622 imponimus
1364 1589 1466 1616 onera?
1483 1598 1534 1616 non
1551 1590 1647 1617 sufﬁcit
1661 1592 1761 1618 vetttris
1786 1596 1814 1619 et

1020 1633 1132 1659 vestium
1145 1637 1172 1660 et
1184 1633 1281 1661 dotnus
1295 1641 1386 1660 curam
1400 1636 1516 1669 gerere?
1533 1644 1584 1662 non
1600 1636 1697 1663 sufficit
1710 1637 1812 1664 sollici-

1021 1678 1083 1706 tudo
1096 1678 1130 1706 de
1145 1679 1178 1706 iis
1191 1687 1250 1714 qua:
1264 1683 1326 1706 sunt
1347 1680 1519 1707 necessaria?
1541 1681 1705 1716 Quamquam
1730 1683 1811 1709 etiatn

1019 1725 1053 1751 ab
1068 1725 1099 1751 iis
1114 1733 1162 1752 nos
1173 1725 1284 1752 abduxit
1297 1725 1429 1759 Christus,
1444 1727 1537 1754 dicens
1555 1737 1561 1755 :
1579 1727 1621 1755 Ne
1635 1729 1736 1755 solliciti
1757 1730 1813 1757 sitis

1018 1771 1111 1798 animm
1123 1777 1211 1798 vestra:
1222 1772 1283 1806 quid
1297 1772 1435 1800 comedetis
1448 1793 1455 1804 ,
1481 1781 1560 1807 neque
1582 1774 1684 1808 corpori
1708 1780 1789 1801 vestro
1802 1796 1810 1807 ,

1018 1818 1080 1850 quid
1090 1818 1231 1845 induamini
1249 1817 1361 1853 (Mat/It.
1380 1820 1405 1846 6.
1419 1819 1484 1854 ‘25).
1498 1819 1524 1846 Si
1540 1823 1628 1846 autem
1639 1819 1673 1847 de
1687 1820 1812 1847 alimento

1019 1864 1171 1890 necessario
1182 1863 1376 1891 etindnmcnto
1392 1872 1444 1891 non
1457 1869 1563 1898 oportet
1583 1873 1643 1892 esse
1661 1865 1790 1893 sollicitos
1802 1887 1810 1898 ,

1020 1917 1106 1944 neque
1119 1909 1151 1936 de
1165 1909 1208 1936 die
1221 1910 1342 1944 sequenti
1366 1917 1374 1936 :
1396 1910 1439 1944 qui
1465 1914 1518 1936 tam
1544 1910 1653 1937 multam
1675 1911 1813 1938 attrahunt

1019 1954 1177 1989 farraginem
1193 1963 1224 1982 ac
1238 1956 1389 1990 congeriem
1403 1976 1410 1986 ,
1425 1961 1452 1982 et
1467 1956 1569 1990 seipsos
1580 1956 1707 1988 obruunt,
1724 1964 1809 1991 quan-

1019 2000 1053 2028 do
1065 2005 1190 2035 poterunt
1203 2002 1362 2036 emergere?
1377 2001 1431 2028 t‘on
1457 2001 1561 2028 audiisti
1584 2002 1694 2028 Paulum
1719 2002 1812 2030 dicen—

1020 2051 1072 2074 tcm
1089 2057 1096 2074 :
1112 2047 1194 2074 Nento
1220 2048 1332 2075 militum
1355 2048 1501 2083 implicatur
1525 2049 1601 2083 ltujut
1623 2049 1680 2075 vita:
1705 2049 1812 2084 negotiis

1021 2094 1065 2128 (‘2.
1080 2094 1148 2121 Tim.
1161 2094 1186 2121 2.
1204 2095 1221 2121 4
1231 2094 1258 2128 )Ῡ
1269 2093 1323 2121 Nos
1337 2098 1427 2121 autem
1443 2099 1470 2121 et
1485 2095 1587 2122 deliciis
1600 2102 1707 2129 operam
1716 2095 1811 2122 damus

1019 2145 1047 2168 et
1060 2141 1145 2168 ventri
1165 2141 1333 2175 indulgemus
1353 2145 1380 2168 et
1402 2141 1583 2174 iitehriamur,
1606 2146 1633 2169 et
1659 2149 1706 2176 pro
1730 2142 1812 2169 rebus

1019 2186 1127 2220 quidem
1143 2186 1262 2213 externis
1279 2185 1433 2220 afﬂigimur,
1452 2186 1477 2213 itt
1499 2186 1578 2213 rebus
1593 2190 1681 2214 autent
1696 2187 1812 2213 ctclesti-

1019 2232 1070 2260 bus
1082 2232 1178 2259 molles
1193 2240 1284 2259 sumus
1299 2237 1324 2260 et
1339 2232 1496 2260 effeminati.
1512 2233 1552 2260 An
1567 2233 1676 2260 nescitis
1685 2234 1756 2268 quod
1767 2241 1813 2260 stt-

1020 2286 1067 2314 pra
1082 2278 1217 2306 hominem
1231 2283 1272 2305 est
1287 2279 1451 2313 promissio?
1465 2279 1523 2306 Non
1539 2280 1601 2306 licet
1625 2279 1697 2306 humi
1722 2280 1812 2315 ingre-

1020 2325 1101 2352 dienti
1115 2325 1173 2352 czcli
1188 2324 1319 2360 fastigiuttt
1335 2325 1479 2352 ascendere
1494 2334 1500 2352 :
1517 2334 1565 2353 nos
1577 2332 1666 2353 autem
1682 2334 1734 2353 non
1758 2332 1813 2354 stu-

1020 2371 1114 2399 dentus
1138 2371 1229 2398 vivere
1257 2371 1403 2398 secundum
1430 2371 1582 2404 hominem,
1607 2372 1653 2399 sed
1676 2376 1703 2399 et
1728 2372 1814 2400 brutis

1020 2416 1160 2444 evadimus
1184 2417 1342 2444 deteriores.
1364 2417 1477 2444 Nescitis
1499 2425 1589 2444 coram
1614 2425 1667 2452 quo
1687 2418 1812 2445 sistentur

1022 2462 1170 2490 tribunali?
1182 2470 1271 2489 annon
1286 2462 1407 2496 cogitatis
1420 2462 1490 2497 quod
1506 2467 1534 2490 et
1546 2464 1688 2490 verborum
1703 2469 1730 2491 et
1741 2464 1812 2499 cogi-

1022 2509 1150 2535 tationum
1164 2516 1178 2534 a
1193 2508 1270 2535 nobis
1283 2508 1404 2543 exigetur
1422 2508 1508 2541 ratio,
1532 2514 1560 2535 et
1579 2517 1614 2536 ne
1637 2517 1681 2536 res
1704 2509 1811 2544 quidem

1021 2554 1165 2581 curamus?
1182 2554 1231 2587 Qui
1245 2554 1316 2581 enitn
1331 2555 1430 2589 aspexit
1444 2555 1574 2581 mulierem
1587 2555 1622 2581 ad
1633 2555 1813 2589 concupiscet:-

1022 2599 1082 2625 dum
1094 2607 1159 2630 eam,
1170 2600 1226 2634 jam
1235 2604 1272 2626 est
1285 2600 1423 2627 moechatus
1439 2600 1447 2635 (
1462 2600 1554 2627 Matth.
1569 2600 1595 2627 5.
1606 2601 1671 2636 28).
1693 2600 1746 2628 Sed
1773 2605 1814 2627 ta-

1023 2653 1083 2671 nien
1099 2645 1142 2680 qui
1157 2645 1237 2672 etiant
1260 2645 1360 2673 curiosi
1381 2651 1504 2680 aspectus
1526 2645 1642 2673 reddunt
1663 2646 1810 2678 rationem,

1023 2697 1075 2717 n0n
1088 2695 1212 2716 reettsant
1225 2690 1266 2717 vel
1279 2690 1304 2717 itt
1319 2691 1376 2725 ipso
1390 2695 1544 2725 putrescere
1565 2696 1685 2726 peccato.
1708 2691 1756 2725 Qui
1769 2691 1811 2717 di-

1023 2736 1055 2762 cit
1068 2737 1142 2771 fratri
1159 2745 1216 2770 suo,
1231 2737 1324 2769 Stulte,
1339 2737 1513 2764 tleturbabitur
1527 2738 1552 2764 in
1566 2738 1705 2772 gehennam
1720 2738 1728 2770 (
1742 2737 1811 2764 [ωτι.

1024 2789 1047 2808 ιε.
1061 2782 1097 2809 2'3
1111 2782 1129 2816 ).
1145 2782 1199 2809 Nos
1213 2788 1301 2809 autent
1313 2783 1517 2810 innumerabilia
1534 2785 1629 2818 probra
1644 2784 1669 2810 in
1685 2791 1731 2810 eos
1754 2788 1812 2810 tor-

1024 2837 1106 2865 qucrc
1118 2850 1125 2863 ,
1141 2834 1167 2858 et
1181 2828 1253 2857 varie
1267 2830 1307 2858 eis
1318 2829 1437 2858 insidiari
1452 2839 1504 2858 non
1520 2830 1684 2858 desistimus.
1698 2830 1747 2864 Qui
1763 2830 1814 2857 dl—
