2021 3117
175 96 229 124 367

175 154 234 190 ﬁgit
244 153 397 189 diligentem
411 174 418 188 ,
434 160 486 180 non
501 153 560 188 plus
573 152 654 180 habet
667 159 747 186 quam
761 150 883 178 ethnicus
895 158 902 176 :
919 157 969 178 nos

176 206 265 229 autem
285 201 327 229 eis
341 208 447 236 quoque
461 199 621 228 invidemus.
641 198 791 232 Quamnam
814 205 878 232 ergo
901 205 967 224 cott-

176 254 323 282 oequemur
336 248 440 275 veniam
451 267 459 279 ,
476 245 584 281 quando
597 249 688 272 vetera
700 243 767 278 jussi
780 247 854 277 septa
874 243 970 270 transi-

179 292 244 326 lire,
260 296 379 320 nostram
400 292 460 318 vita:
483 290 593 325 agenda:
606 289 738 316 ratiouent
755 288 836 316 etiam
862 288 968 315 illorum

179 345 303 365 mensura
318 336 485 364 conteximus
502 335 633 362 minorem
645 334 657 361 ἳ
668 341 790 369 quamam
806 341 855 360 nos
874 334 970 368 eripiet

177 383 285 411 oratio?
298 383 357 417 quis
369 382 446 409 nobis
459 381 546 408 aderit
557 401 565 413 ,
581 385 610 408 et
622 387 702 414 opem
722 380 792 408 feret
807 379 870 407 dum
890 379 971 406 casti-

178 428 293 464 gantur?
303 427 397 455 Nullus
408 447 415 460 ,
430 426 476 454 sed
491 434 602 454 necesse
623 430 665 453 est
685 426 795 452 omnino
821 425 968 460 eiulantes.

180 475 311 509 lugentes,
323 473 448 501 dentibus
461 472 606 500 frementes
618 492 626 504 ,
650 471 790 501 tormentis
814 471 946 499 cruciatos
960 490 968 503 ,

177 520 272 547 abduci
286 520 312 547 in
325 519 385 546 illas
397 519 455 546 luce
468 523 592 546 carentes
608 517 743 550 tenebras,
755 518 781 544 in
795 517 902 544 dolores
914 517 970 544 ine—

177 566 310 599 vitabiles,
325 566 351 592 in
366 573 458 599 pmnas
482 564 675 593 intolerabiles.
703 563 881 596 Quamobrem
905 570 970 597 rogo

176 617 205 640 et
216 612 340 644 obsecro,
355 616 383 638 et
398 615 487 639 vestra
501 610 706 645 apprehendens
719 617 804 645 genua
827 608 949 643 supplico
959 629 967 641 ,

178 659 264 685 donec
277 658 407 686 habemus
421 658 471 684 huc
496 664 607 691 parvum
632 657 692 683 vita:
717 656 859 688 viaticum,
885 660 911 682 nt
937 655 969 682 iis

177 712 236 739 qua:
247 704 319 732 dicta
330 708 392 732 sunt
402 711 616 738 compungamur
625 723 632 735 ,
650 706 840 730 convertamur
848 722 856 732 .
873 701 969 728 redda-

179 759 240 778 mur
254 751 397 778 meliores:
414 758 457 783 tte,
472 750 542 776 sicut
553 749 598 776 illo
611 748 697 781 dives,
712 748 840 774 inutiliter
854 748 908 774 illic
931 747 970 774 la-

180 802 332 825 tnentemur
342 804 402 824 cum
417 796 630 828 excesserimus,
658 799 685 821 ct
704 793 868 826 deﬂeamus;
891 793 968 820 ﬁctus

177 853 218 862 ..-

550 93 578 122 S.
597 93 735 122 JOANNIS
752 92 987 121 CllRYSOSTOMI
1009 93 1163 121 :lllClllEP.
1185 94 1450 122 CONSTANTINOP.

1764 97 1818 125 368

1023 155 1112 178 autem
1123 151 1187 178 nihil
1203 152 1281 179 nobis
1296 152 1407 179 remedii
1424 151 1528 180 aderat.
1543 152 1610 180 Nam
1633 153 1689 180 sive.
1711 159 1817 188 patrem

1023 195 1141 229 habeas,
1157 197 1213 223 sive
1230 197 1311 223 lilium
1325 217 1332 230 ,
1348 197 1405 224 sive
1428 199 1550 231 quemvis
1573 198 1655 225 alium
1679 199 1723 233 qui
1745 199 1817 233 epod

1023 242 1107 269 Deum
1125 242 1221 269 habeat
1235 243 1369 276 fiduciam,
1384 251 1462 270 nemo
1476 249 1501 271 te
1516 245 1622 278 eripiet,
1637 252 1697 271 cum
1710 246 1817 279 propria

1023 292 1066 314 tua
1085 287 1152 314 facta
1168 293 1194 315 te
1208 289 1331 323 prodant.
1348 289 1415 316 Tale
1427 295 1468 316 est
1487 290 1558 317 enitn
1575 290 1639 317 illud
1661 290 1792 324 judicium
1808 299 1816 316 :

1020 333 1122 369 judicat
1132 335 1218 362 Sultlm
1231 343 1262 362 ex
1276 336 1489 369 operationibus,
1506 344 1554 364 nec
1566 337 1704 365 alitcrillic
1714 338 1817 365 salvum

1023 388 1083 408 eSse
1095 381 1165 408 licet.
1181 381 1243 408 llzec
1254 386 1343 408 autem
1357 382 1429 414 dico,
1445 389 1497 409 non
1513 387 1542 409 ut
1566 383 1612 410 tibi
1633 383 1753 410 dolorem
1777 383 1818 410 in-

1022 426 1117 460 feram,
1131 436 1183 455 non
1195 433 1223 455 ut
1236 427 1352 463 injiciam
1367 428 1395 455 in
1409 429 1636 463 desperationem,
1649 429 1696 456 sed
1709 437 1742 456 ne
1757 431 1817 456 ina«

1024 473 1049 499 ni
1062 478 1089 500 et
1099 473 1192 508 frigida
1204 481 1251 509 spe
1263 474 1366 508 nutriti,
1381 479 1409 502 et
1422 475 1484 502 huic
1505 479 1533 502 et
1555 475 1591 502 illi
1613 475 1726 503 ﬁdentes
1738 497 1746 508 ,
1769 484 1821 504 no-

1024 525 1105 547 stram
1118 520 1283 555 negligamus
1292 520 1428 547 virtutem.
1437 520 1502 548 Nam
1517 521 1540 548 si
1551 521 1678 549 socordes
1690 521 1820 549 fuerimus

1023 573 1054 593 ac
1067 567 1247 601 negligentes,
1266 574 1318 593 non
1333 567 1432 601 justus,
1447 574 1502 594 non
1516 568 1645 602 propheta
1658 589 1666 599 ,
1679 575 1733 595 non
1755 575 1822 602 apo-

1024 612 1127 644 stolus,
1148 620 1227 640 nemo
1250 613 1327 640 nobis
1347 613 1454 640 aderit:
1469 613 1490 640 si
1507 621 1570 640 vero
1589 614 1706 641 studium
1727 619 1754 641 et
1774 614 1820 641 di-

1023 657 1157 692 ligentiam
1171 658 1386 691 adhibuerimus,
1401 667 1433 685 ex
1446 659 1572 693 operibus
1583 660 1758 687 sufficientem
1775 660 1822 686 ha<

1023 703 1116 730 lnentcs
1127 703 1322 736 defensionem,
1334 711 1393 731 cum
1408 704 1530 732 libertate
1543 712 1574 731 ac
1587 704 1683 732 ﬁducia
1704 705 1823 732 fruemur

1023 749 1103 775 etiam
1137 749 1234 782 bonis,
1261 757 1320 784 qua:
1353 754 1415 776 sunt
1451 750 1569 784 reposita
1594 749 1628 776 iis
1660 751 1704 785 qui
1730 751 1816 778 Deum

1022 794 1136 828 diligunt
1159 803 1166 821 :
1185 803 1244 828 qum
1263 795 1343 822 detur
1366 795 1443 822 nobis
1462 796 1587 823 otnnibns
1605 796 1753 830 consequi,
1765 802 1820 824 etc.

833 876 1007 907 HOMILIA
1028 876 1142 907 XLIII.

179 940 242 967 Car.
259 939 301 966 16.
320 947 344 965 v.
361 939 387 965 Ι.
405 938 444 965 De
461 937 573 964 collectis
597 941 680 963 autem
701 944 758 970 quae
776 937 840 970 ﬁunt
860 936 886 962 in
910 945 974 963 san-

215 991 278 1018 ctas,
290 984 478 1012 Iicutordinaut'
491 983 609 1010 Ecclesiis
620 982 745 1016 Galatiw,
758 984 794 1009 ita
807 987 830 1009 et
843 990 885 1009 vos
899 983 974 1016 facile

215 1040 260 1067 per
272 1039 351 1058 unum
364 1030 472 1058 sabbati.

217 1079 245 1106 ι.
260 1077 388 1104 Absoluta
401 1076 522 1103 oratione
535 1074 570 1102 de
585 1074 757 1109 dogmatibus
768 1093 776 1106 ,
799 1080 976 1108 aggressurum

183 1132 241 1150 eam
256 1131 315 1158 qum
329 1122 412 1157 magis
427 1125 530 1156 spectat
543 1119 576 1147 ad
591 1128 689 1151 mores,
705 1119 796 1147 missis
811 1119 975 1153 aliis,proce-

183 1170 223 1196 dit
237 1168 270 1196 ad
283 1175 416 1195 summam
431 1167 578 1197 bonorum,
593 1166 674 1192 verba
693 1165 792 1192 faciens
806 1165 840 1192 de
855 1165 974 1192 eleemo—

183 1223 260 1252 syna.
287 1214 339 1242 Sed
363 1221 423 1240 cum
448 1213 482 1240 de
505 1220 539 1240 eo
560 1212 620 1239 solo
643 1211 832 1242 disseruisset.
856 1211 973 1244 desinit;

185 1268 345 1296 quamquam
358 1267 489 1294 nusquam
504 1259 556 1285 hoc
571 1259 633 1286 fecit
644 1278 652 1290 ,
670 1257 717 1285 sed
735 1257 770 1284 de
781 1257 952 1292 eleemosyna
965 1276 974 1289 ,

184 1307 218 1334 de
233 1305 420 1341 temperantia,
437 1305 470 1332 de
486 1304 690 1331 mansuetudine
704 1323 712 1336 ,
736 1303 770 1330 de
795 1303 922 1336 lenitate,
941 1302 977 1330 de

186 1353 311 1388 patientia
322 1352 409 1387 deque
424 1352 484 1378 aliis
499 1351 623 1377 onmibus
636 1349 744 1377 disserit
759 1349 784 1376 in
799 1349 861 1376 aliis
871 1349 976 1384 Episto-

186 1400 218 1425 lis
232 1400 257 1425 in
274 1399 336 1425 line.
347 1398 437 1431 Qttare
450 1405 514 1431 ergo
534 1397 593 1431 ejus
617 1395 687 1431 quod
707 1400 810 1429 spectat
831 1395 864 1422 ad
886 1403 977 1423 mores

187 1444 254 1471 hanc
269 1443 353 1470 solam
378 1442 421 1469 hic
447 1447 542 1468 tractat
565 1440 688 1476 partem?
711 1440 841 1474 Quoniam
861 1447 954 1468 eorum
968 1461 975 1472 ,

184 1498 244 1525 qua:
259 1490 331 1524 prius
345 1489 416 1516 dicta
427 1494 498 1521 sunt,
513 1488 586 1522 plura
600 1488 684 1523 magis
698 1487 865 1522 pertinebant
875 1487 908 1513 ad
918 1494 978 1513 mo-

188 1543 231 1563 res
242 1557 250 1567 ,
268 1544 316 1570 per
342 1543 403 1570 quae
425 1535 562 1569 castigavit
578 1535 763 1561 fornicatorem
777 1553 784 1566 ,
800 1541 847 1568 per
859 1541 918 1568 qua:
931 1541 978 1560 eos

187 1582 327 1610 admonuit
345 1582 390 1616 qni
413 1581 478 1609 furis
493 1581 594 1616 judicio
613 1580 827 1612 contendebant,
853 1588 900 1614 per
919 1587 979 1614 quae

189 1629 286 1656 terruit
304 1628 425 1655 ebriosos
436 1632 464 1654 et
477 1635 525 1654 eos
539 1627 584 1662 qui
606 1627 694 1654 ventri
719 1626 907 1661 indulgebant,
932 1633 979 1660 per

188 1682 248 1708 qua:
259 1682 306 1700 eos
318 1673 509 1700 condemnavit
522 1673 567 1707 qui
581 1673 739 1700 seditionem
752 1672 903 1707 agitabant,
915 1680 980 1698 cott-

191 1720 356 1752 tendebant,
381 1720 617 1754 magistratumque
643 1724 670 1746 et
692 1719 802 1753 imperia
823 1718 979 1750 ambibant,

192 1774 239 1800 per
253 1773 313 1799 qua:
329 1771 385 1797 eos,
401 1765 446 1799 qui
464 1764 572 1799 indigne
586 1764 750 1792 accedebant
773 1764 807 1791 ad
832 1764 958 1799 mysteria
971 1784 979 1796 ,

191 1811 227 1837 ιλιι
242 1810 412 1838 iitrolerando
426 1810 535 1837 tradidit
550 1810 682 1845 supplicio
693 1831 700 1841 ,
715 1818 762 1844 per
779 1818 837 1844 quin
854 1810 983 1836 disseruit

190 1856 224 1883 de
247 1857 368 1882 caritate.
389 1856 532 1890 Propterea
546 1855 604 1890 ejus
619 1855 706 1882 solum
721 1855 841 1882 meminit
855 1863 908 1889 quo
924 1861 981 1880 ma-

193 1901 264 1928 xime
285 1909 352 1935 opus
373 1901 502 1934 habebat,
526 1909 624 1936 nempe
649 1901 708 1935 opis
732 1900 849 1928 ferenda:
871 1900 982 1927 sanctis.

193 1947 260 1974 Vide
282 1952 373 1974 autem
395 1947 453 1981 ejus
475 1947 613 1974 solertiam
628 1946 759 1982 {quando
785 1947 824 1973 cis
853 1946 985 1981 persuasit

194 1994 430 2025 resurrectionem,
447 2001 546 2028 eosque
560 1994 623 2020 fecit
638 1993 819 2027 promptiores
843 1997 871 2020 et
895 1993 984 2019 animo

192 2041 348 2073 alacriores,
363 2045 425 2067 tunc
438 2039 546 2067 demum
561 2039 594 2066 de
604 2047 638 2067 eo
651 2047 757 2074 quoque
771 2039 888 2067 disserit.
905 2037 984 2071 Atqui

193 2086 226 2112 de
241 2085 282 2112 Itis
301 2093 407 2120 quoque
429 2090 507 2112 antea
528 2085 669 2116 disseruit,
685 2084 793 2119 quando
807 2083 914 2111 dicebat
930 2091 936 2109 :
954 2083 984 2110 Si

194 2140 239 2158 nos
251 2131 319 2158 vobis
333 2131 477 2166 cpirilnalin
489 2130 681 2162 seminavimus,
696 2137 816 2165 magnum
833 2134 866 2156 ett
876 2150 884 2161 ,
898 2129 919 2156 si
940 2137 986 2156 nos

194 2183 273 2205 t-estrn
285 2178 400 2205 carnalia
413 2178 530 2204 malimus
550 2177 596 2211 (i.
620 2176 679 2203 Cor.
700 2176 728 2203 9.
753 2176 823 2210 ll);
848 2181 895 2209 et,
924 2175 987 2208 Qui:

195 2223 294 2256 plantat
310 2225 406 2251 vineam
417 2244 424 2254 ,
438 2228 462 2249 et
475 2223 505 2249 de
518 2223 602 2257 fructu
616 2222 670 2257 ejus
684 2230 735 2249 non
746 2222 795 2249 edit
808 2221 888 2256 (Ibid.
904 2229 929 2248 υ.
944 2222 987 2252 7)?

194 2269 246 2297 Sed
259 2269 386 2304 quoniam
401 2268 535 2303 praeclara:
545 2267 623 2302 lmjus
637 2267 749 2295 actionis
761 2272 870 2294 noverat
883 2267 986 2302 magni-

195 2315 331 2348 tudinem,
346 2322 399 2341 non
410 2319 515 2340 recusat
531 2313 582 2340 hoc
591 2321 698 2348 quoque
714 2313 813 2340 addere
827 2313 871 2340 ﬁni
888 2313 988 2347 episto-

196 2361 240 2388 la).
255 2365 344 2394 Λογιαν
356 2365 445 2387 autem
461 2360 601 2387 collectam
625 2364 721 2393 vocat,
746 2361 836 2387 statim
858 2360 891 2387 al)
913 2360 988 2388 initio

196 2415 253 2435 rem
269 2407 368 2434 faciens
383 2407 469 2434 levem
487 2415 493 2432 :
507 2414 569 2433 nam
586 2406 693 2441 quando
715 2407 748 2433 ab
772 2406 896 2433 omnibus
920 2414 987 2433 con-

197 2453 296 2485 l'ertnr,
313 2453 371 2480 leve
384 2452 496 2488 singulis
511 2452 635 2487 estquod
655 2452 835 2479 constituitur.
855 2452 923 2479 Cum
941 2460 989 2479 au-

198 2504 250 2526 tem
264 2498 376 2526 dixisset
386 2498 420 2525 de
432 2498 543 2525 collecta
552 2519 559 2530 .
575 2506 627 2524 non
638 2498 726 2525 statim
742 2498 807 2525 dixit
821 2507 828 2525 :
841 2498 989 2533 Unusquis-

199 2552 252 2578 que
264 2549 382 2571 vestrutu
396 2543 465 2578 apud
476 2551 505 2571 Se
518 2548 608 2578 ponat,
625 2544 774 2571 recondens
787 2543 857 2578 quod
870 2543 917 2578 ipsi
930 2544 986 2578 pla-

199 2589 302 2620 cuerit;
317 2596 476 2623 quamquam
501 2589 552 2616 hoc
573 2594 631 2616 erat
645 2595 833 2623 consequens;
858 2588 905 2615 sed
927 2595 989 2615 eum

196 2635 272 2670 prius
284 2634 394 2662 dixisset
404 2655 412 2668 ,
427 2634 499 2662 Sicut
511 2634 629 2661 constitui
642 2634 763 2662 Ecclesit's
779 2634 887 2661 Galatia
897 2655 905 2667 ,
928 2640 989 2660 tunc

199 2679 251 2706 hoc
265 2679 418 2714 subjunxit,
433 2687 464 2707 ea
488 2680 624 2707 narrando
644 2688 703 2714 qua:
732 2681 766 2708 ab
790 2680 850 2708 aliis
872 2680 989 2712 ﬁebant,

197 2724 314 2753 studium
329 2725 394 2760 ipsis
408 2725 574 2762 accendens,
589 2725 670 2760 idque
692 2733 794 2760 ponens
816 2727 876 2755 loco
896 2735 989 2754 narra-

198 2770 286 2798 tionis.
302 2770 377 2804 Quod
391 2771 470 2798 etiam
484 2770 547 2797 fecit
561 2771 681 2798 scribens
703 2771 736 2798 ad
757 2772 901 2800 ltomanos.
925 2773 989 2801 Ete-

199 2819 254 2844 nim
268 2825 328 2845 cuut
349 2818 403 2846 illis
417 2817 552 2844 videretur
567 2825 693 2852 narrare,
709 2826 756 2846 cur
776 2819 990 2854 proficisceretur

1027 936 1223 973 Jerosolymam
1234 958 1242 970 ,
1258 939 1297 966 sic
1313 946 1465 967 sermonem
1482 939 1567 974 injicit
1580 940 1614 967 de
1629 941 1798 976 eleemosyna
1813 950 1821 968 :

1029 982 1105 1009 Nunc
1128 988 1212 1010 autent
1237 984 1301 1011 vado
1324 984 1512 1021 Jerosolymam
1542 987 1688 1013 ministrmus
1716 987 1821 1013 sumtis.

1033 1028 1119 1056 Visum
1132 1034 1168 1056 est
1182 1030 1248 1056 enim
1264 1030 1422 1058 Macedonia
1439 1037 1464 1059 et
1486 1032 1590 1060 Achaia:
1610 1033 1822 1060 coinmnnicatio-

1027 1082 1083 1101 nem
1094 1075 1231 1109 quamdam
1242 1075 1326 1110 facere
1338 1077 1362 1102 in
1377 1085 1498 1112 pauperes
1508 1083 1651 1104 mactarunt
1668 1078 1759 1113 (Rom.
1777 1078 1821 1106 l5.

1026 1119 1071 1146 25,
1087 1119 1122 1146 26
1133 1120 1152 1154 ).
1168 1120 1219 1147 Sed
1234 1121 1294 1148 illos
1308 1121 1415 1155 quidem
1430 1129 1476 1156 per
1491 1122 1650 1149 Macedones
1672 1127 1700 1149 et
1724 1123 1822 1150 Coriu—

1029 1165 1108 1197 thios,
1125 1166 1173 1192 hos
1185 1171 1274 1192 autem
1289 1168 1369 1193 etiam
1384 1175 1431 1201 per
1444 1167 1551 1194 Galatas
1561 1167 1727 1195 adhortatur.
1745 1168 1819 1195 Sicut

1028 1211 1157 1243 sonuitui,
1174 1211 1270 1245 inquit,
1284 1211 1404 1239 Ecclesiis
1418 1212 1544 1245 Galatiae,
1567 1213 1602 1239 ita
1623 1219 1646 1239 ct
1668 1221 1710 1240 vos
1734 1214 1821 1249 facile.

1030 1255 1206 1283 Ernbuissent
1219 1257 1290 1284 enim
1306 1258 1391 1285 videri
1408 1259 1548 1286 inferiores
1559 1259 1670 1286 Galaiis.
1686 1259 1744 1286 Non
1756 1259 1824 1287 dixit

1028 1307 1128 1335 autem,
1146 1302 1222 1330 Suasi
1237 1308 1264 1331 et
1276 1304 1417 1331 consilium
1434 1304 1506 1337 dedi,
1520 1305 1577 1336 sed,
1591 1304 1716 1332 Constitui
1729 1313 1739 1332 .'
1752 1306 1824 1339 quod

1029 1347 1135 1381 quidem
1152 1349 1280 1383 majorem
1298 1349 1415 1376 ostendit
1437 1351 1634 1377 auctoritatem.
1659 1350 1751 1386 Neque
1774 1351 1824 1378 ad-

1029 1394 1103 1421 ducit
1119 1403 1216 1428 unam,
1232 1400 1278 1423 aut
1291 1396 1356 1423 duas
1369 1402 1415 1424 aut
1435 1402 1490 1424 tres
1504 1398 1643 1429 civitates,
1670 1398 1716 1424 sed
1741 1403 1823 1425 totam

1030 1443 1156 1474 gentem:
1172 1441 1241 1475 quod
1263 1441 1371 1476 quidem
1395 1443 1456 1470 facit
1480 1443 1561 1470 etiam
1585 1444 1611 1470 in
1637 1443 1823 1478 dogmatibus,

1030 1485 1122 1513 dicens
1138 1495 1144 1512 :
1161 1487 1234 1514 Sicut
1247 1492 1270 1514 et
1293 1488 1319 1514 in
1338 1489 1454 1516 onmibus
1475 1489 1596 1516 Eccletiis
1619 1495 1775 1517 sanctorum.
1796 1490 1824 1516 Si

1032 1531 1082 1559 huc
1096 1533 1170 1559 enim
1186 1534 1218 1560 ad
1235 1534 1314 1560 fidem
1336 1534 1483 1562 faciendam
1505 1535 1675 1569 dogmatibus
1697 1541 1738 1563 est
1760 1537 1825 1562 vali-

1031 1577 1094 1605 dum
1104 1598 1113 1610 ,
1129 1579 1212 1606 multo
1227 1580 1312 1613 magis
1325 1579 1358 1607 ad
1371 1581 1579 1609 :etnulatioltent.
1596 1582 1664 1614 Quid
1678 1589 1744 1616 ergo
1755 1601 1763 1614 ,
1782 1581 1826 1609 dic

1032 1632 1123 1658 quaiso
1134 1644 1143 1657 ,
1157 1625 1339 1652 constituisti?
1352 1626 1380 1653 ‘2.
1398 1626 1449 1653 Per
1459 1635 1537 1653 unam
1549 1627 1662 1660 sabbati,
1689 1628 1739 1654 hoc
1764 1632 1805 1654 est
1817 1648 1825 1660 ,

1032 1669 1076 1697 die
1090 1670 1236 1703 Dominico,
1252 1672 1421 1706 unusquisque
1433 1678 1542 1699 uestrum
1555 1673 1625 1707 apud
1637 1681 1663 1699 se
1672 1678 1777 1708 sepouat
1786 1681 1826 1699 re-

1032 1717 1142 1744 condens
1161 1718 1228 1752 quod
1244 1719 1267 1744 ei
1286 1719 1348 1745 bene
1368 1719 1500 1748 placuerit.
1514 1719 1581 1746 Vide
1596 1719 1732 1754 quomodo
1746 1720 1826 1747 etiam

1033 1763 1191 1791 adhortatur
1205 1771 1220 1791 a
1243 1768 1363 1798 tempore
1379 1773 1385 1790 :
1401 1765 1460 1792 dies
1483 1765 1555 1792 enim
1577 1770 1634 1792 erat
1657 1765 1770 1792 idoneus
1794 1765 1827 1792 ad

1034 1817 1082 1837 eos
1094 1809 1265 1837 adducendos
1273 1810 1306 1836 ad
1319 1810 1528 1845 elcemosynam.
1542 1810 1729 1838 Recordemini
1743 1811 1826 1843 enim,

1035 1855 1121 1890 inquit
1132 1875 1140 1887 ,
1162 1863 1285 1890 quaenam
1300 1863 1332 1882 eo
1347 1855 1390 1882 die
1405 1857 1563 1890 consequuti
1577 1856 1652 1883 estis.
1669 1856 1742 1883 Bona
1757 1856 1828 1883 enim

1036 1900 1190 1931 incﬂ'abilia.
1207 1905 1234 1928 et
1250 1901 1324 1928 radix
1342 1905 1368 1927 ct
1389 1901 1492 1928 initium
1515 1902 1577 1928 vita:
1596 1907 1696 1929 nostra:
1720 1902 1764 1928 illa
1787 1901 1830 1929 die

1037 1946 1104 1973 facta
1119 1951 1191 1973 sunt.
1208 1946 1265 1973 Non
1283 1947 1331 1973 hac
1346 1952 1435 1974 autem
1449 1947 1536 1974 solum
1550 1948 1655 1975 ratione
1677 1952 1768 1982 aptum
1788 1954 1830 1974 est

1037 1996 1143 2026 tempus
1161 1991 1194 2018 ad
1224 1991 1414 2026 benignitatem
1439 1997 1563 2027 prompto
1584 1998 1612 2019 et.
1636 1993 1716 2020 alacri
1741 1993 1831 2020 animo

1037 2037 1232 2069 exercendam,
1247 2037 1294 2064 sed
1308 2043 1335 2064 et
1350 2037 1420 2072 quod
1434 2038 1532 2065 habeat
1544 2039 1660 2072 quietem
1685 2046 1718 2066 ac
1736 2039 1831 2066 remis-

1037 2084 1140 2110 sionem
1156 2084 1404 2118 immunitalemque
1420 2090 1445 2111 et
1458 2085 1624 2111 vacationem
1648 2093 1661 2111 a
1685 2085 1830 2111 laboribus.

1037 2128 1103 2155 Nam
1117 2129 1204 2156 anima
1221 2137 1236 2156 a
1249 2129 1385 2157 laboribus
1399 2130 1479 2156 libera
1494 2130 1614 2157 redditur
1635 2130 1784 2164 expeditior
1806 2135 1833 2156 et

1039 2175 1126 2209 aptior
1140 2174 1173 2201 ad
1189 2175 1380 2202 miserendum.
1399 2175 1439 2202 Ad
1463 2176 1520 2202 btec
1543 2180 1647 2208 autent,
1672 2175 1833 2203 venerandis

1039 2228 1146 2255 quoque
1169 2228 1201 2248 ac
1229 2221 1424 2248 immortalibus
1457 2223 1655 2249 communicare
1680 2223 1832 2258 mysteriis,

1039 2275 1163 2302 magnam
1185 2267 1263 2294 aﬂ'ert
1286 2273 1312 2294 et
1338 2268 1456 2295 immittit
1475 2268 1650 2294 alacritatem.
1666 2267 1698 2294 In
1721 2276 1750 2294 ea
1774 2275 1834 2302 ergo

1040 2314 1210 2349 unusquisque
1221 2318 1330 2340 vestrum
1342 2334 1350 2345 .
1365 2321 1417 2340 nou
1433 2314 1555 2341 absolute
1570 2314 1613 2341 hic
1630 2319 1676 2340 aut
1697 2314 1742 2340 ille
1754 2334 1761 2345 ,
1786 2313 1832 2340 seti

1040 2360 1218 2394 unusquisque,
1234 2360 1290 2386 sive
1305 2359 1338 2386 sit
1352 2367 1462 2395 pauper,
1476 2359 1533 2387 sive
1546 2359 1631 2392 dives,
1643 2360 1699 2386 sive
1710 2359 1760 2391 vir,
1776 2359 1834 2386 sive

1041 2407 1149 2439 mulier,
1166 2406 1225 2434 sive
1239 2414 1332 2433 servus
1345 2427 1352 2438 ,
1368 2408 1424 2433 sive
1443 2407 1526 2439 liber,
1542 2407 1614 2442 apud
1627 2415 1653 2433 se
1666 2411 1773 2441 sepanal
1793 2414 1834 2432 rc-

1041 2453 1162 2480 condens.
1177 2452 1233 2480 Non
1250 2453 1326 2485 dixit,
1341 2452 1422 2479 Ferat
1436 2453 1461 2479 in
1482 2452 1628 2479 ecclesiam
1639 2472 1646 2483 ,
1669 2460 1702 2479 ne
1726 2455 1836 2485 propter

1043 2498 1201 2533 paucitatem
1215 2498 1391 2529 erubescant;
1415 2497 1462 2524 sed
1484 2504 1545 2524 cum
1570 2504 1601 2524 ea
1625 2505 1685 2531 quae
1707 2496 1834 2531 paulatim

1042 2543 1172 2570 accedunt
1188 2544 1213 2570 in
1227 2543 1431 2570 collectionibus
1443 2543 1546 2570 auxerit
1559 2562 1565 2576 ς
1590 2550 1651 2569 cum
1674 2549 1815 2569 accessero
1826 2563 1834 2575 ,

1044 2595 1105 2616 tunc
1118 2588 1252 2616 ostendat.
1270 2588 1376 2616 Interim
1393 2594 1500 2620 autem,
1527 2589 1631 2623 inquit,
1653 2587 1724 2622 apud
1748 2593 1774 2615 te
1794 2595 1837 2615 se-

1042 2643 1122 2670 pone,
1139 2639 1167 2662 et
1180 2634 1288 2662 domum
1299 2639 1370 2661 tuam
1387 2633 1429 2661 fac
1443 2634 1603 2666 ecclesiam,
1616 2633 1735 2660 arculam
1755 2640 1836 2667 gazo-

1043 2680 1194 2716 phylacium
1213 2690 1219 2708 :
1235 2684 1293 2707 esto
1306 2684 1396 2707 custos
1421 2686 1504 2706 saera:
1526 2679 1646 2714 pectmia:
1659 2699 1666 2710 ,
1693 2687 1708 2706 a
1731 2684 1757 2711 te
1778 2678 1836 2712 ipso

1042 2726 1181 2753 ordinatus
1195 2725 1363 2760 dispensator
1378 2733 1535 2759 pauperum.
1562 2724 1714 2759 Bonignitas
1736 2729 1764 2750 ct
1787 2723 1835 2750 lm-

1045 2772 1158 2799 manitas
1171 2771 1216 2799 dat
1232 2771 1278 2798 tibi
1294 2771 1343 2798 hoc
1358 2770 1548 2798 sacerdotium.
1570 2769 1653 2803 Hujus
1672 2774 1713 2796 cst
1725 2768 1835 2804 symbo-

1046 2820 1099 2847 lum
1113 2827 1143 2846 ac
1160 2818 1264 2852 signum
1277 2816 1348 2852 quod
1371 2824 1440 2844 nunc
1464 2821 1502 2844 cst
1527 2815 1756 2851 gazophylacium.
1783 2814 1836 2843 Sed
