1986 3128
147 134 199 163 ῧιΠ

145 191 252 220 παλαιά
267 191 442 226 κελευόμενοι
463 191 625 226 σκάμματα,
653 191 701 218 καὶ
720 192 850 219 ἐλάττονα.
867 192 941 219 ἐκεί-

145 247 192 265 νου
207 237 255 264 τοῦ
280 238 382 273 μέτρου
404 237 453 272 τὴν
478 237 584 263 ἑαυτῶν
604 237 743 265 πολιτείαν
764 238 942 275 ὑφαίνωμεν;

147 285 188 317 τίς
207 285 280 320 ἡμᾶς
297 284 473 319 ἐξαιρήσεται
488 284 587 317 λόγος;
603 284 645 316 τίς
665 286 874 320 παραστήσεται
895 285 940 312 καὶ

150 331 275 366 βοηθήσει
290 330 501 365 κολαζομένοις;
515 330 573 356 Οὐκ
584 330 658 357 ἔστιν
668 331 765 363 οὐδεὶς,
783 331 842 358 ἀλλ’
857 332 942 367 ἀνάγ-

149 385 182 412 κη
206 378 280 403 πᾶσα
298 375 484 412 οἰμώζοντας,
501 375 692 411 ὀδυρομένους,
714 377 866 413 βρόχον-τας
880 378 943 410 τοὺς

148 422 267 454 ὀδόντας,
282 421 515 458 στρεϐλουμένους
531 423 571 454 είς
585 422 615 449 τὸ
633 423 728 455 σκότος
743 423 896 457 ἀπάγεσθαι
914 423 944 450 τὸ

149 468 266 502 ἀφεγγὲς
284 469 384 499 ἐκεῖνο,
412 468 452 498 είς
478 467 527 498 τὰς
551 468 754 503 ἀπαραιτήτους
778 468 885 500 ὀδύνας,
903 469 944 499 είς

149 515 197 545 τὰς
209 514 378 548 ἀνηκέστους
393 513 539 549 τιμωρίας.
554 514 599 540 Διὸ
612 514 707 549 δέομαι
723 515 770 540 καὶ
779 514 942 549 παρακαλῶ,

150 562 196 587 καὶ
212 560 304 587 αὐτῶν
317 560 440 595 ἅπτομαι
457 561 512 588 τῶν
527 561 659 595 γονάτων,
678 561 731 593 ἐως
746 561 778 587 ἂν
794 561 900 597 ἔχωμεν
913 561 944 588 τὸ

152 607 248 641 μικρὸν
260 606 340 633 τοῦτο
350 607 399 641 τῆς
414 606 487 641 ζωῆς
504 607 620 641 ἐφόδιον,
635 607 819 642 κατανυγῆναι
833 608 890 639 τοῖς
903 608 942 634 εί-

152 652 289 688 ρημένοις,
311 652 525 686 ἐπιστραφῆναι,
544 651 664 687 βελτίους
683 651 821 686 γενέσθαι,
840 652 883 678 ἵνα
906 652 944 688 μὴ

152 697 220 724 κατὰ
240 698 286 724 τὸν
310 697 438 724 πλούσιον
459 699 562 725 ἐκεῖνον
579 699 699 734 ἀνήνυτα
724 699 783 725 ἐκεῖ
799 698 944 735 θρηνῶμεν

152 743 325 776 ἀπελθόντες,
341 745 387 771 καὶ
400 744 496 771 ἀνίατα
515 745 610 772 λοιπὸν
625 744 797 780 όδυρώμεθα.
814 746 873 771 Κᾶν
889 745 943 780 γὰρ

153 789 257 825 πατέρα
276 789 353 826 ἔχῃς»
382 790 432 817 κᾶν
456 791 523 823 υἱὸν,
543 791 595 818 κᾶν
613 791 700 825 φίλον,
729 791 780 818 κᾶν
805 791 944 818 ὁντιναοῦν

154 836 308 870 παρρησίαν
333 835 428 871 ἔχοντα
451 837 520 872 πρός
545 838 589 864 τὸν
614 837 690 869 Θεὸν,
717 837 803 868 οὐδείς
819 837 850 864 σέ
877 846 942 864 ποτε

176 889 842 905 ~——————————_—\

647 131 680 159 ΙΝ
702 131 813 160 EPIST.
835 133 843 159 l
863 132 909 160 AD
929 133 1007 161 COIL
1029 133 1147 161 IIOMIL.
1169 133 1260 161 XLIII.

1736 135 1790 166 3G8

997 192 1174 228 ἐξαιρήσεται
1184 191 1288 219 τούτων
1303 191 1357 218 ὑπο
1373 192 1427 219 τῶν
1443 192 1552 220 οίκείων
1569 194 1657 228 ἔργων
1671 194 1790 229 προδιδό-

1000 247 1089 273 μενον.
1105 238 1233 265 Τοιοῦτον
1249 238 1303 274 γὰρ
1319 239 1408 265 ἐκεῖνο
1423 239 1452 266 τὸ
1463 239 1655 276 δικαστήριον·
1668 241 1722 267 ἀπὸ
1736 241 1790 267 τῶν

997 284 1125 318 πράξεων
1152 283 1258 316 δικάζει
1290 285 1387 320 μόνων,
1416 285 1464 311 καὶ
1488 285 1575 317 ἄλλως
1595 286 1652 312 ἐκεῖ
1670 286 1790 321 σωθῆναι

997 331 1048 356 οὐκ
1065 330 1115 357 ἐνι.
1134 330 1190 357 Καὶ
1202 330 1291 357 ταῦτα
1306 330 1387 365 λέγω.
1405 331 1453 366 οὐχ
1469 331 1514 358 ἵνα
1531 331 1654 367 λυπήσω,
1674 332 1728 358 οὐδ’
1747 332 1791 359 ἵνα

998 376 1038 407 εἰς
1051 376 1205 410 ἀπόγνωσιν
1223 376 1345 411 ἐμϐάλω,
1364 376 1421 403 ἀλλ’
1447 377 1490 403 ἵνα
1517 377 1554 412 μὴ
1580 378 1707 412 ματαίαις
1723 378 1791 412 μηδέ

997 421 1113 457 ψυχραῖς
1132 421 1223 448 ἐλπίσι
1247 422 1420 457 τρεφόμενοι,
1440 423 1487 449 καὶ
1507 423 1546 454 είς
1563 423 1608 449 τὸν
1631 423 1704 449 δεῖνα
1724 423 1791 458 θαρ-

1000 466 1119 502 ροῦντες,
1141 467 1190 502 τῆς
1204 467 1265 494 καθ’
1281 468 1395 499 ἑαυτοὺς
1415 467 1598 503 ἀμελήσωμεν
1614 467 1724 503 ἀρετῆς.
1743 468 1791 494 Ἂν

1000 513 1116 548 μὲνγὰρ
1143 513 1357 549 ρᾳθυμήσωμεν,
1386 514 1416 540 οὒ
1441 513 1555 546 δίκαιος,
1577 514 1607 540 οὔ
1637 515 1790 550 προφήτης,

997 559 1047 585 οὐκ
1059 559 1219 591 ἀπόστολος,
1244 560 1332 591 οὐδεὶς
1351 562 1416 595 ἡμῖν
1436 562 1660 596 παραστήσεται·
1677 569 1683 575 ·
1712 560 1744 587 ἂν
1762 561 1791 587 δὲ

999 605 1212 640 σπουδάσωμεν,
1237 606 1374 641 ἀρκοῦσαν
1389 606 1439 642 τὴν
1462 607 1516 633 ἀπὸ
1537 606 1591 633 τῶν
1609 607 1696 643 ἔργων
1727 616 1792 633 συν-

998 650 1113 685 ηγορίαν
1127 651 1246 685 ἔχοντες,
1268 651 1337 686 μετά
1354 652 1510 688 παρρησίας
1525 653 1735 688 ἀπολαυσόμεθι
1745 654 1792 679 καὶ

997 697 1052 723 τῶν
1069 697 1179 731 ἀγαθῶν
1195 697 1251 723 τῶν
1266 698 1456 733 ἀποκειμένων
1471 700 1527 730 τοῖς
1538 699 1584 725 τὸν
1596 699 1661 725 Θεὸν
1679 699 1793 733 ἀγαπῶ-

998 752 1040 770 σιν
1051 751 1058 757 ·
1075 740 1112 770 ὧν
1124 743 1231 777 γένοιτο
1248 744 1440 780 πάντας,ήμᾶς
1452 745 1601 780 ἐπιτυχεῖν,
1616 746 1664 772 καὶ
1674 745 1707 772 τὰ
1718 745 1791 780 ἑξῆς.

1030 831 1042 844 ³
1053 830 1134 858 Alius.
1144 831 1315 862 προστήσεται.

880 965 1001 993 ΟΜΙΛΙΑ
1018 966 1083 993 Ml".

156 1022 224 1058 Περὶ
246 1022 280 1049 δὲ
299 1021 354 1056 τῆς
367 1023 476 1058 λογίας
492 1023 548 1057 τῆς
562 1024 605 1056 είς
623 1023 693 1056 τοὺς
719 1024 834 1058 ἁγίους,
851 1022 948 1055 καθὼς

210 1057 311 1090 ιέταξα
325 1057 392 1091 ταῖς
414 1060 609 1092 Ἐκκλησίαις
625 1059 681 1093 τῆς
696 1059 859 1092 Γαλατίας,
872 1058 949 1085 οὕτω

190 1093 241 1120 καὶ
254 1093 340 1128 ὑμεῖς
354 1093 515 1126 ποιήσατε.

189 1164 224 1187 α’.
248 1160 414 1196 ’Ᾱπαρτίσας
434 1161 479 1188 τὸν
494 1161 559 1196 περὶ
574 1161 628 1189 τῶν
640 1161 782 1197 δογμάτων
799 1161 887 1196 λόγον,
902 1169 950 1188 και

159 1206 262 1240 μέλλων
278 1208 318 1238 εἰς
329 1206 375 1233 τὸν
383 1206 552 1242 ἠθικώτερον
566 1208 718 1243 ἐμϐαίνειν,
735 1208 825 1234 πάντα
837 1208 872 1234 τὰ
884 1207 951 1234 ἀλλα

158 1252 244 1286 ἀφεὶς,
265 1253 312 1278 ἐπὶ
333 1252 364 1279 τὸ
387 1253 537 1288 κεφάλαιον
560 1253 615 1280 τῶν
637 1253 747 1288 ἀγαθῶν
772 1255 866 1289 χωρεῖ,
885 1253 951 1288 περὶ

159 1298 342 1334 ἐλεημοσύνης
366 1298 528 1334 ποιούμενος
548 1299 637 1333 λόγον.
665 1299 748 1325 Ἀλλὰ
769 1299 833 1335 περὶ
855 1298 951 1325 τούτου

160 1344 238 1379 μόνου
255 1344 416 1380 διαλεχθεὶς,
433 1344 656 1371 ἀπαλλάττεται·
673 1345 762 1371 καίτοι
777 1352 809 1378 γε
832 1343 950 1379 οὐδαμοῦ

158 1390 234 1417 τοῦτο
262 1391 400 1427 ἐποίησεν,
424 1391 493 1418 ἀλλὰ
521 1391 584 1426 περὶ
609 1391 805 1426 ἐλεημοσύνης,
825 1390 951 1425 καὶπερὶ

124 1470 126 1472 τ
160 1435 233 1472 [1’00]
257 1437 446 1473 σωφροσύνης,
471 1437 518 1464 καὶ
544 1438 609 1473 περὶ
633 1437 796 1473 πραότητος,
818 1437 865 1463 καὶ
887 1437 952 1471 περὶ

161 1483 361 1518 μακροθυμίας,
385 1484 433 1510 καὶ
452 1484 586 1519 περὶτῶν
600 1483 689 1511 ἄλλων
714 1483 844 1510 ἀπάντων
865 1482 953 1509 διαλέ-

160 1536 235 1561 γεται
249 1529 277 1555 ἐν
293 1531 353 1561 ταῖς
365 1530 461 1562 ἄλλαις
476 1530 647 1563 Ἐπιστολαῖς
663 1530 891 1561 τελευτῶν.Τίνος
906 1527 952 1556 οὖν

160 1573 250 1600 ἕνεκεν
268 1575 386 1602 ἐνταῦθα
401 1576 448 1602 τοῦ
464 1575 563 1612 ὴθικοῦ
580 1576 659 1603 τοῦτο
677 1576 757 1612 μόνον
774 1575 909 1611 γυμνάζει
923 1575 954 1601 τὸ

162 1620 252 1654 μέρος;
261 1620 322 1648 Ὅτι
337 1622 385 1648 καὶ
396 1622 451 1648 τῶν
463 1622 619 1658 ἔμπροσθεν
633 1623 692 1658 είρη
699 1622 786 1658 μένων
795 1622 829 1648 τὰ
842 1622 953 1648 πλείονα

160 1665 313 1701 ἠθικώτερα
338 1666 382 1702 ἦν,
407 1668 440 1694 δι’
466 1665 504 1695 ὧν
522 1668 568 1695 τὸν
585 1669 686 1703 πόρνον
709 1668 833 1701 ἐκόλασε,
856 1668 890 1694 δι’
915 1664 953 1694 ὧν

159 1712 221 1743 τοὺς
233 1711 286 1744 ἔξω
304 1712 500 1747 δικαζομένους
517 1713 694 1749 ἐσωφρόνιζε,
713 1713 746 1740 δι’
763 1710 800 1740 ὦν
819 1713 882 1744 τοὺς
905 1720 954 1748 με-

161 1757 273 1789 θύοντας
292 1759 340 1785 καὶ
362 1759 594 1795 γαστριζομένους
621 1760 754 1795 ἐφόόησε,
778 1759 811 1785 δι’
828 1756 865 1785 ὧν
890 1759 954 1790 τοὺς

161 1804 354 1836 στασιάζοντας
380 1805 426 1831 καὶ
448 1804 665 1839 φιλονεικοῦντας
687 1806 735 1831 καὶ
754 1803 952 1840 φιλαρχοῦντιις

161 1849 332 1881 κατεδίκασε,
362 1849 395 1876 δι’
421 1846 458 1877 ὧν
483 1850 546 1881 τοὺς
569 1850 686 1882 ἀναξίως
711 1852 767 1882 τοῖς
793 1851 954 1886 μυστηρίοις

161 1895 323 1929 προσιόντας
335 1896 369 1930 τῇ
382 1895 512 1932 ἀφορήτῳ
525 1896 585 1931 δίκῃ
599 1896 690 1932 ἐκείνῃ
704 1895 854 1932 παρέδωκε,
870 1895 903 1922 δι’
915 1892 953 1922 ὧν

161 1941 226 1976 περὶ
242 1941 352 1976 ἀγάπης
363 1941 497 1976 διελέχθη.
517 1942 565 1968 Διὰ
582 1941 614 1978 δὴ
627 1942 716 1974 τοῦτο,
730 1939 760 1969 οὗ
775 1942 892 1977 μάλιστα
906 1942 954 1968 αὐ-

161 1986 200 2022 τῷ
214 1987 267 2014 ἔδει
283 1988 332 2023 τῆς
351 1989 390 2020 είς
404 1989 468 2020 τοὺς
489 1988 582 2022 ἁγίους
604 1989 772 2024 ἐπικουρίας,
792 1989 886 2015 τούτου
904 1988 953 2023 μέ-

163 2041 262 2068 μνηται
279 2034 370 2069 μόνου.
387 2034 444 2061 Καὶ
457 2034 505 2061 θέα
517 2034 567 2070 τὴν
580 2034 688 2061 σύνεσιν
700 2043 706 2050 ·
723 2035 766 2061 ὅτε
777 2035 875 2067 αὐτοὺς
890 2035 954 2070 περὶ.

162 2078 337 2111 ἀναστάσεως
348 2079 452 2113 ἔπεισε,
467 2080 514 2107 καὶ
525 2080 746 2116 προθυμοτέρους
756 2080 880 2115 ἐποίησε,
893 2081 954 2106 τότε

162 2123 255 2151 λοιπὸν
270 2126 317 2152 καὶ
338 2125 404 2160 περὶ
426 2126 521 2152 τούτου
545 2125 710 2160 διαλέγεται.
734 2125 831 2152 Καίτοι
855 2134 886 2159 γε
907 2125 955 2152 καὶ

162 2169 232 2204 ὑπὲρ
250 2170 351 2197 τούτων
372 2171 495 2207 διελέχθη
516 2171 585 2208 πρὸς
601 2171 699 2203 αὐτοὺς
722 2171 888 2206 ἔμπροσθεν,
910 2171 954 2198 ὅτε

160 2216 256 2250 ἔλεγεν
268 2226 276 2233 ·
304 2217 338 2243 Εἰ
354 2217 440 2251 ἡμεῖς
465 2217 536 2251 ὑμῖν
555 2218 592 2244 τὰ
607 2217 794 2251 πνευματικὰ
808 2217 957 2251 ἐσπεήοιι-

157 2271 229 2297 μεν,
244 2262 331 2297 μέγα,
350 2264 377 2289 εί
391 2263 474 2297 ἡμεῖς
486 2262 571 2297 ὑμῶν
584 2265 620 2290 τὰ
638 2262 768 2297 σαρκικὰ
780 2263 956 2298 θερίσομεν-ς

161 2311 221 2342 καὶ,
243 2310 291 2342 Τίς
305 2309 427 2343 φυτεύει
446 2308 620 2343 ἀμπελῶνα,
640 2310 688 2336 καί
711 2310 746 2336 ἐκ
771 2309 823 2336 τοῦ
840 2311 956 2344 καρποῦ

160 2355 258 2382 αὑτοῦ
272 2355 329 2382 οὐκ
345 2355 440 2382 ἐσθίει
449 2363 459 2387 ;
482 2355 552 2381 Ἀλλ*
567 2356 662 2391 ἐπειδὴ
679 2356 736 2391 ᾔδει
750 2356 797 2382 τοῦ
816 2356 956 2391 κατορθώ-

161 2409 250 2436 ματος
269 2401 300 2426 τδ
321 2400 447 2436 μέγεθος,
465 2401 496 2427 ού
512 2403 684 2436 παραιτεῖται
705 2402 752 2428 καὶ
768 2402 806 2437 τῷ
822 2403 893 2429 τέλει
908 2404 957 2439 τῆς

166 2446 333 2481 Ἐπιστολῆς
345 2446 411 2472 αὐτὸ
425 2446 596 2482 προσθεῖναι.
605 2447 706 2482 Λογίαν
722 2448 749 2474 δὲ
762 2448 810 2483 τὴν
824 2448 957 2484 συλλογὴν

160 2491 257 2522 καλεῖ,
282 2492 315 2518 ἐκ
344 2492 494 2527 προοιμίων
517 2492 617 2523 εὐθέως
646 2492 746 2527 κοῦφον
781 2493 812 2520 τὸ
841 2495 957 2530 πρᾶγμα

160 2537 249 2564 ποιῶν
259 2545 266 2552 ·
284 2537 348 2564 ὅταν
363 2537 417 2572 γὰρ
433 2537 462 2569 ἐξ
476 2538 604 2566 ἁπάντων
616 2538 834 2574 συνεισφέρηται,
850 2541 958 2576 ἑκάστῳ

159 2582 266 2617 κοῦφον
276 2579 383 2617 γίνεται
395 2583 425 2609 τὸ
440 2583 591 2619 ἐπίταγμα.
607 2584 698 2610 Εἰπὼν
711 2584 739 2610 δέ
756 2586 821 2621 περὶ
834 2586 884 2621 τῆς
896 2586 958 2612 συλ-

159 2628 257 2663 λογῆς,
272 2629 324 2655 οὐκ
338 2629 440 2661 εὐθέως
452 2627 544 2663 εἶπεν,
561 2630 676 2663 ἕκαστος
690 2631 768 2667 ὑμῶν
781 2633 846 2668 παρ’
867 2633 957 2669 ἑαυτῷ

159 2675 263 2700 τιθέτω
288 2673 463 2711 θησαυρίζων
482 2683 489 2690 '
512 2675 599 2702 καίτοι
616 2685 648 2711 γε
665 2677 696 2704 τὸ
712 2678 860 2705 ἀκόλουθον
878 2680 957 2707 τοῦτο

158 2717 195 2755 ἧν
207 2728 216 2736 '
231 2720 301 2746 ἀλλά
314 2720 422 2756 πρῶτον
437 2720 534 2753 εἰπὼν,
550 2721 654 2755 Καθὼς
671 2723 794 2756 διέταξα
810 2725 875 2758 ταῖς
892 2726 959 2753 Ἐκ-

159 2766 312 2799 κλησίαις
330 2766 386 2799 τῆς
400 2767 563 2801 Γαλατίας,
580 2768 641 2795 τότε
658 2769 737 2796 τοῦτο
752 2770 902 2805 ἐπήγαγεν,
918 2774 958 2805 είς

159 2812 248 2847 ζῆλον
265 2811 366 2844 αὐτοὺς
379 2814 413 2848 τῇ
434 2813 559 2848 διηγήσει
576 2814 631 2841 τῶν
648 2815 752 2851 ἑτέροις
771 2817 956 2854 κατορθουμέ-

159 2866 217 2884 νων
230 2857 320 2892 ἄγων,
340 2858 387 2884 καὶ
403 2859 432 2885 ἐν
442 2859 518 2892 τάξει
531 2859 700 2896 διηγήματος
713 2862 780 2889 αὐτὸ
794 2863 849 2895 θείς
860 2871 867 2879 ”
883 2864 897 2890 ὖ
912 2865 960 2892 καὶ

167 2902 323 2937 Ῥωμαίοις
336 2903 502 2931 ἐπιστέλλων
515 2905 636 2939 ἐποίησε.
650 2906 705 2933 Καὶ
716 2906 769 2942 γὰρ
787 2907 900 2941 ἐκείνοις
917 2910 957 2936 δο-

1000 1023 1055 1048 κῶν
1068 1023 1220 1058 διηγεῖσθαι
1234 1025 1283 1060 τὴν
1297 1025 1433 1060 πρόφασιν
1446 1026 1497 1061 τῆς
1511 1026 1558 1054 ἐπὶ
1569 1026 1603 1053 τὰ
1621 1027 1653 1054 Ἱε
1659 1023 1795 1063 ροσόλυμα

999 1068 1164 1104 ἀποδημίας,
1178 1069 1250 1097 οὕτω
1267 1071 1312 1097 τὸν
1328 1071 1394 1107 περὶ
1407 1072 1592 1108 ἐλεημοσύνης
1607 1073 1735 1108 ἐμϐάλλει
1753 1074 1796 1100 λό-

1000 1122 1059 1148 γον,
1076 1114 1163 1149 λέγων
1177 1123 1183 1130 ·
1201 1116 1278 1142 Νυνὶ
1298 1115 1331 1142 δὲ
1350 1118 1514 1152 πορεύομαι
1537 1119 1580 1151 είς
1605 1119 1797 1153 Ἰεροσόλυμα

1000 1159 1150 1188 διακονῶν
1163 1161 1226 1195 τοῖς
1242 1162 1349 1198 ἁγίοις.
1371 1163 1529 1197 Εὺδόιιησε
1546 1164 1601 1199 γὰρ
1626 1164 1797 1192 Μακεδονία

1001 1206 1051 1232 καὶ
1072 1207 1177 1241 Ἀχαΐα
1196 1209 1358 1236 κοινωνίαν
1373 1210 1440 1237 τινὰ
1454 1210 1642 1245 ποιήσασθαι
1667 1213 1710 1244 εἰς
1727 1211 1797 1244 τοὺς

1001 1254 1140 1287 πτωχοὺς
1154 1254 1214 1281 τῶν
1233 1255 1336 1290 ἁγίων.
1357 1255 1426 1283 Ἀλλ’
1441 1257 1565 1288 ἐκείνους
1581 1258 1630 1292 μὲν
1643 1257 1687 1284 διὰ
1703 1258 1798 1284 Μακε-

1001 1299 1085 1325 δόνων
1105 1300 1152 1326 καὶ
1168 1301 1331 1336 Κορινθίων,
1347 1303 1459 1334 τούτους
1473 1303 1502 1329 δὲ
1523 1303 1568 1330 διὰ
1586 1303 1716 1330 Γαλατῶν
1731 1313 1798 1340 προ-

1002 1345 1110 1381 τρέπει.
1133 1347 1238 1381 Καθὼς
1252 1347 1375 1380 διέταξα
1397 1349 1463 1384 γὰρ,
1486 1350 1564 1385 φησὶ,
1587 1350 1652 1383 ταῖς
1673 1351 1798 1384 Ἐκκλη-

1003 1395 1086 1428 σίαις
1106 1394 1161 1428 τῆς
1181 1394 1342 1427 Γαλατίας,
1365 1395 1442 1422 οὕτω
1463 1395 1513 1422 καὶ
1535 1395 1621 1430 ὑμεῖς
1639 1396 1797 1430 ποιήσατε.

1004 1441 1060 1467 Καὶ
1076 1439 1130 1475 γὰρ
1142 1439 1291 1475 ᾐσχύνοντο
1311 1440 1402 1467 λοιπὸν
1419 1441 1548 1473 ἐλάττους
1572 1441 1699 1468 Γαλατῶν
1712 1443 1799 1478 φανῆ-

1003 1495 1058 1513 ναι.
1084 1485 1140 1512 Καὶ
1166 1487 1216 1512 οὐκ
1246 1484 1316 1519 εἷπε,
1340 1487 1484 1522 Παρῄνεσα
1514 1487 1560 1514 καὶ
1589 1487 1798 1522 συνεϐούλευσα,

1004 1531 1084 1563 ἀλλὰ,
1099 1530 1234 1563 Διέταξα,
1254 1531 1323 1567 ὅπερ
1345 1531 1584 1568 αὐΟεντικώτερον.
1609 1534 1663 1560 Καὶ
1677 1533 1708 1560 οὐ
1728 1542 1800 1569 παρ-

1004 1576 1066 1611 άγει
1085 1576 1148 1612 μίαν
1175 1577 1252 1603 πόλιν
1270 1577 1318 1603 καὶ
1337 1577 1384 1603 δύο
1410 1578 1458 1604 καὶ
1474 1579 1558 1612 τρεῖς,
1577 1578 1635 1604 ἀλλ’
1652 1578 1799 1613 ὁλόκληρον

1005 1623 1094 1654 ἔθνος⁴⁹
1120 1623 1188 1658 ὅπερ
1215 1623 1261 1650 καὶ
1287 1624 1334 1650 ἐπὶ
1358 1623 1413 1651 τῶν
1437 1624 1581 1658 δογμάτων
1603 1625 1682 1657 ποιεῖ,
1700 1625 1799 1659 λέγων·

1005 1668 1109 1702 Καθὼς
1138 1669 1187 1696 καὶ
1212 1669 1247 1696 ἐν
1278 1669 1391 1702 πάσαις
1426 1670 1492 1703 ταῖς
1517 1671 1708 1705 Ἐκκλησίαις
1740 1671 1801 1700 τῶν

1005 1716 1107 1751 ἁγίων.
1120 1716 1151 1742 ΕΙ
1165 1716 1219 1752 γὰρ
1233 1715 1302 1750 πρὸς
1318 1715 1460 1750 δογμάτων
1477 1715 1569 1742 πίστιν
1582 1716 1662 1742 τοῦτο
1678 1717 1799 1752 ἰσχυρὸν,

1007 1760 1097 1796 πολλῷ
1111 1760 1210 1795 μᾶλλον
1228 1759 1296 1795 πρὸς
1310 1759 1397 1793 ἔργων
1412 1760 1538 1795 μίμησιν.
1554 1761 1586 1786 Τί
1598 1758 1645 1788 οὖν
1658 1761 1800 1795 διέταξας,
1816 1775 1820 1779 ι

1007 1807 1068 1834 είπέ
1082 1815 1144 1842 μοις
1166 1806 1246 1834 Κατὰ
1267 1806 1340 1840 μίαν
1359 1805 1521 1838 σαϐϐάτου,
1545 1807 1678 1838 τουτέστι,
1696 1808 1800 1843 Κυρια-

1006 1853 1068 1889 κὴν,
1084 1853 1214 1886 ἕκαστος
1231 1853 1315 1888 ὑμῶν
1331 1853 1399 1887 παρ’
1413 1851 1508 1884 ἐαυτῷ
1532 1852 1635 1879 τιθέτω
1661 1853 1802 1887 θησαυρί-

1007 1894 1063 1925 ζων
1077 1894 1094 1921 ὅ
1109 1904 1136 1922 τι
1155 1895 1193 1922 ἂν
1209 1894 1363 1922 εὐοδῶται.
1383 1895 1455 1930 Ὅρα
1470 1894 1529 1927 πῶς
1543 1895 1590 1921 καὶ
1603 1894 1657 1920 ἀπὸ
1668 1895 1715 1920 τοῦ
1738 1903 1799 1921 και-

1007 1940 1055 1976 ροῦ
1073 1941 1223 1976 προτρέπει
1239 1948 1247 1955 ·
1265 1941 1314 1966 καὶ
1330 1940 1383 1975 γὰρ
1396 1941 1413 1975 ἡ
1431 1940 1525 1975 ἡμέρα
1542 1939 1622 1975 ἱκανὴ
1636 1937 1669 1975 ἦν
1684 1941 1800 1974 ἀγαγεῖν

1007 1989 1046 2019 είς
1065 1987 1262 2023 ἐλεημοσύνην.
1296 1986 1504 2022 Ἀναμνὴσθητε
1525 1986 1591 2022 γὰρ,
1618 1987 1696 2022 φησὶ,
1718 1987 1801 2012 τίνων

1005 2032 1116 2068 ἐτύχετε
1143 2033 1172 2059 ἐν
1197 2033 1230 2067 τῇ
1261 2032 1352 2067 ἡμέρᾳ
1379 2031 1475 2067 ταύτῃ.
1508 2031 1548 2058 Τὰ
1574 2031 1628 2066 γὰρ
1655 2032 1800 2067 ἀπόρρητα

1006 2078 1108 2112 ἀγαθά,
1124 2077 1170 2103 καὶ
1185 2077 1201 2112 ἡ
1224 2077 1287 2112 ῥίζα
1304 2077 1352 2103 καὶ
1367 2077 1383 2111 ὴ
1397 2076 1468 2111 ἀρχὴ
1487 2076 1537 2111 τῆς
1550 2075 1624 2111 ζωῆς
1638 2075 1687 2110 τῆς
1703 2074 1799 2110 ἡμετέ-

1008 2133 1058 2160 ρας
1072 2125 1100 2150 ὲν
1117 2123 1192 2160 μοι]
1210 2123 1296 2158 ταύτῃ
1308 2122 1430 2157 γέγονεν.
1448 2122 1486 2148 Οὐ
1501 2121 1588 2158 ταύτῃ
1604 2121 1632 2147 δέ
1645 2121 1725 2156 μόνον
1739 2122 1800 2147 ἐπι-

1007 2171 1112 2206 τήδειος
1144 2171 1158 2196 ὁ
1188 2169 1284 2205 καιρὸς
1315 2170 1356 2200 είς
1398 2167 1553 2204 προθυμίαν
1582 2167 1798 2203 φιλανθρωπίας,

1008 2217 1065 2245 ἀλλ’
1080 2218 1121 2243 ὅτι
1137 2217 1184 2243 καὶ
1198 2216 1289 2243 ἄνεσιν
1304 2215 1361 2251 ἔχει
1379 2215 1428 2242 καὶ
1449 2215 1537 2241 πόνων
1560 2214 1694 2241 ἀτέλειαν.
1718 2213 1800 2249 Ψυχὴ

1007 2263 1060 2298 γὰρ
1075 2262 1208 2298 ἀφιεμένη
1225 2261 1342 2297 μόχθων,
1352 2260 1524 2296 εὐκολωτέρα
1534 2260 1580 2286 καὶ
1596 2259 1800 2295 ἐπιτηδειοτέρα

1009 2308 1077 2343 πρὸς
1095 2308 1126 2335 ’ὼ
1142 2308 1228 2334 ἐλεεῖν
1241 2308 1356 2341 γίνεται.
1374 2306 1452 2334 Μετὰ
1469 2306 1497 2332 δὲ
1516 2305 1619 2332 τούτων
1636 2306 1682 2332 καὶ
1696 2306 1725 2331 τὸ
1749 2314 1800 2340 μυ-

1009 2353 1127 2389 στηρίων
1144 2353 1173 2379 ὲν
1184 2353 1253 2388 αὑτῇ
1268 2353 1406 2379 κοινωνεῖν
1419 2351 1490 2378 οὕτω
1504 2350 1626 2386 φρικτῶν
1639 2351 1685 2377 καὶ
1698 2350 1801 2377 ἀθανά-

1007 2410 1062 2428 των
1086 2401 1187 2436 πολλὴν
1206 2399 1327 2435 ἐντίθησι
1353 2399 1519 2434 προθυμίαν.
1552 2397 1597 2424 Ἐν
1619 2398 1687 2433 αὐτῇ
1710 2398 1801 2425 τοίνυν

1007 2447 1135 2479 ἕκαστος
1156 2445 1250 2480 ὑμῶν,
1275 2445 1325 2480 οὐχ
1354 2444 1446 2476 ἁπλῶς
1471 2444 1485 2470 ὁ
1507 2444 1580 2470 δεῖνα
1602 2443 1651 2470 καὶ
1676 2444 1690 2470 ό
1713 2443 1800 2476 δεῖνα,

1007 2492 1064 2518 ἀλλ’
1081 2489 1125 2524 εἴς
1145 2491 1284 2524 ἕκαστος,
1300 2491 1352 2516 κᾶν
1369 2490 1454 2526 πένης
1469 2488 1497 2526 ᾖ,
1521 2490 1572 2517 κᾶν
1589 2489 1728 2521 πλούσιος,
1747 2488 1800 2516 κᾶν

1007 2538 1087 2574 γυνὴ,
1101 2538 1154 2565 κᾶν
1164 2537 1242 2573 ἀνὴρ,
1252 2537 1303 2564 κᾶν
1316 2537 1418 2569 δοῦλος,
1431 2537 1483 2564 κᾶν
1494 2537 1644 2573 ἐλεύθερος,
1657 2537 1801 2571 παρ’ἐαυ-

1006 2584 1047 2618 τῷ
1061 2584 1164 2612 τιθέτω
1181 2583 1377 2618 θησαυρίζων.
1394 2584 1451 2610 Οὐκ
1467 2581 1553 2617 εἶπεν,
1571 2585 1619 2615 Εἰς
1631 2584 1681 2620 τήν
1696 2584 1797 2618 ἐκκλη-

1008 2633 1069 2660 σίαν
1090 2631 1207 2667 φερέτω,
1232 2631 1276 2658 ἴνα
1295 2631 1332 2667 μὴ
1359 2630 1403 2658 διὰ
1427 2631 1458 2658 τὸ
1485 2631 1584 2667 μικρὸν
1604 2631 1798 2667 αἰσχύνωνται,

1007 2678 1076 2706 ἀλλά
1089 2679 1150 2709 ταῖς
1165 2678 1226 2704 κατ’
1238 2677 1329 2712 ὀλίγον
1348 2678 1522 2712 συναγωγαῖς
1538 2677 1660 2712 αὐξήσας
1674 2676 1724 2712 τὴν
1741 2676 1799 2702 εἰσ-

1009 2725 1107 2761 φοράν,
1124 2725 1184 2752 τότε
1197 2724 1328 2751 δεικνύτω
1342 2723 1410 2760 ἐμοῦ
1423 2724 1657 2759 παραγενομένου.
1674 2723 1748 2753 Τέως
1771 2722 1800 2748 δὲ

1009 2771 1085 2807 παρὰ
1100 2770 1190 2806 σαυτῷ
1203 2770 1282 2803 τίθει,
1302 2771 1380 2806 φησὶ,
1394 2770 1441 2797 καὶ
1460 2769 1573 2803 ποίησόν
1589 2777 1636 2795 σου
1648 2769 1698 2804 τὴν
1712 2767 1800 2794 οἰκίαν

1010 2817 1170 2852 ἐκκλησίαν,
1184 2817 1215 2843 τὸ
1228 2815 1356 2843 κιϐώτιον
1370 2815 1572 2850 γαζοφυλάκιον
1589 2823 1597 2829 ·
1618 2813 1696 2847 γενοῦ
1713 2812 1800 2846 φύλαξ

1010 2863 1158 2899 χρημάτων
1174 2863 1263 2898 ἱερῶν,
1289 2862 1544 2898 αὐτοχειροτόνητος
1559 2858 1696 2892 οίκονόμος
1714 2858 1800 2892 πενή-

1009 2918 1074 2937 των.
1097 2909 1128 2936 'H
1150 2908 1338 2942 φιλανθρωπία
1366 2906 1466 2941 ταύτην
1484 2915 1524 2932 σοι
1545 2905 1635 2931 δίδωσι
1649 2903 1698 2938 τὴν
1719 2903 1799 2938 ἱερω-
