2021 3117
201 81 255 110 369

196 138 290 175 σύνην.
306 140 407 168 Τούτου
424 143 560 179 σύμεολόν
583 147 643 174 ἐστι
666 149 712 176 καὶ
731 149 762 176 τὸ
786 151 984 187 γαζοφυλάκιον

193 185 252 213 νῦν.
277 186 356 213 Ἀλλὰ
371 187 401 214 τὸ
423 188 472 223 μὲν
488 190 622 225 σύμϐολον
638 193 725 227 μένει,
747 195 777 221 τὸ
792 195 819 222 δὲ
834 185 914 231 ἔργον
935 199 980 225 οὑ-

192 231 290 268 δαμοῦ.
305 233 359 259 Καὶ
372 232 429 261 οἴδα
451 235 501 270 μὲν
523 237 564 263 ὅτι
586 238 678 265 πολλοὶ
694 239 749 266 τῶν
764 242 980 278 συνεδρευόντων

193 279 273 305 πάλιν
290 280 355 314 ἡμῖν
372 281 574 314 ἐγκαλὲσουσιν,
592 283 656 310 ὅταν
673 285 743 321 ὑπὲρ
765 287 870 314 τούτων
891 289 979 316 διαλε-

192 323 305 359 γώμεθα
319 325 445 360 λέγοντες
457 335 465 343 ο
480 328 526 362 Μὴ
537 347 544 359 ,
564 330 727 364 παρακαλῶ,
743 332 780 368 μὴ
796 333 872 366 γίνου
887 343 979 369 φορτι-

193 369 239 401 κδς
256 371 301 397 καὶ
314 372 435 408 ἐπαχθὴς
448 374 505 405 τοῖς
520 374 664 402 ἀκούουσιν
676 385 683 391 ·
699 377 847 414 ἐπίτρεψον
862 382 893 416 τῇ
911 389 979 416 προ-

190 415 304 450 αιρέσει,
320 416 362 447 δὸς
379 418 411 453 τῇ
432 418 527 454 γνώμῃ
550 419 604 447 τῶν
626 421 779 449 ἀκουόντων
792 432 798 439 ·
817 424 855 456 ῶς
877 425 923 452 νῦν
934 415 975 460 γγε

190 462 379 497 καταισχύνεις
399 464 473 499 ἡμᾶς
484 486 492 498 ,
513 465 643 503 ἐρυθριᾷν
659 471 764 501 ποιεῖς·
784 471 842 497 ἀλλ’
866 472 916 499 οὐκ
930 473 977 499 ἀν-

188 504 285 540 έχομαι
295 507 397 534 τούτων
405 508 458 535 τῶν
473 510 570 544 λόγων,
587 512 653 539 Οὐδὲ
665 513 719 549 γὰρ
730 514 833 547 Παῦλος
844 517 977 552 ᾐσχύνετο

189 552 259 587 ὑπὲρ
274 553 402 582 τοιούτων
416 556 536 591 συνεχῶς
551 558 677 594 ἐνοχλῶν,
693 560 741 587 καὶ
756 563 976 595 προσαιτούντων

187 598 374 634 φθεγγόμενος
389 601 512 637 ῥήματα.
536 603 568 630 Εἰ
585 605 635 640 μέν
647 605 702 641 γὰρ
716 606 794 633 τοῦτο
812 607 918 642 ἔλεγον,
934 610 974 636 ὅτι

192 643 269 678 Ἐμοὶ
287 644 329 676 δὸς
345 647 393 673 καὶ
406 648 447 679 εἰς
465 648 514 684 τὴν
530 649 600 685 ἐμὴν
616 651 734 683 κατάθες
744 653 844 687 οἰκίαν,
864 654 928 686 ἴσως
942 654 974 681 ἆν

185 691 317 727 αἰσχύνης
329 690 363 729 ἦν
377 694 407 721 τὸ
424 695 571 731 λεγόμενον
581 705 588 713 ο
606 698 706 732 μᾶλλον
723 699 752 726 δέ
770 700 831 726 οὑδέ
847 700 908 727 τότε
921 709 928 716 ’
942 703 974 728 Ol

185 736 241 772 γὰρ
262 737 301 771 τῷ
321 741 535 776 θυσιαστηρίῳ,
557 743 634 778 φησὶ,
653 744 916 780 προσεδρεύοντες,
934 746 973 780 τῷ

185 783 390 819 θυσιαστηρίῳ
401 788 640 822 συμμερίζονται.
956 821 978 841 κ

219 838 253 874 βυ
269 840 342 876 Πλὴν
352 842 409 868 ἀλλ’
422 842 486 875 ἴσως
495 844 528 871 ἄν
541 853 582 877 τις
592 846 815 882 ἐπετίμησεν,ὡς
823 849 893 885 ὑπὲρ
908 838 972 876 ἐαυλ

184 881 230 908 τοῦ
247 884 399 920 ποιουμένῳ
414 886 459 913 τὸν
468 887 560 922 λόγον·
578 889 626 916 νῦν
640 881 756 928 δὲνὺπὲρ
770 893 823 919 τῶν
837 881 972 929 δεομένων

183 927 232 962 τὴν
250 928 388 965 ἰκετηρῖαν
400 931 504 967 τίθημι,
522 935 623 968 μᾶλλον
636 936 663 963 δὲ
676 938 725 973 οὐχ
741 927 811 974 ὅπερ
823 927 971 976 τῶν-δεομέ

183 983 246 1008 νων,
260 975 317 1002 ἀλλ’
337 977 407 1013 ὑπὲρ
418 978 496 1014 ὑμῶν
509 980 563 1007 τῶν
580 983 754 1018 παρεχόντων
763 992 770 1000 ·
785 985 825 1011 διδ
835 986 883 1012 καὶ
897 988 969 1022 παρ-

183 1021 357 1057 ῥησιάζομαι,
372 1024 509 1061 Ποία-γὰρ
520 1027 634 1064 αἰσχύνη
650 1029 748 1064 εἰπεῖν,
762 1031 811 1062 Δὸς
825 1031 864 1066 τῷ
876 1021 970 1068 Κυρίῳ

182 1067 320 1101 πεινῶντι,
336 1069 446 1097 ἐνδυσον
462 1072 542 1100 αὑτὸν
553 1074 657 1109 γυμνὸν
671 1077 821 1112 περιιόντα,
842 1067 969 1112 ὑπόδεξαι

182 1111 256 1144 ξένον
267 1113 348 1147 Mm;
373 1115 402 1142 Ὀ
415 1117 554 1153 Δεσπότης
568 1128 614 1146 σου
629 1122 678 1148 οὐκ
694 1122 850 1158 αἰσχύνεται
864 1125 911 1150 ἐπὶ
921 1111 969 1160 τῆς

180 1158 343 1196 οἰκουμένης
358 1160 444 1188 ταῦτα
454 1162 541 1198 λέγων
551 1171 557 1178 “
579 1165 752 1200 Ἐπείνασα,
768 1168 816 1194 καί
828 1170 883 1196 οὺκ
897 1158 969 1196 ἐδώ-

179 1205 252 1232 κατέ
263 1215 314 1240 μοι
335 1207 456 1242 φαγεῖν·
479 1210 494 1235 ό
511 1210 636 1246 ἀνενδεὴς
652 1212 698 1239 καὶ
714 1213 829 1248 μηδενὸς
842 1215 966 1250 χρῄζων·

179 1251 227 1277 καὶ
250 1251 305 1286 ἐγὼ
327 1253 508 1290 αἰσχυνοῦμαι
529 1257 576 1284 καὶ
591 1257 717 1293 όκνήσω;
737 1260 860 1294 ’Λπαγε-
877 1261 968 1288 διαϐο-

178 1294 257 1331 λικῆς
271 1297 417 1333 ἐπιϐουλῆς
433 1299 503 1335 αὕτη
523 1301 539 1336 ἡ
552 1302 678 1337 αἰσχύνη.
696 1303 733 1329 Οὐ
749 1304 839 1330 τοίνυν
855 1305 965 1340 αἰσχυν-

177 1341 306 1376 θήσομαι,
323 1342 390 1370 ἀλλὰ
412 1345 459 1371 καὶ
481 1346 551 1380 μετὰ
572 1347 729 1382 παρρησίας
749 1349 813 1384 ἐρῶ·
833 1350 898 1376 Δότε
911 1352 967 1382 τοῖς

176 1387 322 1422 δεομένοις,
340 1389 385 1416 καὶ
401 1390 469 1425 μετὰ
487 1392 620 1425 πλείονος,
635 1394 651 1429 ἢ
674 1395 699 1420 οἱ
714 1395 845 1428 δεόμενοι,
861 1397 964 1432 φωνῆς.

176 1432 208 1458 Εἰ
222 1433 271 1467 μὲν
283 1433 338 1469 γὰρ
348 1434 404 1468 ἔχει
422 1444 465 1467 τις
478 1435 562 1469 δεῖξαι
578 1439 625 1465 καὶ
639 1439 758 1473 ἐλέγξαι,
769 1441 811 1467 ὃτι
824 1442 908 1469 ταῦτα
923 1443 966 1470 λέ-

175 1486 279 1511 γοντες,
296 1480 363 1514 πρὸς
375 1481 488 1513 ἑαυτοὺς
498 1482 570 1518 ὑμᾶς
582 1483 710 1520 ἕλκομεν,
727 1487 774 1512 καὶ
790 1489 965 1524 προσχήματι

174 1523 228 1550 τῶν
245 1526 368 1560 πενήτων
384 1527 461 1554 αὐτοὶ
482 1529 671 1565 κερδαίνομεν,
687 1531 738 1558 οὐκ
754 1533 885 1570 αἰσχύνης
901 1535 966 1568 ἄξια

174 1570 260 1597 ταῦτα
276 1571 365 1606 μόνον,
387 1572 455 1599 ἀλλὰ
474 1575 519 1600 καὶ
548 1575 653 1611 μυρίων
673 1579 826 1613 κεραυνῶν,
841 1582 888 1607 καὶ
904 1582 964 1609 οὑδέ

174 1615 223 1652 ζῇν
247 1617 320 1650 ἄξιον
337 1618 399 1650 τοὺς
413 1619 447 1645 τὰ
462 1619 575 1646 τοιαῦτα
592 1621 755 1656 ποιοῦντας”
773 1625 797 1651 εξ
815 1625 843 1652 δέ
865 1628 898 1661 τῇ
915 1627 962 1653 τοῦ

173 1661 241 1688 Θεοῦ
268 1663 358 1698 χάριτι
381 1664 456 1692 οὐδὲν
480 1665 551 1702 ὑπὲρ
577 1667 682 1694 ἑαυτῶν
706 1670 879 1705 ἐνοχλοῦμεν,
904 1673 963 1700 ἀλλ’

172 1707 309 1735 ἀδάπανον
324 1709 387 1744 ὑμῖν
409 1710 438 1736 τὸ
455 1711 621 1746 Εὑαγγέλιον
643 1714 794 1751 ἐθήκαμεν,
816 1719 963 1753 πονοῦντες

174 1752 224 1787 μὲν
240 1753 364 1788 οὐδαμῶς
377 1754 502 1791 καθάπερ
519 1756 595 1794 [402]
610 1757 725 1791 Παῦλος,
739 1761 796 1791 τοῖς
812 1760 840 1787 δὲ
850 1752 962 1795 οἰκείοις

172 1799 347 1833 ἀρκούμενοι,
368 1801 437 1834 μετὰ
455 1803 611 1837 παρρησίας
635 1805 726 1840 πάσης
740 1806 808 1841 ἐρᾶν
824 1808 889 1834 Δότε
905 1811 961 1841 τοῖς

172 1844 319 1880 δεομένοις,
342 1846 389 1872 καὶ
407 1847 437 1873 οὐ
464 1848 600 1884 παύσομαι
624 1851 703 1878 τοῦτο
725 1852 823 1887 λέγων,
855 1856 902 1882 καὶ
922 1856 959 1892 μὴ

172 1890 297 1917 διδόντων
319 1891 414 1927 ἔσομαι
437 1894 555 1928 χαλεπὸς
581 1897 744 1933 κατήγορος.
776 1900 831 1926 Καὶ
855 1900 908 1936 γὰρ
923 1890 960 1928 γεί

155 1937 326 1971 ςστρατηγὸς
358 1937 431 1973 ήμην
456 1940 503 1966 καὶ
531 1941 700 1976 στρατιώτας
732 1941 816 1979 εἶχον,
847 1946 897 1973 οὐκ
925 1947 960 1974 ἂν

172 1981 308 2017 ᾐσχύνθην
326 1985 382 2015 τοῖς
405 1984 585 2019 στρατιώταις
609 1981 712 2023 τροφὰς
733 1990 827 2020 αίτῶν.
854 1993 959 2029 Σφόδρα

172 2026 226 2062 γὰρ
247 2028 301 2063 ἐρῶ
318 2028 368 2063 τῆς
389 2031 525 2066 σωτηρίας
538 2032 589 2067 τῆς
603 2033 749 2070 ὑμετέρας.
771 2037 841 2064 Ἀλλ’
855 2026 898 2065 ἵνα
911 2026 958 2066 καὶ

171 2071 364 2108 ὲνεργέστερος
380 2076 394 2100 ό
411 2074 488 2109 λόγος
502 2076 615 2112 γένηται
630 2079 678 2106 καὶ
700 2080 864 2118 δραστήριος
888 2084 957 2119 μᾶλ-

170 2115 226 2148 λον,
251 2117 357 2144 Παῦλον
382 2119 560 2155 παραστάτην
585 2121 685 2155 λαϐὼν,
701 2125 760 2158 μετ’
774 2115 878 2153 ἐκείνου
888 2115 956 2156 *δια-

170 2161 280 2197 λέξομαι
292 2162 391 2197 λέγων·
404 2163 554 2198 ’Ἕκαστος
565 2167 648 2200 ὑμῶν
660 2170 727 2203 παρ’
736 2170 830 2205 ἐαυτῷ
845 2174 955 2207 τιθέτω,

169 2208 355 2250 θησαυρίζων
377 2209 394 2235 ὅ
411 2218 438 2236 τι
452 2209 490 2236 ἂν
511 2212 664 2240 εὐοδῶται.
686 2215 785 2242 Σκόπει
804 2218 858 2254 γὰρ
873 2221 955 2248 αὐτοῦ

170 2247 316 2280 κάντεῦθεν
338 2254 368 2280 τὸ
392 2255 561 2290 ἀνεπαχθές·
577 2258 626 2284 οὐκ
647 2256 720 2291 εἷπε,
745 2247 856 2290 Τοσόνδε
881 2247 956 2300 ἥτοζ

170 2296 254 2327 σόνδε,
272 2297 329 2324 ἀλλ’
346 2299 380 2325 '0
395 2308 421 2326 τι
444 2299 482 2326 ἂν
499 2300 650 2330 εὐοδῶται.
666 2303 720 2331 εἴτε
740 2306 816 2339 πολὺ,
833 2296 956 2336 εἴτεὸλί-

168 2351 231 2376 γον·
244 2343 291 2369 καὶ
305 2344 354 2370 οὐκ
367 2342 453 2378 εἶπεν,
471 2345 502 2372 ’Ὁ
515 2355 541 2373 τι
554 2347 587 2374 ἄν
599 2357 640 2380 τις
654 2350 782 2387 κερὸάνῃ,
796 2353 864 2387 ἀλλ’,
880 2355 915 2381 ’Ὁ
928 2365 955 2382 τι

166 2388 206 2415 ἂν
223 2389 366 2424 εὐοδωθῇ,
384 2391 490 2424 δεικνὺς
502 2393 543 2419 ὅτι
558 2394 633 2430 παρὰ
644 2396 691 2422 τοῦ
712 2397 780 2424 Θεοῦ
796 2400 812 2434 ἡ
825 2402 952 2436 χορηγία.

167 2433 205 2461 οὺ
219 2435 304 2470 ταύτῃ
319 2435 346 2462 δι
356 2437 446 2471 μόνον,
459 2437 527 2465 ἀλλὰ
538 2440 585 2466 καὶ
600 2440 639 2476 τῷ
656 2441 693 2477 μὴ
706 2442 746 2470 ἑνὶ
755 2433 843 2481 χρόνω
853 2433 954 2475 τιὸ-πᾶν

166 2478 293 2506 κελεῦσαι
305 2481 480 2514 καταϐαλεῖν,
502 2483 596 2518 ῥᾳδίαν
611 2487 683 2512 ποιεῖ
702 2487 752 2523 τὴν
763 2490 918 2526 συμϐουλήν
928 2499 951 2513 α·

164 2523 204 2559 τῷ
224 2524 278 2560 γὰρ
305 2525 375 2553 κατὰ
403 2527 500 2562 μικρὸν
525 2528 702 2564 συλλέγεσθαι
723 2523 920 2570 ἀνεπαίσθητος
935 2538 952 2572 ή

165 2569 320 2605 λειτουργία
341 2571 417 2606 καὶὴ
435 2572 551 2608 δαπάνη.
568 2574 617 2600 Διά
629 2574 661 2610 δὴ
677 2576 756 2603 τοῦτο
769 2578 829 2605 οὐδέ
851 2569 951 2614 εὐθέως

165 2614 270 2642 κελεύει
288 2616 327 2648 εἰς
345 2617 428 2651 μέσον
447 2618 573 2653 ἀγαγεῖν,
592 2621 659 2647 ἀλλὰ
678 2622 778 2657 πολλὴν
793 2624 883 2652 δίδωσι
902 2626 951 2662 τὴν

165 2660 346 2696 προθεσμίαν,
363 2662 410 2689 καὶ
428 2664 479 2698 τὴν
499 2665 589 2692 αἰτίαν
602 2666 687 2698 τιθείς
702 2676 796 2703 φησιν*
815 2671 880 2698 "Ira
895 2660 948 2706 μῆ,

163 2702 236 2730 ὅταν
250 2704 337 2737 ἔλθω,
352 2706 417 2733 τότε
434 2708 533 2742 λογίαι
552 2710 702 2744 γίνωνται.
719 2713 874 2748 Τουτέστιν,
892 2702 950 2745 ⁵1νᾷ

164 2748 202 2783 μὴ
226 2750 305 2785 ἐντῷ
326 2753 414 2788 καιρῷ
427 2754 476 2788 τῆς
506 2756 644 2792 εἰσφορᾶς,
671 2758 729 2784 τότε
758 2760 948 2798 ἀναγκάζησθε

164 2795 310 2830 συλλέγειν.
327 2799 381 2824 Καὶ
395 2799 472 2826 τοῦτο
486 2801 514 2827 δὲ
529 2802 577 2837 οὐχ
595 2803 632 2834 ὡς
649 2803 742 2840 ἔτυχεν
755 2807 850 2839 αὐτοὺς
868 2810 948 2837 πάλιν

165 2841 328 2878 προέτρεψεν
340 2845 370 2879 ’ἡ
385 2845 438 2881 γὰρ
451 2848 597 2883 προσδοκία
608 2850 712 2878 Παύλου
730 2853 947 2891 προθυμοτέρους

554 87 583 116 S.
604 88 746 118 JOANNIS
764 92 1004 124 CHRYSOSTOMI
1024 99 1186 130 ARCIIIEP.
1207 101 1483 137 CONSTANTINOP.

1776 113 1829 140 5711

1037 159 1135 193 αὐτοὺς
1158 163 1254 192 ἐποίει.
1282 166 1376 193 Ὅταν
1397 165 1434 193 δὲ
1454 167 1542 199 ἔλθω,
1561 167 1615 201 οὓς
1631 167 1685 195 ἐὰν
1706 169 1828 205 δοκιμά-

1035 212 1119 239 σητε,
1140 208 1177 234 δι’
1196 209 1368 238 ἐπιστολῶν
1388 212 1515 245 τούτους
1530 212 1638 248 πέμψω
1650 214 1828 249 ἀπενεγκεῖν

1035 250 1093 284 τὴν
1109 252 1196 286 χάριν
1214 255 1299 289 ὑμῶν
1322 258 1366 290 εἰς
1384 257 1595 293 Ἰερουσαλήμ.
1612 260 1670 286 Οὐκ
1684 257 1771 293 εἶπεν,
1796 262 1828 289 Ὀ

1033 294 1106 321 δεῖνα
1122 297 1168 323 καὶ
1180 299 1194 324 ὁ
1204 299 1288 332 δεῖνα,
1303 300 1372 334 ἀλλ’,
1387 302 1446 335 Οὓς
1461 302 1516 329 ἐὰν
1530 303 1616 338 ὑμεῖς
1629 304 1825 340 δοκιμάσητε,

1033 338 1079 371 οὓς
1101 340 1149 367 ἐὰν
1165 342 1273 377 ἕλησθε,
1296 344 1367 371 ὥστε
1393 345 1680 382 ἀνύποπτονιποιῆσαι
1695 338 1747 383 τὴν
1768 348 1824 374 λει-

1031 385 1174 420 τουργίαν.
1202 388 1248 414 Διὸ
1271 389 1361 415 αὐτῶν
1386 392 1503 417 ποιεῖται
1530 391 1578 426 τὴν
1592 391 1682 426 ψῆφον
1700 394 1750 427 τῆς
1769 393 1825 419 τῶν

1030 429 1255 466 ἀποκομιζόντων
1278 435 1422 470 αἱρέσεως.
1445 436 1482 463 Οὐ
1499 437 1663 473 γὰρ-δήπου
1674 439 1769 472 φησιν’
1791 439 1823 465 Ή

1032 473 1082 508 μὲν
1104 476 1218 512 εἰσφορὰ
1241 479 1328 515 ὑμῶν,
1357 481 1374 515 ή
1397 481 1549 513 δέἐξουσία
1569 482 1620 517 τῆς
1636 483 1753 518 ἐκλογῆς
1767 483 1823 510 τῶν

1030 519 1262 556 ἀποκομιζόντων,
1277 524 1326 560 οὐχ
1346 525 1434 561 ὑμῶν.
1452 524 1520 553 Εῐτα
1534 527 1578 554 ἵνα
1594 527 1631 562 μὴ
1647 528 1737 559 αὐτοῖς
1753 529 1822 554 ἁπο-

1028 565 1213 601 λιμπάνεσθαι
1228 569 1302 606 δόξῃ,
1315 571 1349 599 τὰ
1364 572 1520 608 γράμματα
1534 573 1707 609 προστίθησι,
1722 574 1820 608 λέγων’

1029 611 1089 644 οὒς
1104 613 1157 640 ἐὰν
1173 614 1367 650 δοκιμάσητε,
1390 617 1426 644 δι’
1445 618 1617 646 ἐπιστολῶν
1632 619 1748 654 πέμψω.
1775 620 1820 652 Ὧς

1028 656 1060 683 ἂν
1070 658 1094 685 εἰ
1117 657 1220 693 ἔλεγεν,
1246 661 1286 688 ὅτι
1306 663 1393 697 Κάγὼ
1406 665 1553 699 συνέσομαι
1574 665 1677 696 αὐτοῖς,
1694 665 1740 691 καὶ
1760 673 1819 692 κοι-

1027 703 1140 738 νωνήσω
1156 704 1206 739 τῆς
1229 705 1400 742 λειτουργίας
1421 708 1466 735 διὰ
1479 709 1533 735 τῶν
1560 710 1742 745 γραμμάτων.
1763 710 1820 737 Καὶ

1026 748 1077 775 οὐκ
1096 747 1167 781 εἷπε,
1185 751 1307 785 Τούτους.
1324 754 1425 790 πέμψω
1442 756 1604 790 ἀπενεγκεῖν
1626 757 1673 791 τὴν
1701 757 1818 792 ἐλεημο-

1027 792 1109 828 σύνην
1121 795 1206 829 ὑμῶν,
1218 797 1296 829 ἀλλὰ,
1306 798 1365 832 Τὴν
1374 799 1463 833 χάριν
1471 800 1564 835 ὑμῶν,
1575 802 1617 827 ἵνα
1627 801 1818 838 δείξῃλμεγάλα

1025 841 1237 878 ἐργαζομένους,
1253 846 1296 874 ἵνα
1319 847 1394 884 δείξῃ
1414 849 1512 881 αὐτοὺς
1534 849 1734 884 κερδαίνοντας.
1755 850 1815 876 Ἀλ-

1024 887 1107 924 λαχοῦ
1122 889 1150 916 δὲ
1162 892 1218 918 ,καὶ
1240 892 1365 927 εὐλογίαν
1389 895 1435 921 καὶ
1451 896 1592 922 κοινωνίαν
1606 896 1693 922 καλεῖ·
1705 896 1736 922 τὸ
1754 895 1815 930 μὲν,

1026 933 1070 960 ἵνα
1086 934 1123 970 μὴ
1139 936 1342 974 ρᾳθυμοτέρους
1362 941 1472 977 ποιήσῃ,
1487 941 1518 968 τὸ
1540 941 1579 974 δὲ,
1597 942 1640 967 ἵνα
1656 941 1693 976 μὴ
1706 941 1797 977 ἐπάρῃ
1807 949 1813 956 '

1024 980 1142 1016 οὐδαμοῦ
1159 982 1249 1017 μέντοι
1270 993 1302 1017 γε
1322 985 1507 1021 ἐλεημοσύνην
1527 986 1680 1021 ὠνόμασεν.
1698 986 1769 1013 Ἐὰν
1780 986 1819 1012 δὲ

1023 1023 1045 1061 ᾖ
1061 1025 1148 1058 ἀξιον
1162 1028 1215 1056 τοῦ
1233 1030 1310 1064 κάμὲ
1328 1033 1519 1065 πορεύεσθαι,
1537 1033 1599 1059 σὺν
1619 1032 1685 1067 ἐμοὶ
1707 1033 1815 1066 πορεύ-

1023 1080 1139 1100 σονται.
1170 1075 1304 1102 Ἐνταῦθα
1318 1077 1400 1104 πάλιν
1413 1078 1453 1109 εἰς
1467 1078 1608 1113 δαψίλειαν
1630 1079 1729 1109 αὐτοὺς
1744 1086 1814 1113 προ-

1021 1118 1127 1152 τρέπει.
1148 1119 1210 1146 Ἐὰν
1221 1121 1275 1156 γὰρ
1288 1121 1414 1149 τοσοῦτον
1424 1121 1454 1157 ᾖ,
1466 1123 1558 1158 φησὶν,
1569 1123 1607 1154 ὼς
1617 1123 1665 1149 καὶ¹
1678 1123 1728 1158 τῆς
1742 1124 1814 1158 ἐμῆς

1022 1163 1123 1190 δεῖσθαι
1142 1166 1302 1200 παρουσίας,
1318 1167 1378 1194 οὐδὲ
1400 1167 1479 1194 τοῦτο
1501 1169 1717 1204 παραιτήσομαι.
1741 1168 1812 1195 Ἀλλ’

1022 1208 1123 1240 εὐθέως
1152 1211 1203 1244 μὲν
1223 1211 1302 1238 τοῦτο
1333 1213 1382 1239 οὐκ
1408 1214 1605 1249 ἐπηγγείλατο,
1633 1215 1695 1241 οὐδὲ
1722 1213 1810 1246 εἶπεν,

1028 1252 1152 1281 Ἐπειδὰν
1171 1257 1381 1292 παραγένωμαι,
1401 1258 1456 1292 ἐγὼ
1474 1259 1650 1294 ἀποκομίζω¹
1677 1260 1737 1286 ούδέ
1755 1260 1811 1295 γὰρ

1020 1297 1053 1324 ἂν
1072 1299 1158 1332 οὕτως
1172 1301 1237 1327 αὐτὸ
1252 1302 1383 1338 ηὔξησεν,
1397 1304 1421 1329 εἰ
1441 1303 1471 1336 ἐξ
1484 1304 1571 1340 ἀρχῆς
1587 1304 1653 1331 αὐτὸ
1670 1305 1790 1331 τέθεικεν
1800 1313 1808 1326 ε

1021 1343 1132 1379 ὕστερον
1145 1346 1237 1380 μέντοι
1248 1348 1338 1380 καλῶς
1350 1349 1398 1375 καὶ
1408 1349 1544 1385 εὐκαίρως
1557 1350 1623 1377 αὐτὸ
1635 1351 1809 1386 προστίθησι.

1019 1390 1068 1416 Διὰ
1083 1390 1115 1425 δὴ
1129 1391 1206 1418 τοῦτο
1220 1393 1270 1420 οὐκ
1287 1393 1389 1426 εὐθέως
1410 1394 1484 1431 [405]
1505 1395 1649 1431 ὑπέσχετο,
1665 1396 1727 1422 οὔτε
1743 1397 1810 1423 καθα

1019 1435 1092 1468 άπαξ
1115 1437 1181 1464 αὐτὸ
1205 1439 1410 1475 ἀπεσιώπησεν,
1435 1441 1494 1468 ἀλλ’
1519 1441 1615 1474 εἰπὼν,
1631 1442 1672 1469 ὅτι
1686 1441 1808 1477 Πέμψω,

1018 1481 1080 1507 τότε
1105 1483 1152 1509 καὶ
1174 1484 1271 1511 ἐαυτὸν
1284 1486 1458 1522 προστίθησι.
1474 1487 1531 1514 Καὶ
1551 1487 1670 1514 ἐνταῦθα
1687 1489 1716 1514 δὲ
1728 1488 1809 1515 πάλιν

1018 1524 1129 1559 κυρίους
1159 1527 1256 1560 αὐτοὺς
1282 1529 1410 1564 ἐποίησεν
1438 1531 1468 1557 ἐν
1493 1531 1532 1567 τῷ
1566 1532 1664 1559 εἰπεῖν·
1693 1533 1765 1560 Ἐὰν

1018 1569 1104 1602 ἄξιον
1114 1571 1167 1598 τοῦ
1184 1573 1260 1608 κάμὲ
1277 1576 1460 1608 πορεύεσθαι
1470 1583 1477 1592 '
1494 1577 1575 1604 τοῦτο
1593 1578 1620 1604 δὲ
1634 1578 1678 1605 ἐπ’
1693 1578 1809 1610 ἐκείνοις

1017 1615 1115 1648 ἔκειτο,
1129 1617 1158 1644 τὸ
1173 1618 1238 1644 πολὺ
1253 1619 1366 1654 ποιῆσαι
1380 1621 1410 1648 τὸ
1427 1622 1696 1657 συλλεγόμενοννκαὶ
1712 1624 1808 1652 τοσοῦ-

1016 1670 1071 1694 τον,
1095 1663 1133 1695 ὡς
1159 1664 1320 1700 δυσωπῆσαι
1342 1667 1388 1693 καὶ
1410 1667 1492 1695 αὑτὸν
1522 1669 1680 1704 ἀναστῆναι.
1705 1670 1808 1697 Ἐλεύ-

1015 1715 1105 1743 σομαι
1128 1709 1163 1735 δὲ
1190 1710 1266 1744 πρὸς
1292 1711 1380 1745 ὑμᾶς,
1406 1713 1500 1748 φησὶν,
1523 1714 1597 1741 ὅταν
1618 1715 1807 1743 Μακεδονίαν

1015 1753 1131 1782 διέλθω.
1157 1753 1225 1782 Εῐπε
1252 1757 1299 1783 καὶ
1317 1758 1447 1794 ἀνωτέρω
1474 1759 1565 1791 τοῦτο,
1586 1761 1655 1788 ἀλλὰ
1670 1763 1731 1789 τότε
1755 1762 1815 1798 μὲν·

1017 1799 1086 1835 μετὰ
1112 1801 1214 1836 θυμοῦ⁶
1241 1803 1396 1838 προσέθηκε
1414 1805 1489 1838 γοῦν·
1510 1806 1565 1833 Καὶ
1591 1807 1743 1842 γνώσομαι
1768 1809 1805 1835 οὐ

1014 1845 1068 1872 τὸν
1084 1847 1179 1882 λόγον
1201 1847 1261 1874 τῶν
1275 1851 1522 1885 πεφυσιωμένων,
1537 1853 1618 1880 ἀλλὰ
1640 1853 1698 1887 τὴν
1713 1853 1805 1880 δύνα-

1011 1900 1065 1926 μιν
1075 1899 1081 1906 ·
1099 1892 1216 1919 ἐνταῦθα
1233 1893 1261 1920 δὲ
1277 1895 1506 1931 προσηνέστερον,
1522 1897 1566 1924 ἴνα
1582 1898 1630 1924 καὶ
1648 1899 1803 1934 ποθήσωσιν

1014 1938 1096 1964 αὑτοῦ
1114 1938 1162 1974 τὴν
1178 1941 1341 1976 παρουσίαν.
1363 1940 1440 1975 Εἶτα,
1461 1943 1506 1970 ἴνα
1526 1944 1564 1979 μὴ
1582 1943 1692 1979 λέγωσι·
1707 1945 1740 1971 Τί
1756 1944 1803 1972 οὖν

1013 1983 1172 2015 Μακεδόνας
1193 1985 1272 2019 ήμῶν
1305 1987 1458 2021 προτιμᾷςς
1483 1987 1533 2013 οὐκ
1559 1986 1645 2020 εἶπεν,
1677 1988 1802 2015 Ἐπειδὰν

1013 2027 1133 2061 ἀπέλθω,
1151 2029 1220 2062 ἀλλ’,
1242 2030 1380 2058 Ἐπειδὰν
1395 2032 1501 2059 διέλθω
1523 2034 1720 2061 Μακεδονίαν.
1739 2036 1801 2061 Μα-

1012 2073 1152 2101 κεδονίαν
1170 2076 1224 2110 γὰρ
1237 2075 1439 2112 διελεύσομαι.
1453 2079 1532 2113 Πρὸς
1554 2078 1630 2113 ὑμᾶς
1653 2079 1687 2106 δὲ
1707 2081 1802 2114 τυχὸν

1011 2122 1182 2155 Παραμενῶ,
1209 2122 1228 2156 ἢ
1248 2123 1297 2149 καὶ
1322 2124 1545 2160 παραχειμάσω.
1572 2125 1638 2151 Οὐδὲ
1665 2126 1720 2160 γὰρ
1739 2125 1800 2152 ὁδοῦ

1012 2165 1142 2202 βούλομαι
1155 2168 1321 2203 ποιήσασθαι
1337 2169 1475 2205 πάρεργον
1495 2171 1577 2206 ὑμᾶς,
1595 2171 1651 2197 ἀλλ’
1666 2172 1802 2206 ἐνδιατρί-

1010 2212 1060 2246 ψαι
1081 2213 1128 2239 καὶ
1142 2215 1322 2249 παραμεῖναι,
1340 2215 1404 2241 Ὅτε
1416 2216 1470 2251 γὰρ
1483 2216 1568 2242 ταῦτα
1583 2217 1755 2250 ἐπέστελλεν,
1771 2219 1801 2244 ἐν

1017 2258 1121 2294 Ἐφέσῳ
1138 2258 1181 2294 ἦν,
1198 2261 1330 2295 χειμῶνος
1347 2261 1432 2293 ὄντος.
1455 2262 1536 2296 Λέγει
1547 2263 1646 2296 τοίνυν,
1663 2264 1704 2289 ὅτι
1723 2264 1800 2297 Ἕως

1009 2305 1220 2340 Πεντηκοστῆς
1241 2307 1275 2333 ἐν
1294 2307 1410 2341 Ἐφέσῳ
1426 2308 1569 2342 ἐπιμενὼ·
1588 2309 1657 2344 μετὰ
1669 2309 1697 2336 δέ
1713 2310 1799 2336 ταῦτα

1009 2351 1194 2387 ἀπελεύσομαι
1219 2353 1259 2384 εἰς
1279 2353 1460 2385 Μακεδονίαν,
1486 2354 1534 2380 καὶ
1564 2355 1677 2382 διελθὼν
1702 2357 1797 2391 αὐτὴν,

1007 2397 1066 2432 ἥξω
1093 2397 1160 2433 πρὸς
1183 2399 1255 2433 ὑμᾶς
1282 2399 1329 2425 τοῦ
1355 2399 1470 2434 θέρους·
1499 2400 1629 2433 πολλάκις
1645 2402 1733 2429 δὲκαὶ
1752 2403 1798 2430 τὺν

1007 2443 1129 2478 χειμῶνα
1142 2443 1210 2479 πρὸς
1224 2445 1295 2479 ὑμᾶς
1309 2446 1423 2480 ποιήσω.

1042 2487 1076 2522 γ’.
1093 2489 1171 2520 Τίνος
1187 2490 1216 2516 δὲ
1233 2490 1324 2516 ἕνεκεν
1343 2488 1414 2523 εἶπε,
1442 2493 1548 2527 Τυχόν,
1563 2494 1610 2520 καὶ
1625 2494 1676 2520 οὐκ
1689 2495 1796 2530 ἀπεφή-

1006 2541 1087 2564 νατος
1103 2534 1164 2560 ’Ότι
1180 2535 1209 2560 οὺ
1228 2535 1317 2562 πάντα
1330 2537 1441 2572 προῄδει
1453 2538 1569 2570 Παῦλος,
1581 2539 1627 2565 καὶ
1643 2540 1795 2575 συμφερόν-

1005 2587 1068 2611 τως,
1080 2579 1130 2606 Διὰ
1141 2580 1220 2606 τοῦτο
1229 2581 1289 2608 οὐδὲ
1302 2582 1395 2614 ἁπλῶς
1408 2584 1602 2618 ἀποφαίνεται,
1618 2586 1672 2618 ἵνα,
1687 2587 1739 2612 κᾶν
1757 2587 1794 2622 μὴ

1005 2625 1128 2661 γένηται,
1139 2626 1189 2661 ἔχῃ
1205 2628 1380 2663 καταφυγὴν,
1395 2629 1454 2656 τότε
1469 2629 1627 2666 ἀδιορίστως
1640 2633 1792 2667 προειπεῖν,

1004 2672 1051 2697 καὶ
1079 2671 1128 2707 τὴν
1151 2672 1198 2698 τοῦ
1225 2673 1381 2708 Πνεύματος
1409 2675 1533 2707 ἐξουσίαν
1555 2676 1674 2709 ἄγουσαν
1702 2677 1791 2710 αὑτὸν,

1003 2716 1126 2751 ὅπουπερ
1146 2717 1280 2749 ἐϐούλετο,
1296 2719 1346 2745 οὐκ
1369 2719 1432 2746 ἔνθα
1453 2721 1534 2753 αὐτὸς
1556 2722 1703 2756 ἐπεθύμει·
1718 2723 1732 2748 ὃ
1746 2723 1792 2749 καὶ

1002 2763 1031 2790 ἐν
1057 2764 1089 2798 τῇ
1115 2763 1230 2799 δευτέρᾳ
1251 2765 1358 2800 τίθησιν
1378 2767 1534 2803 Ἐπιστολῇ,
1555 2769 1604 2803 τῆς
1636 2769 1790 2804 μελλήσεως

1033 2834 1045 2847 ει
1057 2830 1305 2868 Saviliusjogf‘ndum
1324 2835 1464 2866 suspicatur
1473 2836 1516 2863 τήν
1536 2836 1666 2868 συμὸιλὴν,
1688 2840 1715 2862 οι
1732 2838 1786 2862 haee

1005 2864 1088 2894 utique
1099 2869 1156 2887 Vera
1167 2863 1240 2887 ιυριὶο
1253 2867 1298 2888 est.
