2021 3117
173 162 227 190 369

172 221 263 245 manet
275 216 383 252 quidem
395 215 561 252 symbolum,
579 221 626 242 res
645 219 733 242 autem
757 222 888 250 nusquam
912 218 963 241 est.

171 264 206 292 Et
219 263 277 291 scio
287 262 408 298 quidem,
421 260 491 296 quod
503 260 579 288 ntulti
593 269 626 288 ex
641 261 689 294 iis,
704 261 749 296 qui
762 269 813 288 tttta
826 261 963 292 assident,

171 317 221 336 nos
233 315 327 336 rursus
348 306 568 342 reprehendent,
594 314 655 333 cum
679 306 713 333 de
734 306 776 333 Itis
802 305 966 333 disseramus

169 354 294 382 dicentes
309 361 316 380 :
332 353 381 384 Ne,
403 360 480 388 rogo,
495 360 528 380 ne
541 352 579 380 sis
591 352 678 387 gravis
691 356 718 379 et
739 352 868 379 molestus
891 350 966 378 audi-

169 400 284 431 toribus,
300 399 348 426 sed
364 399 488 434 permitte
501 398 585 426 libero
601 397 715 425 arbitrio
728 403 755 425 et
766 396 897 424 voluntati
917 404 966 423 au-

168 446 306 477 ditorum;
330 452 392 472 tiam
419 452 490 472 nunc
512 444 621 479 quidem
646 451 695 471 nos
716 443 817 478 pudore
842 442 926 469 afticis
938 445 965 468 et

169 493 330 521 erubescere
344 491 419 526 cogis
433 500 439 518 :
457 491 504 518 sed
519 490 576 518 hrec
597 490 677 518 verba
693 498 746 518 non
763 490 856 517 feram.
872 488 964 524 Neque

166 540 241 567 enim
250 538 361 566 Paulum
370 538 483 573 pudebat
493 537 703 573 prohisassidue
710 543 770 564 esse
778 536 928 567 ntolestum,
938 539 965 562 ct

166 586 377 614 mendicantium
387 592 462 612 more
469 584 551 619 loqui.
559 583 625 611 Nant
634 584 655 610 si
662 583 713 610 ltoc
721 583 849 615 dicerem,
855 581 891 609 Da
898 580 962 608 mihi

167 636 194 658 et
205 631 343 665 deponein
358 630 425 657 meis
438 629 551 661 mdibus,
561 628 714 664 pudendttm
728 627 797 655 forte
809 632 881 654 esset
890 626 961 661 quod

165 678 303 709 dicerem;
319 676 373 703 imo
386 683 449 703 vero
464 682 498 702 ne
513 679 576 702 tunc
588 674 695 709 quidem
712 682 718 700 ε
732 681 793 700 nam
810 672 859 706 Qui
874 673 960 704 altari,

166 724 262 759 inquit,
273 723 396 754 assident,
407 722 496 749 altaris
507 726 564 749 sunt
580 721 717 756 participes
734 720 772 754 (Ι.
784 719 845 747 Cor.
860 719 886 747 9.
903 719 959 750 '15).

200 771 227 798 2.
242 771 374 799 Cancrum
395 769 509 796 fortasse
531 767 665 803 quispiam
680 774 723 794 me
737 765 958 801 reprehenderet,

164 824 195 846 nt
208 818 253 854 qui
267 825 316 852 pro
333 824 376 844 me
388 816 470 844 verba
485 815 600 842 facerem
616 823 623 841 :
648 820 719 841 nunc
737 817 826 840 autem
839 811 960 846 supplico

165 865 274 900 quidem
288 871 339 900 pro
352 862 493 899 egentibus
506 870 513 895 ;
529 862 584 889 imo
596 868 662 888 vero
675 867 728 887 non
745 867 794 894 pro
807 858 957 894 egentibus,

163 911 212 938 sed
231 918 280 946 pro
302 909 377 937 vobis
401 909 445 944 qui
468 908 614 943 praebetis:
637 912 664 935 et
681 906 742 934 ideo
754 906 849 941 loquor
863 905 957 933 libere.

164 956 230 990 Quis
251 961 293 983 est
312 956 383 983 enim
402 954 489 990 pudor
507 953 610 987 dicere,
627 953 663 980 Da
686 952 800 980 Domino
818 951 956 982 esurienti,

161 1003 246 1031 indue
258 1003 332 1031 illum
344 1001 444 1029 nttdum
460 1000 644 1032 oberrantem,
660 999 757 1034 excipe
771 997 958 1033 peregrinum?

163 1051 222 1078 Non
238 1049 370 1077 erubescit
388 1048 516 1076 Dominus
532 1051 594 1074 tuus
606 1047 664 1073 haec
678 1046 769 1074 dicere
784 1045 808 1071 in
821 1044 886 1072 orbe
901 1048 957 1071 tcr~

162 1104 265 1128 rarum,
292 1095 403 1126 Esurivt',
428 1099 451 1122 et
464 1103 514 1121 non
529 1094 634 1121 dedistis
646 1093 707 1120 mihi
721 1093 789 1125 quod
803 1091 957 1118 comederem

163 1141 269 1178 (Matth.
285 1140 331 1167 25.
351 1139 396 1175 42)
413 1148 420 1172 ;
442 1140 486 1174 qui
507 1147 560 1166 non
577 1143 634 1166 erat
650 1138 780 1173 indigens,
796 1145 845 1164 nec
860 1137 911 1164 ulla
926 1144 957 1164 re

162 1195 229 1222 opus
243 1186 361 1214 habebat
373 1195 379 1213 :
394 1191 421 1214 et
434 1193 485 1221 ego
498 1186 657 1213 erubescam
669 1189 696 1212 et
708 1184 855 1212 dubitabo?
869 1183 955 1211 Absit:

161 1233 354 1260 diabolicarum
375 1231 534 1260 insidiarum
554 1235 597 1258 est
619 1231 662 1258 hic
689 1230 784 1265 pudor.
811 1229 868 1257 Non
891 1237 956 1265 ergo

159 1278 332 1311 erubescam,
343 1277 391 1305 sed
407 1277 490 1304 libere
500 1277 586 1304 dicam
597 1285 603 1302 :
620 1277 686 1303 Date
697 1275 849 1311 egentibus,
862 1280 888 1302 ct
899 1283 956 1302 ina-

159 1325 212 1359 jori
232 1331 298 1352 voce
317 1331 397 1359 quam
420 1323 466 1358 qui
485 1326 576 1358 egent.
599 1321 666 1349 Nam
679 1322 700 1348 si
717 1322 847 1356 quispiam
865 1325 955 1356 posset

161 1358 303 1398 ostendere
325 1358 353 1397 et
374 1358 506 1404 probare.
532 1367 603 1403 quod
620 1368 679 1395 lucc
694 1367 828 1400 dicentes,
852 1367 884 1394 ad
905 1374 954 1394 nos

161 1418 234 1452 ipsos
248 1417 427 1449 traheremus,
448 1419 475 1442 et
489 1419 620 1449 prmtextu
638 1420 784 1448 pauperutn
801 1413 851 1447 ipsi
868 1412 954 1439 lucra-

156 1470 260 1494 rentur,
271 1469 323 1489 non
338 1461 424 1488 solum
439 1460 537 1495 probro
548 1467 580 1487 ac
592 1459 724 1486 dedecore
736 1458 809 1494 digni
821 1465 951 1490 essemus,

158 1508 206 1536 sed
221 1509 266 1543 qui
281 1507 323 1535 vel
336 1515 351 1534 a
367 1507 440 1534 mille
452 1506 608 1534 fulminibus
622 1505 775 1538 feriretuur,
799 1509 824 1532 et
835 1505 880 1540 qui
896 1505 953 1531 huic

159 1559 270 1589 agerent
289 1561 323 1582 ne
336 1559 504 1581 mererentur
517 1552 623 1587 quidem
635 1552 729 1579 vivere
745 1561 752 1579 :
766 1553 788 1578 si
801 1556 888 1578 autem
905 1550 952 1577 Dei

160 1600 244 1633 gratia
267 1607 316 1634 pro
340 1599 418 1626 nobis
443 1598 554 1626 minime
575 1598 681 1625 molesti
704 1603 812 1629 sumus,
831 1596 878 1624 sed
894 1597 952 1623 sine

160 1650 269 1680 sumptu
282 1645 358 1672 vobis
375 1644 513 1679 posuimus
525 1643 691 1678 evangelium
701 1664 709 1675 ,
735 1650 787 1669 non
800 1642 952 1669 laborantes

158 1691 266 1725 quidem
281 1691 351 1718 sicut
364 1690 461 1717 Paulus
474 1710 482 1722 ,
504 1689 551 1717 sed
565 1690 682 1717 contenti
708 1688 822 1724 propriis
832 1709 839 1719 ,
864 1688 950 1714 dicam

158 1745 218 1763 eum
239 1736 312 1764 omni
330 1736 426 1763 fiducia
441 1745 447 1762 :
464 1736 529 1762 Date
542 1735 693 1770 egentibus,
710 1742 759 1761 nec
772 1733 884 1761 cessabo
897 1733 948 1761 hoc

159 1781 260 1813 dicere,
275 1786 302 1808 et
315 1788 408 1808 eorum
424 1780 468 1815 qui
484 1788 536 1807 non
550 1780 623 1812 dant,
639 1786 687 1807 ero
698 1780 785 1814 gravis
800 1784 949 1806 accusator.

159 1827 185 1853 Si
207 1826 280 1853 enim
306 1834 392 1854 essent
414 1826 467 1853 dux
493 1825 628 1853 exercitus
650 1831 676 1852 et
692 1825 791 1852 milites
813 1825 949 1857 haberem,

158 1880 211 1899 non
225 1881 268 1900 me
283 1873 394 1907 puderet
406 1873 531 1900 alimenta
547 1877 638 1906 petere
653 1880 700 1907 pro
715 1873 852 1899 militibus.
868 1872 950 1900 Valde

158 1919 232 1945 enim
247 1926 308 1945 amo
319 1923 433 1946 vestram
448 1918 571 1945 salutem.
593 1918 644 1945 Sed
668 1923 696 1944 ut
718 1918 797 1944 etiam
817 1917 951 1945 efficacior

159 1965 193 1990 sit
215 1965 312 1996 oratio,
337 1971 474 1992 assessore
486 1967 596 1998 accepto
611 1964 703 1994 Paulo.
725 1971 784 1990 cum
800 1964 845 1990 illo
860 1963 950 1990 vobis-

158 2018 218 2036 cum
233 2017 307 2045 agam
323 2010 415 2037 dicens
429 2018 436 2036 :
454 2008 632 2044 Unusquisque
654 2014 762 2035 vestrum
785 2009 855 2043 apud
867 2017 894 2036 se
912 2017 951 2035 se—

160 2061 246 2089 ponal,
262 2057 398 2083 recondens
411 2056 478 2089 quod
491 2055 538 2082 sibi
551 2055 684 2082 videbitur.
700 2055 845 2082 Considera
861 2060 949 2082 autem

161 2103 221 2129 hinc
238 2110 345 2137 queque
367 2110 445 2136 quant
463 2109 514 2128 non
529 2102 562 2128 sit
578 2102 627 2127 ltoc
640 2109 719 2135 grave
743 2107 769 2129 et
785 2102 926 2128 molestum
942 2110 948 2128 :

161 2155 213 2174 non
227 2148 291 2175 dixit
303 2169 308 2179 ,
321 2148 434 2175 Tantum
451 2148 492 2175 vel
503 2152 615 2180 tantum,
626 2147 683 2180 sed,
695 2148 769 2180 Quod
786 2147 909 2179 videntur,
924 2152 951 2174 ct

158 2199 229 2221 recte
243 2194 349 2225 haheat,
359 2194 414 2220 sive
422 2194 455 2220 sit
464 2193 586 2225 multmn,
594 2194 650 2220 sive
658 2193 789 2220 modicum
801 2202 806 2219 :
817 2201 864 2220 nec
871 2193 948 2225 dixit,

157 2239 232 2272 Quod
258 2241 317 2274 quis
338 2240 457 2266 lucratus
480 2239 566 2269 fuerit.
589 2238 647 2271 sed,
672 2238 748 2272 Quod
774 2239 896 2266 videatur
923 2243 950 2265 ct

158 2291 230 2313 recte
245 2286 349 2318 haheat,
367 2285 510 2313 ostendens
524 2293 539 2313 a
556 2286 608 2312 Deo
621 2293 681 2312 che
696 2285 947 2320 siqqieditationem.

158 2331 213 2359 Non
236 2332 286 2358 hat:
303 2336 391 2358 autem
407 2331 493 2357 solum
512 2331 630 2362 ratione,
655 2331 700 2357 sed
718 2331 796 2357 t-tiam
812 2339 844 2356 eo
855 2351 861 2360 ,
878 2330 948 2364 quod

158 2385 209 2404 non
217 2385 270 2404 uno
279 2382 398 2410 tempore
408 2381 490 2403 totum
498 2376 587 2410 juhcat
599 2376 724 2411 pendere,
735 2376 883 2411 symbolam
891 2375 950 2403 red-

156 2424 194 2449 d.t
208 2423 311 2450 facilem
327 2431 334 2448 ‘.
350 2430 383 2450 eo
397 2423 467 2450 enim
481 2422 551 2457 quod
564 2423 686 2457 paulatim
701 2423 851 2457 colligatur,
862 2423 950 2449 insen-

158 2470 214 2496 silis
226 2474 267 2496 cst
282 2477 362 2502 opera
377 2473 403 2496 et
417 2468 606 2503 suppeditatio.
635 2468 779 2503 Propterea
796 2475 845 2494 nec
859 2468 948 2494 statim

156 2515 228 2549 jubet
242 2516 267 2542 in
283 2515 400 2542 tuediutn
422 2514 570 2547 adducere,
595 2514 643 2542 sed
662 2514 707 2541 dat
723 2514 830 2549 longum
845 2519 949 2548 tempus

157 2562 343 2592 constitutum,
358 2566 385 2588 et
398 2568 506 2588 causam
523 2560 649 2592 afferens,
662 2560 726 2587 dicit
744 2569 750 2586 :
770 2559 803 2587 Ut
818 2569 878 2592 non,
893 2568 949 2586 cum

157 2615 256 2638 reuere,
274 2612 334 2633 tunc
349 2606 463 2633 collecta:
484 2607 555 2637 ﬁunt.
574 2606 629 2633 Hoc
640 2611 692 2639 est,
718 2606 757 2633 Ne
781 2607 805 2633 in
829 2611 964 2640 lctnpore'

157 2653 283 2680 illationis
291 2653 348 2679 sive
358 2657 480 2686 sumptus
487 2659 596 2680 necesse
605 2651 723 2680 habeatis
733 2652 869 2687 colligi-rc.
878 2652 909 2679 Et
917 2651 949 2678 ad

158 2699 206 2725 hoc
219 2706 314 2725 rursus
325 2706 372 2725 eos
387 2705 439 2725 non
450 2699 544 2726 leviter
556 2703 597 2725 est
610 2698 781 2725 adhortatus:
795 2698 867 2725 Pauli
878 2699 949 2726 enim

156 2744 322 2776 exspectatio
333 2752 379 2771 eos
393 2744 506 2772 faciebat
521 2745 700 2778 promptiores
713 2749 739 2771 et
754 2745 907 2771 alacriores.
921 2745 948 2772 5.

156 2792 219 2817 Cum
234 2796 319 2818 mitem
338 2799 447 2825 prmsens
460 2793 542 2826 fuero.
557 2799 620 2826 quos
641 2791 814 2822 probaueritis,
837 2800 881 2825 per
896 2791 948 2822 rpi-

155 2837 233 2863 stolas
249 2837 296 2863 Ito:
306 2837 402 2863 mittam
413 2837 511 2872 deferre
522 2838 629 2872 gratiam
638 2842 745 2863 vestram
758 2838 783 2864 in
794 2837 947 2863 Jerusalem.

156 2882 212 2910 Non
228 2883 305 2915 dixit,
320 2882 395 2910 Ilunc
409 2887 436 2911 et
448 2883 532 2917 illum,
545 2883 601 2914 Sed,
618 2884 686 2915 Quos
699 2891 740 2910 vos
764 2884 925 2917 probaveris”
939 2905 946 2916 ,

689 158 720 185 IN
739 157 844 186 EPIST.
866 158 875 185 1
909 157 953 184 AD
973 156 1051 184 (101i.
1075 159 1187 188 IIOMIL.
1210 160 1301 189 XLIII.

1759 166 1811 194 370

1019 223 1086 250 qttos
1105 216 1250 252 clegeritis.
1272 223 1302 246 ut
1324 218 1502 247 ministerium
1531 224 1622 248 careat
1647 222 1810 257 suspicione.

1017 262 1197 295 Quamobrem
1213 270 1289 292 curnt
1303 270 1330 293 ut
1344 266 1393 300 ipsi
1408 265 1495 294 ferant
1521 268 1678 303 suffragium
1698 270 1810 298 electio-

1018 310 1060 335 nis
1079 316 1172 337 eorum
1186 311 1231 346 qui
1245 311 1323 339 laturi
1339 316 1411 340 sunt.
1426 313 1483 340 Non
1499 314 1570 341 enim
1584 314 1668 349 dicit,
1694 316 1812 344 Collatto

1017 353 1124 387 quidem
1138 360 1178 382 est
1194 361 1292 389 vestra,
1315 357 1429 392 eligendi
1452 363 1541 386 autem
1558 364 1678 394 potestas
1699 366 1741 389 est
1761 370 1810 389 eo-

1016 407 1075 427 rum
1088 401 1132 435 qtti
1149 406 1265 436 portant,
1277 411 1328 430 tton
1345 409 1444 431 vestra.
1469 405 1581 439 Deinde,
1596 414 1630 433 ne
1642 407 1706 441 ipsis
1720 408 1811 435 videa—

1017 449 1059 472 tur
1073 445 1178 478 abesse,
1193 447 1283 475 literas
1296 449 1370 476 addit
1387 450 1480 478 dicens
1502 460 1509 478 :
1533 451 1601 484 Quos
1623 452 1788 486 probat-eritis
1800 474 1809 487 ,

1016 499 1061 525 per
1079 492 1199 526 epistolas
1211 494 1318 521 mittant.
1337 495 1416 528 Quasi
1433 496 1538 524 diceret
1552 507 1558 523 :
1575 498 1631 533 Ego
1645 507 1750 534 quoque
1761 507 1809 526 ero

1016 537 1155 565 vobiscum
1165 559 1173 571 ,
1193 543 1221 566 et
1235 541 1354 568 muneris
1369 542 1486 569 ohettndi
1503 551 1550 571 cro
1566 546 1700 581 particeps
1716 553 1763 580 per
1775 547 1806 574 li-

1015 587 1095 611 teras.
1115 584 1206 619 Neque
1228 585 1304 618 dixit,
1325 587 1378 614 Eos
1392 589 1494 616 mittam
1511 595 1538 617 ut
1555 595 1668 619 vestram
1684 592 1807 620 deferant

1015 629 1226 666 eleemosynam.
1240 631 1421 663 sed,Vesn-am
1436 636 1561 670 gratiam,
1576 642 1606 664 ut
1619 638 1741 665 ostendat
1759 646 1806 666 eos

1013 683 1107 712 magna
1120 679 1237 712 operari,
1253 684 1281 706 et
1298 679 1359 706 inde
1375 681 1476 708 lucrum
1496 683 1633 717 consequi.
1661 684 1730 710 Alibi
1754 692 1804 711 au-

1013 726 1065 749 tem
1089 723 1206 758 appellat
1229 724 1442 753 benedictionem
1458 731 1485 754 et
1504 729 1774 757 communicationem
1796 739 1803 757 :

1011 767 1075 795 illud
1091 769 1207 803 qttidctn,
1232 779 1265 798 ne
1280 772 1401 800 redderet
1424 773 1572 808 pigriores;
1596 775 1647 802 hoc
1671 784 1745 808 vero,
1771 785 1804 804 nc

1011 814 1089 842 nimis
1103 815 1210 843 etTcrret
1223 825 1229 843 :
1244 825 1374 851 nuSquam
1394 823 1482 846 autem
1497 819 1548 847 hoc
1569 820 1717 848 nominavit
1731 822 1805 849 elec-

1010 864 1187 898 mosynamJ.
1204 865 1279 897 Quod
1290 866 1312 892 si
1324 866 1428 901 dignum
1442 868 1515 903 fuerit
1528 872 1555 894 ut
1566 877 1612 903 ego
1626 877 1692 902 eam,
1707 878 1803 896 mecum

1010 908 1092 936 ibunt.
1107 909 1155 937 Hic
1166 918 1258 938 rursus
1273 919 1320 939 eos
1334 912 1456 940 hortatur
1477 914 1510 941 ad
1535 914 1684 949 largitatem
1705 921 1731 943 et
1744 924 1804 943 mll-

1010 954 1181 982 nitlcentiam.
1198 956 1264 984 Nam
1280 957 1301 984 si
1315 962 1386 985 tanta
1402 966 1445 986 res
1457 960 1502 992 sit,
1516 960 1611 995 inquit,
1626 966 1654 987 ut
1666 969 1722 988 mea
1735 969 1802 996 opus

1009 1001 1044 1027 sit
1059 1003 1210 1036 pratsentia,
1225 1011 1259 1030 ne
1275 1003 1325 1031 hoc
1339 1005 1445 1039 quidem
1463 1007 1604 1034 recusabo.
1633 1007 1685 1035 Sed
1711 1008 1800 1035 statim

1009 1053 1061 1073 non
1085 1051 1126 1073 est
1142 1047 1191 1074 hoc
1209 1049 1354 1082 pollicitus,
1370 1058 1456 1085 neque.
1470 1052 1548 1083 dixit,
1563 1052 1706 1087 Postquam
1722 1054 1802 1081 adve-

1009 1099 1085 1124 nero,
1108 1093 1164 1127 ipse
1190 1093 1273 1121 feratn
1289 1104 1295 1121 :
1311 1103 1398 1130 neque
1417 1097 1488 1123 enim
1502 1097 1551 1123 ltoc
1561 1098 1629 1125 adeo
1641 1099 1800 1133 amplificas-

1008 1138 1087 1168 set,si
1102 1138 1135 1165 ab
1145 1139 1254 1166 iuitioid
1269 1141 1421 1175 posuisset:
1438 1147 1529 1176 postea
1544 1147 1633 1170 autem
1650 1144 1759 1178 pulchre
1775 1149 1802 1171 et

1008 1189 1158 1218 opportune
1173 1185 1199 1212 id
1212 1185 1295 1212 addit.
1312 1187 1456 1221 Propterea
1477 1196 1529 1215 non
1549 1188 1639 1216 statitn
1662 1190 1798 1224 promisit,

1009 1236 1099 1263 neque
1114 1231 1224 1258 otnnino
1240 1232 1265 1258 id
1278 1231 1367 1264 siluit,
1395 1233 1442 1260 sed
1458 1241 1518 1260 cum
1534 1234 1645 1261 dixisset
1658 1241 1687 1262 se
1704 1235 1801 1262 niissu-

1006 1283 1076 1308 rttm,
1093 1281 1155 1303 tunc
1169 1284 1273 1312 quoque
1289 1278 1362 1305 addit
1379 1279 1507 1312 seipsum.
1525 1279 1572 1307 Hic
1588 1288 1694 1315 quoque
1705 1289 1799 1308 rursus

1007 1322 1032 1349 in
1044 1329 1137 1348 cortttn
1153 1323 1224 1357 ponit
1242 1328 1386 1358 potestate,
1407 1325 1472 1351 dum
1486 1325 1552 1352 dixit
1568 1334 1574 1352 :
1588 1325 1618 1352 Si
1637 1334 1721 1360 operte
1741 1335 1799 1361 prc-

1006 1369 1068 1394 tium
1083 1369 1159 1404 fuerit
1174 1373 1199 1395 ut
1213 1378 1259 1404 ego
1279 1378 1334 1397 eam
1348 1378 1357 1402 ;
1382 1370 1433 1397 hoc
1446 1379 1508 1398 vero
1529 1371 1554 1398 in
1576 1371 1628 1399 illis
1647 1372 1726 1399 situtn
1742 1378 1799 1399 crat

1007 1415 1117 1442 multum
1131 1414 1221 1443 facere
1241 1417 1310 1451 quod
1324 1417 1508 1452 colligebatur,
1530 1423 1556 1444 et
1573 1422 1673 1445 tantum
1689 1422 1716 1445 ut
1752 1425 1800 1444 eos

1004 1459 1126 1489 ﬂecteret
1153 1462 1243 1496 ipsum
1270 1469 1389 1497 surgere.
1424 1463 1451 1490 5.
1467 1463 1571 1490 Veniant
1589 1469 1671 1490 autem
1692 1464 1726 1490 ad
1745 1471 1795 1493 vos,

1005 1516 1061 1534 cum
1076 1507 1253 1535 Macedoniam
1264 1509 1443 1543 pertransiero.
1460 1509 1530 1536 Dixit
1543 1510 1593 1537 hoc
1606 1518 1711 1544 quoque
1719 1517 1799 1544 supe-

1005 1553 1060 1580 rius
1071 1575 1077 1586 ,
1094 1554 1141 1581 sed
1157 1558 1218 1582 tunc
1233 1555 1339 1588 quidem
1357 1555 1499 1586 iracunde;
1525 1554 1627 1582 addidit
1649 1555 1735 1587 enim,
1766 1554 1799 1581 Ιιῗι

1004 1607 1156 1634 cognoscant
1185 1607 1235 1626 non
1261 1607 1402 1626 sermonem
1429 1600 1586 1634 inﬁmarum,
1613 1600 1658 1626 sed
1680 1600 1799 1626 uirtutrm

1005 1644 1042 1678 (I.
1058 1643 1116 1670 Cor.
1131 1644 1157 1671 4.
1173 1644 1216 1678 I9)
1230 1653 1236 1671 :
1254 1645 1298 1671 hic
1310 1649 1398 1672 autent
1412 1645 1512 1674 mitius.
1529 1650 1557 1672 ut
1572 1645 1629 1679 ejus
1644 1645 1797 1672 desiderent

1007 1691 1185 1725 prmsentiam.
1202 1691 1301 1717 Deinde
1317 1699 1350 1718 nc
1365 1691 1455 1718 dicant
1471 1700 1476 1717 :
1490 1691 1544 1718 Cur
1557 1699 1620 1726 ergo
1639 1692 1715 1719 nobis
1731 1699 1799 1726 prm-

1004 1736 1058 1762 fers
1073 1735 1250 1763 Macedones?
1269 1744 1321 1762 non
1342 1736 1418 1768 dixit,
1434 1736 1577 1770 Postquam
1600 1736 1709 1768 abiero,
1732 1737 1796 1768 sed,

1004 1782 1066 1808 Cum
1083 1782 1258 1809 Macedoniam
1270 1783 1448 1816 pet-transiero.
1465 1781 1533 1809 Nunt
1549 1781 1724 1808 [Macedoniam
1740 1790 1798 1816 per-

1004 1828 1125 1854 transibo.
1143 1827 1169 1854 6.
1182 1828 1258 1862 Apud
1269 1835 1312 1854 vos
1324 1832 1408 1854 autem
1421 1828 1526 1863 forsitan
1541 1827 1660 1859 manebo,
1675 1828 1712 1853 t't‘l
1723 1828 1798 1854 etiam

1007 1872 1132 1899 hiemabo.
1148 1872 1238 1907 Neque
1253 1873 1323 1899 enint
1342 1873 1402 1899 volo
1417 1880 1464 1899 vos
1478 1872 1594 1900 invisere
1610 1877 1745 1906 tamquam
1771 1874 1797 1899 in

1004 1919 1127 1949 transitu,
1144 1919 1190 1945 sed
1206 1919 1343 1945 vobiscum
1358 1919 1460 1945 versari
1480 1925 1506 1945 et
1525 1919 1593 1953 apud
1610 1926 1656 1945 vos
1679 1927 1796 1945 main-rc.

1003 1964 1070 1991 Nam
1084 1964 1190 1998 quando
1206 1964 1274 1991 hanc
1290 1964 1425 1991 scribebat
1438 1965 1589 1999 epistolam,
1614 1970 1671 1992 erat
1694 1965 1794 1999 Ephesi

1005 2011 1101 2037 hiemis
1134 2015 1263 2045 temparo.
1291 2009 1354 2037 Dicit
1377 2017 1441 2044 ergo
1462 2018 1468 2035 :
1489 2010 1515 2037 8.
1534 2009 1689 2036 I’rrmancbo
1711 2015 1795 2036 nutum

1006 2056 1102 2090 Ephesi
1114 2064 1192 2089 usque
1210 2056 1243 2082 ad
1262 2056 1426 2082 Pentecoste):
1442 2063 1450 2082 :
1466 2060 1555 2090 postea
1570 2060 1658 2083 antu-tn
1675 2056 1754 2082 abibo
1770 2057 1794 2082 itt

1004 2101 1196 2132 lilacedoniam.
1210 2106 1235 2128 et
1247 2109 1306 2128 cmn
1318 2109 1377 2128 eam
1387 2102 1577 2136 pcrtransicro,
1589 2102 1692 2128 veniam
1706 2101 1737 2128 ad
1750 2109 1796 2129 vos

1003 2152 1096 2175 a‘state
1112 2157 1118 2174 :
1142 2148 1210 2175 l'orte
1225 2153 1313 2174 autent
1328 2152 1355 2174 ct
1371 2147 1483 2174 hiemem
1495 2147 1564 2181 apud
1578 2154 1623 2174 vos
1635 2147 1791 2181 transigam.

1039 2195 1066 2221 5.
1088 2194 1142 2221 Cur
1164 2197 1252 2233 autem
1273 2193 1341 2220 dixit
1364 2193 1501 2224 Forsitan,
1517 2198 1543 2220 et
1559 2201 1611 2220 non
1631 2193 1797 2220 affirmavit?

1003 2239 1135 2272 Quoniam
1151 2247 1204 2266 non
1218 2239 1306 2266 omnia
1319 2238 1476 2274 pra-sciebat
1492 2239 1590 2265 Paulus~
1604 2246 1610 2270 ;
1628 2238 1706 2273 idque
1720 2239 1794 2265 utili-

1004 2291 1052 2312 tcr.
1070 2286 1211 2320 Propterea
1227 2293 1312 2319 neque
1328 2285 1448 2312 absolute
1461 2284 1591 2316 aliirmat,
1609 2290 1638 2311 ut
1653 2285 1674 2311 si
1691 2293 1743 2312 non
1758 2284 1796 2311 ia-

1003 2336 1076 2358 cttttn
1091 2331 1169 2358 fuerit
1183 2351 1189 2361 .
1208 2331 1304 2357 haheat
1318 2330 1459 2364 effugium,
1474 2330 1544 2365 quod
1560 2335 1622 2357 tunc
1633 2330 1731 2357 dixerit
1751 2331 1791 2357 in-

1003 2376 1122 2408 definite,
1137 2381 1164 2403 et
1176 2375 1290 2410 Spiritus
1303 2380 1462 2410 potestatein
1483 2383 1542 2410 qua:
1562 2383 1623 2402 eum
1643 2383 1697 2410 quo
1718 2377 1798 2402 vcllt-t

1003 2423 1123 2453 duceret.
1138 2430 1191 2449 non
1206 2430 1258 2457 quo
1275 2422 1331 2456 ipse
1348 2422 1479 2456 cupiebat.
1492 2422 1567 2456 Quod
1584 2423 1663 2449 etiam
1679 2422 1752 2456 ponit
1769 2422 1793 2448 iu

1003 2470 1119 2497 set-mula
1143 2469 1262 2503 Epistula
1287 2469 1320 2494 de
1343 2475 1418 2494 mora
1441 2476 1470 2495 se
1486 2476 1616 2495 excusans
1631 2476 1658 2495 et
1677 2468 1770 2495 dicens
1789 2477 1795 2494 :

1004 2515 1053 2541 Aut
1068 2522 1124 2549 qua!
1137 2515 1233 2548 cogito,
1248 2513 1386 2540 secundum
1399 2521 1499 2539 curuent
1520 2513 1615 2548 rogito,
1639 2518 1667 2540 ut
1680 2515 1711 2540 sil
1727 2514 1796 2550 apud

1006 2569 1045 2587 me
1056 2566 1092 2587 cst
1104 2564 1150 2592 est,
1163 2565 1184 2586 et
1195 2567 1244 2586 non
1256 2567 1305 2585 non
1320 2559 1359 2593 (2.
1377 2558 1436 2585 Cor.
1454 2559 1495 2585 Il.
1514 2559 1568 2593 l7).
1593 2559 1627 2586 Ut
1647 2567 1738 2586 eosme
1750 2560 1796 2585 lit?-

1005 2607 1103 2633 ducatis
1118 2613 1274 2640 quocumque
1286 2606 1348 2632 iero.
1374 2605 1429 2631 Hoc
1452 2611 1558 2638 queque
1575 2611 1617 2633 est
1637 2606 1755 2632 caritatis
1770 2610 1794 2631 t-t

1006 2653 1096 2680 multa:
1112 2652 1272 2679 dilectionis.
1294 2652 1319 2678 7.
1339 2651 1407 2678 ΛόΙο
1423 2652 1488 2677 enim
1505 2660 1547 2678 ros
1564 2653 1638 2678 modo
1650 2653 1675 2678 in
1689 2653 1795 2678 [mosi/tt

1003 2699 1088 2725 videre
1108 2705 1117 2724 :
1131 2706 1203 2732 spero
1216 2697 1281 2723 enim
1297 2705 1336 2723 me
1352 2697 1539 2730 uliqtumtulum
1554 2697 1673 2731 (corporis
1696 2705 1797 2722 nuuu're

1004 2745 1073 2778 apud
1089 2752 1141 2775 ros,
1159 2744 1179 2770 si
1195 2744 1316 2770 Dominus
1329 2743 1480 2777 permiserit.
1497 2743 1558 2770 lIa-c
1572 2749 1658 2770 autem
1671 2743 1773 2769 diccbat
1787 2764 1794 2772 .

1004 2791 1083 2818 simul
1108 2795 1135 2816 ct
1156 2791 1292 2817 caritateut
1316 2790 1475 2821 nstcudens,
1492 2795 1518 2817 et
1537 2798 1583 2817 θος
1597 2790 1640 2825 qui
1656 2795 1794 2825 peccarcnt

1005 2841 1118 2867 torrens,
1144 2843 1195 2862 non
1219 2841 1306 2862 tamen
1331 2841 1432 2869 aperte,
1458 2835 1504 2862 sed
1520 2836 1644 2863 amicitia:
1664 2835 1792 2862 nomine:

1009 2882 1163 2910 Parmam-lto
1181 2888 1262 2909 autem
1281 2881 1373 2916 Ephesi
1391 2886 1467 2916 usque
1489 2882 1523 2907 ad
1537 2881 1710 2909 Pentecoste".
1739 2883 1791 2909 Mr-
