2021 3117
196 166 243 194 δτι

199 222 252 248 ιίιο
267 221 306 250 eis
321 222 410 250 omnia
425 219 489 246 dicit
503 223 606 250 exacte,
621 218 761 245 declarans
774 222 906 251 tamquam
922 217 990 242 ami-

199 269 249 295 cis.
261 267 327 295 Nam
342 271 369 294 et
383 266 433 294 hoc
447 269 489 292 est
501 264 636 295 amicitiae,
651 264 742 290 dicere
757 270 864 290 causam
877 270 925 289 cur
936 270 990 289 non

201 315 350 348 advenerit,
365 319 476 349 propter
490 320 568 347 qualn
585 310 700 343 differat,
717 315 744 337 ct
757 310 801 337 ubi
815 313 948 342 versetur.
961 308 989 336 9.

202 363 301 389 Ostium
315 361 382 388 enim
404 360 466 386 mihi
483 364 598 393 apertum
618 362 654 384 ut
671 365 790 392 magnum
805 361 827 383 et
842 356 951 387 evidens,
967 359 992 381 et

200 407 339 434 aduersarii
363 406 446 432 ntulti.
469 404 513 436 Et,
529 404 553 431 si
568 411 703 438 magnum.
720 402 855 438 quomodo
867 401 994 429 adversa-

202 453 252 479 rii?
267 453 379 485 Propter
400 450 450 477 hoc
472 450 557 484 ipsum
574 449 648 476 multi
666 453 728 476 sunt
744 447 902 479 adversarii,
925 453 993 481 quo-

202 500 273 526 niam
287 505 381 532 magna
396 501 436 523 est
450 496 524 528 fides.
551 500 578 523 et
597 496 668 523 latus
689 495 835 529 ingressus.
861 494 929 526 Quid
953 496 996 519 est

202 551 303 576 autent.
324 545 424 571 Ostium
437 544 579 579 magnum?
603 543 676 570 Mulli
691 547 754 570 suttt
767 542 851 577 parati
866 542 899 569 ad
915 541 994 568 ﬁdem

203 591 413 625 suscipiendam,
431 590 506 616 tnulti
527 589 626 617 debent
642 588 771 616 accedere
792 593 820 616 et
840 587 960 615 converti
985 595 993 613 :

203 637 273 666 latus
285 636 349 663 ntilti
372 641 445 671 patet
465 636 553 662 aditus
565 656 573 668 ,
598 639 737 662 crescente
750 638 777 662 et
790 634 896 669 vigente
916 640 995 660 acce-

203 682 322 709 dentium
335 687 425 709 ntcntc
440 682 472 708 ad
487 681 664 709 obediendmn
680 681 749 708 fidei.
761 681 904 715 Propterea
915 681 997 707 velte-

203 730 308 755 menter
329 729 447 762 spirabat
466 728 607 759 diabolus,
634 727 761 761 qttoniam
777 727 882 754 videbat
898 726 998 754 multos

203 783 217 801 a
232 783 261 802 se
276 775 435 802 desciscere.
452 774 632 807 Quamobrem
648 777 758 808 propter
780 779 923 808 utrumque
942 780 998 799 ma-

205 828 269 848 nere
283 821 433 855 oportebat,
448 824 476 846 et
495 820 566 854 quod
583 819 696 846 multum
710 824 783 854 esset
799 819 876 850 lucri.
889 823 916 845 et
927 817 998 853 quod

170 900 172 902 τ
205 875 329 902 magnum
351 870 497 893 certamen.
525 865 582 892 Hoc
603 869 692 892 autem
706 871 814 899 quoque
827 864 880 891 illis
894 864 998 891 animos

205 913 329 944 addebat,
342 912 412 947 qttod
426 912 524 939 dixerit
535 911 646 938 verbum
658 911 713 946 jam
730 911 828 946 tibique
842 911 958 945 operari.
972 914 1000 938 et

207 959 285 986 facile
293 959 451 993 germinare.
463 958 489 985 Si
502 963 590 985 autem
601 963 663 984 sunt
678 957 752 984 tnulti
767 958 811 992 qui
828 957 998 991 insidiantur,

207 1004 258 1032 hoc
274 1012 381 1039 quoque
396 1004 501 1038 signum
528 1009 570 1031 est
593 1003 727 1038 profectus
749 1003 890 1038 evangelii.
918 1003 999 1030 Num-

206 1057 284 1084 quam
294 1049 365 1076 ettim
378 1049 461 1083 magis
472 1049 547 1075 stevit
557 1056 588 1076 ac
599 1049 661 1075 fttrit
674 1049 819 1076 sceleratus
831 1049 875 1076 ille
883 1048 999 1081 daamon,

209 1104 287 1130 quam
299 1104 358 1122 cttnt
369 1103 401 1122 ex
415 1095 471 1122 suis
482 1095 551 1122 vasis
562 1100 589 1122 et
601 1095 785 1122 instrumentis
794 1095 875 1122 ntulta
887 1095 957 1122 \idet
965 1095 1002 1121 di-

209 1142 269 1177 ripi.
286 1141 319 1168 Et
335 1148 384 1168 nos
397 1147 462 1174 ergo
472 1140 580 1175 quando
596 1148 719 1175 maguum
734 1140 839 1176 aliquod
853 1145 880 1168 ct
890 1141 1001 1175 pra-cla-

208 1195 267 1213 rttm
294 1194 363 1220 opus
383 1194 475 1221 gerere
498 1186 675 1218 vnlueritttus,
691 1193 724 1213 ne
737 1185 788 1212 hoc
800 1186 1002 1213 consideremus

209 1231 279 1266 quod
291 1232 377 1266 magni
390 1231 597 1263 sitlaboris,scd
606 1231 639 1257 ad
650 1231 751 1258 lucrum
763 1231 1002 1265 :tspieiantus.Vide

211 1285 325 1312 namque
335 1277 444 1304 Paulum
455 1284 506 1302 non
520 1281 661 1312 propterea
672 1277 757 1303 vereri
773 1284 804 1303 ac
812 1276 944 1308 dubitare,
953 1284 1003 1304 nec

212 1327 349 1357 propterea
373 1321 509 1356 refugere,
523 1322 650 1355 qttoniam
673 1322 748 1348 multi
771 1326 832 1348 sunt
845 1321 1002 1356 adversarii,

210 1369 257 1395 sed
273 1368 397 1403 quoniam
413 1375 537 1400 magnum
551 1371 608 1394 erat
621 1368 733 1400 ostittnt,
744 1367 845 1394 instare
858 1372 884 1394 et
900 1375 1005 1401 perma-

212 1423 286 1441 nere.
300 1414 363 1441 l\'atn
373 1414 441 1440 sicut
450 1413 514 1441 dixi.
528 1413 577 1440 ltoc
590 1413 759 1447 cratsignum
774 1413 845 1448 qttod
858 1414 1005 1442 nttdaretur

212 1465 238 1487 ct
250 1461 410 1495 spoliaretur
420 1460 549 1487 diabolus.
567 1459 624 1486 Non
645 1464 687 1486 est
700 1460 772 1486 enim
784 1460 842 1494 cjus
855 1460 900 1495 qui
923 1468 1004 1494 parva

213 1511 289 1541 gerat
303 1511 329 1534 et
343 1506 430 1538 mala,
447 1506 545 1533 malatn
560 1506 631 1532 illam
646 1505 757 1533 bestiam
774 1505 889 1533 irritare.
905 1505 1006 1539 Quam-

213 1553 304 1579 obrem
316 1551 422 1586 quando
433 1551 530 1578 videris
543 1551 643 1584 jttstum
659 1558 754 1585 magna
771 1559 802 1578 ac
818 1552 945 1585 pra'clara
961 1559 1006 1586 ge-

214 1605 275 1624 rere
297 1601 323 1624 et
345 1596 415 1623 mala
440 1596 493 1630 pati
514 1595 727 1627 innumerabilia,
745 1604 778 1622 tte
802 1597 917 1624 mireris.
939 1597 1005 1625 Nam

214 1647 304 1669 contra
322 1641 412 1668 mirari
426 1646 579 1676 oporteret,
589 1641 611 1668 si
626 1641 749 1669 diabolus
763 1643 860 1670 multas
873 1644 1007 1678 accipiens

216 1688 305 1723 plagas
326 1688 477 1721 quiesceret
497 1691 524 1713 et
547 1687 659 1713 vulnera
676 1687 777 1721 placide
799 1687 891 1715 ferret.
915 1689 1008 1724 Neque

215 1735 286 1760 enim
297 1754 304 1764 ,
325 1734 347 1760 si
363 1739 474 1768 srrpens
490 1737 602 1766 pttnctus
617 1733 744 1759 continuo
759 1732 884 1760 Efferatur
898 1739 925 1761 et
942 1742 1009 1769 pun-

217 1780 304 1814 gentle
317 1779 439 1811 insultet,
452 1779 542 1805 tnirari
558 1783 673 1813 oportet.
686 1779 785 1810 Qttovis
796 1779 867 1806 enim
883 1785 1008 1814 serpente

217 1826 323 1859 gravius
336 1825 420 1859 serpit
432 1824 564 1857 diabolus,
580 1824 706 1851 omnibus
721 1824 851 1852 insultans
861 1845 869 1857 ,
884 1830 910 1852 et
925 1827 1009 1860 surgit

218 1873 287 1899 sit-nt
300 1871 421 1906 scorpius
436 1871 462 1898 in
477 1871 559 1897 altum
580 1875 671 1898 erecto
692 1871 813 1899 stimulo.
840 1871 878 1898 Ne
893 1872 946 1899 hoc
960 1880 1009 1899 vos

218 1919 360 1946 conturbet
376 1925 383 1943 :
400 1925 460 1944 eum
481 1917 570 1949 enim,
593 1917 638 1951 qui
653 1924 667 1942 a
688 1917 760 1943 bello
779 1921 808 1944 et
822 1925 836 1944 a
851 1917 962 1944 victoria
984 1922 1011 1946 et

219 1965 292 1991 ett-de
307 1964 460 1995 revertitur,
475 1970 586 1990 necesse
600 1967 641 1989 est
657 1962 739 1994 fuisse
759 1968 943 1997 cruentatum,
961 1973 1011 1991 sm-

221 2019 306 2045 peqtte
315 2011 394 2036 etiant
410 2009 521 2036 vulnera
532 2008 670 2036 exhibere.
689 2008 722 2035 Et
737 2013 764 2035 tu
779 2017 843 2043 ergo
857 2017 918 2036 cutn
934 2010 1012 2038 vitle-

221 2057 258 2083 ris
272 2057 386 2091 aliquem
403 2056 588 2091 cleemosynas
602 2055 753 2088 facientem,
768 2060 794 2082 et
809 2056 1011 2084 innumerabilia

221 2102 270 2128 alia
288 2101 355 2128 bona
371 2105 528 2135 operantem
540 2121 547 2132 ,
573 2104 600 2127 et
619 2100 659 2127 sic
674 2100 743 2126 vires
765 2100 863 2127 diaboli
886 2101 1011 2136 frangen-

222 2153 274 2175 tem
286 2168 294 2180 ,
308 2146 405 2174 deinde
419 2146 536 2173 incidere
553 2147 578 2173 in
593 2146 753 2173 tentationes
769 2150 796 2172 et
815 2147 931 2180 pericula
946 2169 953 2179 ,
980 2156 1013 2175 tte

223 2197 362 2228 propterea
377 2192 548 2219 conturberis
563 2200 570 2219 :
586 2191 646 2218 ideo
658 2191 729 2218 enim
746 2192 836 2218 ittcitlit
850 2192 876 2219 in
894 2194 1014 2220 lcntatio-

223 2246 281 2272 nes,
295 2238 365 2273 quod
380 2238 515 2265 diabolttm
531 2237 708 2264 vehementer
724 2237 835 2265 ferierit.
858 2239 889 2265 Et
902 2247 1014 2273 quomo-

221 2285 267 2316 do,
281 2284 394 2318 inquies.
409 2283 432 2309 id
444 2283 565 2318 permisit
580 2283 668 2310 Deus?
680 2282 715 2310 Ut
727 2284 812 2318 magis
822 2289 974 2317 coronetur,
988 2289 1014 2312 et

223 2330 350 2363 majorem
375 2328 496 2356 diabolus
520 2329 623 2363 plagam
651 2329 774 2363 accipiat.
799 2328 864 2356 Nam
889 2330 1013 2364 quando,

224 2380 363 2409 postquam
386 2374 454 2400 bona
479 2373 589 2405 fecerit,
615 2375 706 2408 gravia
731 2378 757 2400 et
775 2382 869 2408 aspera
894 2376 1013 2409 patiens,

223 2427 353 2455 perpetuo
364 2421 418 2455 agit
432 2420 540 2455 gratias,
558 2425 621 2447 tunc
636 2420 729 2447 feritur
743 2420 876 2448 diabolus.
891 2421 1014 2456 Magnum

223 2467 329 2502 quidem
349 2471 390 2494 est
411 2467 490 2493 etiam
507 2466 586 2493 rebus
601 2466 726 2493 secundis
741 2471 767 2492 et
782 2474 909 2501 prospere
930 2468 1014 2494 fluen-

224 2513 305 2544 t‘tbus,
319 2517 346 2539 ct
357 2512 476 2539 misereri
490 2516 516 2538 et
527 2512 649 2539 virtutem
666 2512 808 2547 amplecti;
826 2513 908 2539 multo
925 2519 1014 2540 autem

225 2564 266 2586 est
287 2559 390 2594 majus,
404 2558 470 2586 dura
490 2562 516 2585 et
537 2558 628 2593 gravia
644 2559 789 2592 patientem
800 2579 807 2591 ,
821 2566 872 2585 non
886 2559 1016 2586 desistere

223 2606 255 2632 alt
281 2606 330 2633 hac
352 2605 419 2632 bona
441 2605 607 2639 operatione.
632 2603 656 2631 is
674 2604 745 2632 enim
768 2608 824 2635 est,
847 2605 891 2639 qui
909 2610 1016 2639 propter

225 2652 306 2678 Deum
324 2652 380 2678 haec
394 2650 508 2678 maxime
521 2649 593 2677 facit.
609 2650 789 2685 Quamobrem
804 2650 909 2677 etiamsi
928 2651 954 2678 in
971 2658 1015 2685 pe-

225 2697 337 2724 riculum
354 2697 501 2727 veniamus,
523 2695 624 2727 dilecti,
640 2700 667 2722 et
680 2695 786 2730 quidvis
801 2697 942 2729 patiamur,
954 2704 1015 2723 cttm

223 2743 319 2778 majori
338 2742 419 2769 animi
439 2741 577 2768 alacritate
590 2749 638 2776 pro
652 2741 750 2768 virtute
764 2741 868 2768 labort-s
884 2741 1017 2775 suscipia-

224 2796 295 2816 mus.
310 2787 366 2815 Non
380 2793 422 2815 est
438 2788 508 2814 enim
520 2786 564 2814 hic
579 2791 683 2821 tempus
698 2787 829 2814 mercedis
845 2795 877 2814 ac
891 2795 1016 2815 remutte-

223 2834 345 2861 rationis.
361 2833 400 2861 Ne
418 2833 461 2860 hic
475 2839 538 2868 ergo
549 2839 664 2859 coronas
678 2832 816 2866 exigamus
826 2853 833 2865 ,
857 2841 891 2860 ne
904 2833 930 2860 i'n
947 2838 1017 2860 tem-

225 2887 290 2914 pore
314 2886 473 2907 coronarttttt
495 2878 583 2905 mittor
606 2879 641 2905 sit
664 2885 766 2905 merces
780 2886 810 2905 ac
825 2879 1015 2906 remuneratio.

565 163 593 191 S.
614 161 751 190 JOANNIS
771 160 1003 188 (ZIIRYSOSTOMI
1024 161 1178 189 AHCHIEP.
1199 161 1463 190 CONSTANTINOP.

1784 163 1837 192 372

1044 217 1272 249 Quemadmodum
1287 219 1357 245 enim
1375 219 1399 246 in
1416 218 1562 246 artificibus
1573 240 1579 251 ,
1602 219 1646 254 qui
1661 219 1763 254 seipsos
1776 223 1837 256 qui-

1044 263 1104 289 dem
1119 263 1210 295 alttttt,
1228 264 1357 298 majorem
1373 265 1508 300 accipiunt
1527 266 1699 299 mercedem;
1724 267 1768 301 qui
1792 275 1837 294 att-

1045 313 1099 336 tem
1130 309 1239 337 aluntur
1252 311 1285 337 ab
1299 311 1331 338 iis
1352 311 1396 345 qui
1417 311 1624 345 conduxerunt,
1650 321 1703 340 non
1729 321 1840 348 parvam

1045 359 1147 389 partem
1160 355 1194 382 de
1207 355 1332 383 mercede
1344 356 1491 384 detrahuttt
1505 365 1513 384 :
1530 357 1565 384 ita
1579 357 1660 384 etiam
1681 358 1707 385 itt
1728 360 1841 391 sanctis.

1045 401 1089 436 qui
1110 401 1178 428 bona
1193 402 1300 437 quidem
1316 402 1380 431 facit
1395 403 1600 431 innumerabilia
1614 409 1640 432 et
1655 405 1837 432 innumerabi-

1046 448 1080 475 lia
1097 449 1194 482 patitur
1209 449 1276 476 mala
1287 469 1295 481 ,
1313 449 1443 485 integram
1459 449 1541 478 habet
1556 451 1706 478 mercedem
1721 456 1749 479 et
1763 452 1843 486 longe

1047 493 1174 528 majorem
1194 495 1448 528 remunerationem,
1464 503 1518 523 non
1534 503 1582 530 pro
1595 496 1673 524 bonis
1683 497 1769 524 solum
1781 505 1844 532 qua:

1047 539 1119 573 fecit,
1136 542 1182 568 sed
1196 541 1277 569 etiam
1293 548 1341 576 pro
1355 542 1433 569 malis
1453 549 1513 577 qua:
1534 549 1628 577 passus
1652 547 1695 570 est
1710 553 1716 570 :
1732 544 1776 578 qui
1791 552 1841 571 att-

1048 591 1100 614 tem
1118 587 1161 614 ltic
1175 587 1270 614 fruitttr
1286 588 1376 622 quiete
1389 593 1416 615 et
1432 588 1545 622 deliciis,
1560 595 1612 616 non
1633 594 1685 616 tam
1701 590 1843 623 prmclaras

1048 631 1102 659 illic
1118 631 1198 659 habet
1215 640 1340 660 coronas.
1362 633 1400 660 Ne
1415 632 1459 660 hic
1472 640 1537 668 ergo
1550 641 1701 668 qttmratnus
1715 642 1843 662 remune—

1048 677 1190 710 rationettt,
1215 678 1263 705 sed
1285 683 1347 705 tunc
1365 680 1481 706 maxime
1494 679 1625 712 lzetemur,
1641 681 1749 714 quando
1770 681 1840 708 bona

1049 730 1129 758 opera
1154 728 1264 758 agentes
1289 725 1358 752 ntale
1383 726 1510 759 patimur.
1533 725 1591 753 Non
1616 727 1702 753 solum
1718 728 1788 754 enim
1810 735 1843 755 ex

1049 773 1122 796 recte
1137 769 1224 802 factis,
1246 770 1292 797 sed
1315 771 1395 798 etiam
1415 778 1448 798 ex
1475 772 1667 799 tentationibus
1682 773 1751 800 Deus
1766 774 1845 801 nobis

1050 814 1104 842 illic
1117 815 1236 842 recondit
1251 815 1410 843 mercedem.

1086 860 1113 886 4.
1135 860 1168 887 Ut
1186 865 1274 888 autent
1288 861 1358 896 quod
1374 862 1434 889 dico
1451 862 1495 889 fiat
1515 863 1682 890 manifestius
1693 885 1701 896 ,
1722 865 1774 891 sint
1791 865 1845 891 duo

1050 905 1150 933 divites
1172 907 1379 939 tttiscricordcs,
1403 913 1430 935 et
1453 908 1516 936 dent
1541 910 1721 944 pauperibus:
1748 910 1845 937 deinde

1051 959 1144 979 eorum
1167 953 1236 980 alter
1257 953 1364 988 quidem
1387 959 1494 982 tuaneat
1518 955 1543 981 in
1569 956 1687 987 divitiis.
1715 961 1742 983 et
1756 958 1845 984 omnia

1051 1005 1179 1032 prospere
1192 998 1218 1025 ei
1229 999 1372 1026 succedant
1384 1008 1391 1030 ς
1403 1001 1472 1027 alter
1479 1006 1568 1028 autem
1579 1002 1678 1028 incidat
1695 1002 1720 1028 in
1731 1010 1845 1037 panper

1052 1048 1133 1071 tatem
1145 1049 1172 1072 ct
1186 1045 1293 1072 ntorbos
1313 1050 1339 1072 et
1354 1046 1531 1078 calamitates,
1545 1052 1572 1074 ct
1587 1047 1643 1074 Deo
1661 1053 1720 1082 agat
1735 1051 1843 1083 gratias.

1053 1090 1117 1118 Cum
1133 1099 1198 1125 ergo
1218 1091 1233 1117 ii
1256 1091 1318 1118 hinc
1342 1093 1405 1119 illtte
1426 1094 1612 1125 excesserint,
1637 1095 1696 1128 quis
1717 1095 1846 1129 majorem

1052 1136 1166 1170 accipiet
1186 1137 1355 1163 mercedem?
1371 1145 1459 1163 ann-tn
1477 1138 1646 1171 perspicuum
1661 1145 1701 1166 est
1717 1140 1786 1174 quod
1801 1142 1847 1175 qui

1053 1185 1166 1214 aegrotat
1187 1185 1215 1208 et
1235 1181 1381 1215 afﬂigitur,
1404 1183 1531 1216 quoniam
1557 1188 1584 1209 et
1604 1183 1673 1210 bene
1697 1184 1798 1212 faciens
1820 1191 1849 1213 et

1054 1225 1124 1252 male
1139 1226 1261 1260 patiens,
1279 1227 1345 1253 nihil
1361 1234 1454 1261 passus
1474 1232 1516 1255 est
1538 1228 1704 1256 Itumantttn?
1724 1230 1750 1257 Id
1774 1236 1849 1259 certe

1055 1272 1141 1306 palato
1155 1272 1282 1299 ontnibus
1296 1277 1348 1299 est.
1362 1273 1410 1299 llic.
1423 1274 1494 1300 cnitn
1510 1278 1552 1300 est
1565 1278 1652 1301 statua
1667 1276 1847 1309 adamantina,

1055 1318 1099 1346 hic
1123 1323 1165 1345 est
1187 1326 1281 1345 servns
1303 1324 1394 1353 gratus
1409 1325 1434 1346 et
1456 1320 1610 1347 benevolus.
1631 1321 1659 1348 Si
1681 1327 1768 1349 autem
1795 1331 1848 1350 nett

1055 1368 1165 1398 propter
1181 1371 1255 1397 spem
1272 1365 1345 1399 regni
1359 1370 1465 1399 oportet
1480 1366 1579 1400 aliquid
1595 1367 1655 1394 Itoni
1672 1368 1759 1395 facere
1771 1389 1778 1400 ,
1801 1369 1849 1396 sed

1057 1415 1164 1445 propter
1180 1410 1205 1437 id
1219 1410 1289 1445 quod
1307 1411 1361 1437 Deo
1375 1411 1482 1438 videtur
1495 1420 1526 1439 ac
1541 1412 1642 1446 placet;
1656 1415 1726 1448 qttod
1741 1415 1850 1449 quidem

1056 1460 1097 1482 est
1112 1455 1198 1490 majus
1214 1456 1308 1491 quovis
1324 1464 1407 1491 regno
1421 1465 1428 1489 ;
1443 1457 1506 1491 qttid
1523 1464 1640 1485 meretur
1655 1460 1699 1494 qui
1715 1468 1764 1491 eo.
1778 1462 1849 1495 quod

1057 1508 1109 1528 non
1127 1501 1170 1528 ltie
1185 1502 1298 1536 accipiat
1313 1503 1572 1535 remunerationem,
1590 1504 1615 1530 itt
1630 1506 1778 1532 exercenda
1795 1507 1851 1534 vir-

1058 1551 1114 1574 tute
1127 1552 1167 1574 est
1183 1548 1300 1582 pigrior?
1323 1547 1361 1574 Ne
1381 1555 1446 1583 ergo
1460 1550 1666 1580 conturbentur.
1689 1552 1796 1586 quando
1811 1553 1852 1579 vi-

1057 1593 1189 1626 derintus,
1204 1593 1274 1627 quod
1291 1593 1333 1620 ltic
1348 1598 1394 1620 aut
1408 1595 1454 1621 ille
1467 1595 1603 1622 advocatis
1616 1597 1723 1629 viduas,
1739 1603 1764 1624 et
1785 1606 1852 1632 pau-

1058 1646 1137 1674 peres
1170 1639 1356 1673 frequentibus
1382 1640 1520 1674 excipiens
1544 1641 1690 1673 conviviis,
1728 1643 1852 1670 incendio

1059 1688 1180 1711 enotata
1200 1684 1310 1711 domum
1326 1685 1425 1717 amisit,
1446 1689 1492 1712 attt
1509 1685 1624 1720 aliquam
1644 1687 1722 1714 aliam
1738 1689 1852 1715 similem

1062 1738 1155 1765 passus
1176 1735 1217 1757 est
1237 1730 1418 1757 calamitatem
1440 1739 1447 1757 :
1476 1736 1617 1765 propterea
1643 1733 1715 1759 enim
1742 1734 1854 1767 accipiet

1060 1777 1221 1803 mercedem.
1245 1776 1337 1810 Neque
1359 1779 1430 1802 enim
1455 1776 1506 1803 Job
1531 1778 1556 1804 itt
1582 1783 1654 1805 tanta
1677 1779 1854 1807 admiratione

1062 1822 1211 1850 habebatur
1234 1829 1343 1857 propter
1363 1823 1550 1858 eleemosynas
1562 1843 1571 1856 ,
1593 1824 1620 1850 in
1634 1829 1731 1858 quanta
1747 1830 1854 1860 propter

1061 1875 1091 1894 ea
1115 1875 1173 1902 qua:
1196 1875 1288 1902 passus
1309 1872 1412 1902 postea.
1436 1868 1579 1902 Propterea
1605 1874 1632 1896 et
1658 1870 1856 1904 vilipcnduntur

1062 1913 1120 1947 ejtts
1142 1912 1239 1943 amici,
1256 1917 1283 1939 et
1306 1912 1405 1938 nullius
1426 1917 1569 1939 censentur
1588 1921 1648 1940 esse
1664 1915 1759 1948 pretii,
1785 1916 1855 1949 qttod

1063 1965 1209 1994 praesentes
1231 1964 1383 1992 qua-rcrent
1407 1960 1659 1992 retnnncralioues,
1685 1966 1712 1987 et
1739 1961 1798 1988 ideo
1830 1962 1855 1988 itt

1061 2009 1163 2043 justuttt
1178 2007 1295 2042 iniquam
1310 2006 1412 2034 ferrent
1426 2008 1597 2034 sententiam.
1613 2008 1650 2034 Ne
1661 2015 1727 2042 ergo
1738 2008 1857 2043 lticqttas-

1064 2061 1154 2082 ramus
1175 2053 1435 2085 rctttutterationetn,
1451 2053 1498 2079 sed
1515 2052 1664 2079 efficiantur
1679 2061 1810 2088 pauperes
1831 2059 1857 2081 ct

1064 2101 1191 2128 mendici.
1214 2100 1269 2127 Hoc
1285 2100 1355 2126 cnitn
1378 2103 1449 2126 esset
1468 2104 1595 2126 extremm
1611 2099 1718 2126 vilitatis
1738 2104 1766 2126 et
1785 2100 1858 2132 abie-

1064 2148 1176 2178 ctiottis,
1198 2154 1260 2173 cum
1278 2146 1372 2172 cmhtm
1394 2145 1429 2172 sit
1451 2146 1633 2180 propositum,
1654 2150 1681 2172 et
1697 2154 1757 2179 qua:
1778 2154 1856 2181 supra

1064 2194 1169 2224 cadunt,
1186 2200 1244 2226 qua:
1262 2192 1304 2218 hic
1319 2196 1382 2217 sunt
1395 2195 1527 2225 spectare.
1541 2190 1579 2217 Ne
1589 2191 1627 2218 sic
1641 2199 1705 2225 ergo
1720 2191 1857 2223 faciamus,

1065 2239 1112 2266 scd
1127 2239 1315 2272 quodcumque
1332 2237 1543 2271 inexspectatum
1566 2237 1642 2264 ttohis
1656 2237 1760 2270 jttssutn
1781 2238 1861 2265 adve-

1066 2287 1155 2316 nerit,
1178 2293 1226 2312 nos
1249 2285 1329 2311 Deum
1350 2284 1457 2311 assidue
1479 2284 1619 2314 colamus.
1641 2289 1668 2310 et
1684 2284 1762 2311 beato
1779 2284 1861 2311 Paulo

1067 2339 1225 2367 paruamtts,
1249 2338 1450 2366 pattpcrttmque
1472 2330 1589 2357 arculatn
1615 2331 1687 2357 domi
1711 2331 1860 2363 faciamus,

1065 2387 1125 2411 qua:
1134 2378 1210 2412 juxta
1227 2377 1313 2403 locum
1330 2377 1354 2403 itt
1369 2383 1422 2410 quo
1435 2381 1490 2403 stas
1500 2384 1580 2403 orans
1591 2376 1640 2402 sita
1653 2377 1687 2402 sit
1701 2385 1706 2402 :
1719 2381 1747 2404 et
1757 2381 1862 2411 qttottes

1066 2425 1098 2451 ad
1112 2425 1242 2452 orandum
1260 2423 1342 2450 fueris
1366 2423 1520 2458 ingressus.
1536 2422 1640 2457 depone
1658 2423 1772 2457 primunt
1789 2422 1861 2449 elec-

1066 2479 1205 2506 ntosynam
1219 2491 1225 2501 .
1241 2474 1269 2497 et
1283 2475 1345 2496 tunc
1358 2470 1451 2496 emitte
1466 2470 1644 2504 precationem
1660 2479 1666 2495 :
1684 2474 1710 2495 et
1723 2469 1792 2496 sicut
1813 2478 1861 2494 tto-

1067 2518 1147 2544 ltteris
1169 2517 1292 2543 manibus
1311 2515 1392 2542 illotis
1407 2515 1439 2542 ad
1454 2515 1584 2542 orandum
1597 2515 1728 2542 accedere
1749 2515 1806 2550 (η),
1824 2515 1861 2541 sic

1067 2571 1153 2597 neque
1175 2563 1275 2596 absque
1297 2562 1479 2597 eleemosyna.
1504 2560 1596 2595 Neque
1617 2562 1687 2588 cuitu
1713 2561 1800 2587 It‘ilttts
1822 2565 1861 2587 (ιιι

1066 2609 1265 2644 eleentosynam
1281 2609 1315 2635 ibi
1330 2608 1480 2642 depositam
1498 2615 1558 2634 esse
1568 2627 1576 2640 ,
1597 2615 1677 2642 quam
1691 2607 1860 2641 evangelium

1064 2655 1138 2690 jttxla
1166 2655 1263 2681 lectum
1289 2662 1435 2689 appeusum
1458 2661 1528 2680 esse.
1555 2653 1620 2680 Nam
1646 2652 1668 2679 si
1694 2653 1860 2687 evangelium

1067 2703 1174 2737 quidem
1191 2702 1363 2736 suspendet-is
1379 2701 1442 2727 nihil
1458 2700 1569 2730 faciens,
1587 2707 1639 2726 non
1655 2700 1725 2726 adeo
1740 2707 1860 2734 magnam

1068 2748 1183 2782 acripics
1206 2747 1368 2773 utilitatem:
1397 2746 1465 2772 ltattc
1487 2751 1575 2772 autem
1601 2745 1702 2771 habens
1725 2745 1860 2773 atettlam,

1068 2794 1150 2821 habes
1171 2801 1243 2820 artna
1264 2793 1393 2820 adversus
1406 2792 1552 2822 diabolum,
1569 2791 1751 2826 precationcnt
1773 2791 1861 2817 reddis

1068 2840 1177 2870 alutam,
1194 2843 1314 2865 sanctam
1329 2838 1438 2864 dotnttnt
1454 2838 1608 2868 constituis,
1625 2844 1685 2871 qua:
1709 2836 1804 2863 haheat
1822 2837 1860 2862 itt-

1105 2895 1140 2926 (a)
1156 2897 1216 2919 Ante
1230 2898 1393 2926 precationem
1410 2900 1494 2918 manus
1503 2893 1673 2918 abluebantur.
