  <div class='ocr_page' id='page_1' title='image "/cluster/home/n/w/nwhite01/storage/ocr_20150623/61/njp.32101077772679/382.png"; bbox 0 0 2021 3117; ppageno 0'>
   <div class='ocr_carea' id='block_1_1' title="bbox 154 119 208 147">
    <p class='ocr_par' dir='ltr' id='par_1_1' title="bbox 154 119 208 147">
     <span class='ocr_line' id='line_1_1' title="bbox 154 119 208 147; baseline 0 -2"><span class='ocrx_word' id='word_1_1' title='bbox 154 119 208 147; x_wconf 71' lang='lat'><strong>373</strong></span> 
     </span>
    </p>
   </div>
   <div class='ocr_carea' id='block_1_2' title="bbox 153 180 948 221">
    <p class='ocr_par' dir='ltr' id='par_1_2' title="bbox 153 180 948 221">
     <span class='ocr_line' id='line_1_2' title="bbox 153 180 948 221; baseline -0.01 -7"><span class='ocrx_word' id='word_1_2' title='bbox 153 191 198 214; x_wconf 86' lang='lat' dir='ltr'><strong>tus</strong></span> <span class='ocrx_word' id='word_1_3' title='bbox 229 186 358 214; x_wconf 87' lang='lat' dir='ltr'><strong>alimenta</strong></span> <span class='ocrx_word' id='word_1_4' title='bbox 384 185 456 221; x_wconf 81' lang='lat' dir='ltr'><strong>regis</strong></span> <span class='ocrx_word' id='word_1_5' title='bbox 482 182 630 212; x_wconf 89' lang='lat' dir='ltr'><strong>recondita.</strong></span> <span class='ocrx_word' id='word_1_6' title='bbox 662 182 725 209; x_wconf 86' lang='lat' dir='ltr'><strong>Ideo</strong></span> <span class='ocrx_word' id='word_1_7' title='bbox 752 185 779 208; x_wconf 90' lang='lat' dir='ltr'><strong>et</strong></span> <span class='ocrx_word' id='word_1_8' title='bbox 807 180 880 215; x_wconf 88' lang='lat' dir='ltr'><strong>juxta</strong></span> <span class='ocrx_word' id='word_1_9' title='bbox 909 180 948 207; x_wconf 89' lang='lat' dir='ltr'><strong>le-</strong></span> 
     </span>
    </p>
   </div>
   <div class='ocr_carea' id='block_1_3' title="bbox 152 226 947 264">
    <p class='ocr_par' dir='ltr' id='par_1_3' title="bbox 152 226 947 264">
     <span class='ocr_line' id='line_1_3' title="bbox 152 226 947 264; baseline -0.011 -3"><span class='ocrx_word' id='word_1_10' title='bbox 152 239 228 261; x_wconf 76' lang='lat' dir='ltr'><strong>ctum</strong></span> <span class='ocrx_word' id='word_1_11' title='bbox 255 232 305 260; x_wconf 87' lang='lat' dir='ltr'><strong>sita</strong></span> <span class='ocrx_word' id='word_1_12' title='bbox 327 232 363 259; x_wconf 85' lang='lat' dir='ltr'><strong>sit</strong></span> <span class='ocrx_word' id='word_1_13' title='bbox 388 230 487 263; x_wconf 89' lang='lat' dir='ltr'><strong>arcula,</strong></span> <span class='ocrx_word' id='word_1_14' title='bbox 510 236 617 264; x_wconf 79' lang='lat' dir='ltr'><strong>noxque</strong></span> <span class='ocrx_word' id='word_1_15' title='bbox 643 227 721 255; x_wconf 90' lang='lat' dir='ltr'><strong>nullis</strong></span> <span class='ocrx_word' id='word_1_16' title='bbox 748 226 947 262; x_wconf 89' lang='lat' dir='ltr'><strong>pcrturbabitur</strong></span> 
     </span>
    </p>
   </div>
   <div class='ocr_carea' id='block_1_4' title="bbox 153 271 950 308">
    <p class='ocr_par' dir='ltr' id='par_1_4' title="bbox 153 271 950 308">
     <span class='ocr_line' id='line_1_4' title="bbox 153 271 950 308; baseline -0.011 -2"><span class='ocrx_word' id='word_1_17' title='bbox 153 279 222 306; x_wconf 76' lang='lat' dir='ltr'><strong>visis</strong></span> <span class='ocrx_word' id='word_1_18' title='bbox 235 283 269 308; x_wconf 69' lang='lat' dir='ltr'><strong>,et</strong></span> <span class='ocrx_word' id='word_1_19' title='bbox 289 277 451 305; x_wconf 88' lang='lat' dir='ltr'><strong>insomniis:</strong></span> <span class='ocrx_word' id='word_1_20' title='bbox 475 279 577 303; x_wconf 84' lang='lat' dir='ltr'><strong>tantum</strong></span> <span class='ocrx_word' id='word_1_21' title='bbox 600 273 666 301; x_wconf 86' lang='lat' dir='ltr'><strong>nihil</strong></span> <span class='ocrx_word' id='word_1_22' title='bbox 688 273 715 300; x_wconf 89' lang='lat' dir='ltr'><strong>in</strong></span> <span class='ocrx_word' id='word_1_23' title='bbox 736 280 795 300; x_wconf 88' lang='lat' dir='ltr'><strong>earn</strong></span> <span class='ocrx_word' id='word_1_24' title='bbox 818 271 950 306; x_wconf 74' lang='lat' dir='ltr'><strong>injiciatur</strong></span> 
     </span>
    </p>
   </div>
   <div class='ocr_carea' id='block_1_5' title="bbox 153 317 946 359">
    <p class='ocr_par' dir='ltr' id='par_1_5' title="bbox 153 317 946 359">
     <span class='ocr_line' id='line_1_5' title="bbox 153 317 946 359; baseline -0.013 -7"><span class='ocrx_word' id='word_1_25' title='bbox 153 332 188 352; x_wconf 85' lang='lat' dir='ltr'><strong>ex</strong></span> <span class='ocrx_word' id='word_1_26' title='bbox 205 323 345 359; x_wconf 83' lang='lat' dir='ltr'><strong>injustitia.</strong></span> <span class='ocrx_word' id='word_1_27' title='bbox 359 322 539 357; x_wconf 81' lang='lat' dir='ltr'><strong>Eleemosyna</strong></span> <span class='ocrx_word' id='word_1_28' title='bbox 553 319 623 347; x_wconf 92' lang='lat' dir='ltr'><strong>enim</strong></span> <span class='ocrx_word' id='word_1_29' title='bbox 638 326 682 346; x_wconf 89' lang='lat' dir='ltr'><strong>res</strong></span> <span class='ocrx_word' id='word_1_30' title='bbox 701 322 761 345; x_wconf 89' lang='lat' dir='ltr'><strong>est:</strong></span> <span class='ocrx_word' id='word_1_31' title='bbox 782 317 838 344; x_wconf 89' lang='lat' dir='ltr'><strong>fieri</strong></span> <span class='ocrx_word' id='word_1_32' title='bbox 859 320 946 343; x_wconf 90' lang='lat' dir='ltr'><strong>autem</strong></span> 
     </span>
    </p>
   </div>
   <div class='ocr_carea' id='block_1_6' title="bbox 153 364 951 406">
    <p class='ocr_par' dir='ltr' id='par_1_6' title="bbox 153 364 951 406">
     <span class='ocr_line' id='line_1_6' title="bbox 153 364 951 406; baseline -0.013 -8"><span class='ocrx_word' id='word_1_33' title='bbox 153 378 210 399; x_wconf 88' lang='lat' dir='ltr'><strong>non</strong></span> <span class='ocrx_word' id='word_1_34' title='bbox 227 374 315 406; x_wconf 84' lang='lat' dir='ltr'><strong>potest</strong></span> <span class='ocrx_word' id='word_1_35' title='bbox 331 374 361 396; x_wconf 91' lang='lat' dir='ltr'><strong>ut</strong></span> <span class='ocrx_word' id='word_1_36' title='bbox 374 368 545 403; x_wconf 80' lang='lat' dir='ltr'><strong>eleemosyna</strong></span> <span class='ocrx_word' id='word_1_37' title='bbox 560 373 685 400; x_wconf 87' lang='lat' dir='ltr'><strong>umquam</strong></span> <span class='ocrx_word' id='word_1_38' title='bbox 699 364 830 400; x_wconf 84' lang='lat' dir='ltr'><strong>germinet</strong></span> <span class='ocrx_word' id='word_1_39' title='bbox 841 371 873 390; x_wconf 92' lang='lat' dir='ltr'><strong>ex</strong></span> <span class='ocrx_word' id='word_1_40' title='bbox 888 370 951 390; x_wconf 94' lang='lat' dir='ltr'><strong>cru-</strong></span> 
     </span>
    </p>
   </div>
   <div class='ocr_carea' id='block_1_7' title="bbox 153 407 952 444">
    <p class='ocr_par' dir='ltr' id='par_1_7' title="bbox 153 407 952 444">
     <span class='ocr_line' id='line_1_7' title="bbox 153 407 952 444; baseline -0.013 0"><span class='ocrx_word' id='word_1_41' title='bbox 153 416 277 444; x_wconf 85' lang='lat' dir='ltr'><strong>delitate.</strong></span> <span class='ocrx_word' id='word_1_42' title='bbox 291 414 381 442; x_wconf 79' lang='lat' dir='ltr'><strong>Vultis</strong></span> <span class='ocrx_word' id='word_1_43' title='bbox 398 418 427 442; x_wconf 89' lang='lat' dir='ltr'><strong>et</strong></span> <span class='ocrx_word' id='word_1_44' title='bbox 440 412 517 441; x_wconf 84' lang='lat' dir='ltr'><strong>vobis</strong></span> <span class='ocrx_word' id='word_1_45' title='bbox 533 412 621 439; x_wconf 88' lang='lat' dir='ltr'><strong>dicam</strong></span> <span class='ocrx_word' id='word_1_46' title='bbox 642 410 776 438; x_wconf 88' lang='lat' dir='ltr'><strong>nudeuam</strong></span> <span class='ocrx_word' id='word_1_47' title='bbox 797 407 952 444; x_wconf 85' lang='lat' dir='ltr'><strong>impendere</strong></span> 
     </span>
    </p>
   </div>
   <div class='ocr_carea' id='block_1_8' title="bbox 153 453 951 497">
    <p class='ocr_par' dir='ltr' id='par_1_8' title="bbox 153 453 951 497">
     <span class='ocr_line' id='line_1_8' title="bbox 153 453 951 497; baseline -0.014 -7"><span class='ocrx_word' id='word_1_48' title='bbox 153 468 182 491; x_wconf 90' lang='lat' dir='ltr'><strong>et</strong></span> <span class='ocrx_word' id='word_1_49' title='bbox 206 461 296 497; x_wconf 75' lang='lat' dir='ltr'><strong>largiri</strong></span> <span class='ocrx_word' id='word_1_50' title='bbox 311 464 450 496; x_wconf 92' lang='lat' dir='ltr'><strong>oporteat,</strong></span> <span class='ocrx_word' id='word_1_51' title='bbox 472 464 502 486; x_wconf 87' lang='lat' dir='ltr'><strong>ut</strong></span> <span class='ocrx_word' id='word_1_52' title='bbox 522 458 573 485; x_wconf 88' lang='lat' dir='ltr'><strong>hac</strong></span> <span class='ocrx_word' id='word_1_53' title='bbox 594 464 701 493; x_wconf 87' lang='lat' dir='ltr'><strong>quoque</strong></span> <span class='ocrx_word' id='word_1_54' title='bbox 720 456 824 483; x_wconf 79' lang='lat' dir='ltr'><strong>ratione</strong></span> <span class='ocrx_word' id='word_1_55' title='bbox 847 453 951 481; x_wconf 76' lang='lat' dir='ltr'><strong>facilem</strong></span> 
     </span>
    </p>
   </div>
   <div class='ocr_carea' id='block_1_9' title="bbox 154 499 951 537">
    <p class='ocr_par' dir='ltr' id='par_1_9' title="bbox 154 499 951 537">
     <span class='ocr_line' id='line_1_9' title="bbox 154 499 951 537; baseline -0.015 -1"><span class='ocrx_word' id='word_1_56' title='bbox 154 516 215 536; x_wconf 88' lang='lat' dir='ltr'><strong>eam</strong></span> <span class='ocrx_word' id='word_1_57' title='bbox 232 506 336 534; x_wconf 86' lang='lat' dir='ltr'><strong>faciatis</strong></span> <span class='ocrx_word' id='word_1_58' title='bbox 359 503 554 533; x_wconf 72' lang='lat' dir='ltr'><strong>collationem?</strong></span> <span class='ocrx_word' id='word_1_59' title='bbox 567 502 664 537; x_wconf 83' lang='lat' dir='ltr'><strong>Opifex</strong></span> <span class='ocrx_word' id='word_1_60' title='bbox 675 521 683 534; x_wconf 90' lang='lat'><strong>,</strong></span> <span class='ocrx_word' id='word_1_61' title='bbox 706 501 779 528; x_wconf 81' lang='lat' dir='ltr'><strong>velut</strong></span> <span class='ocrx_word' id='word_1_62' title='bbox 799 499 951 526; x_wconf 87' lang='lat' dir='ltr'><strong>calceorum</strong></span> 
     </span>
    </p>
   </div>
   <div class='ocr_carea' id='block_1_10' title="bbox 154 544 953 583">
    <p class='ocr_par' dir='ltr' id='par_1_10' title="bbox 154 544 953 583">
     <span class='ocr_line' id='line_1_10' title="bbox 154 544 953 583; baseline -0.015 -2"><span class='ocrx_word' id='word_1_63' title='bbox 154 553 369 583; x_wconf 79' lang='lat' dir='ltr'><strong>consarcinator,</strong></span> <span class='ocrx_word' id='word_1_64' title='bbox 384 554 431 578; x_wconf 84' lang='lat' dir='ltr'><strong>aut</strong></span> <span class='ocrx_word' id='word_1_65' title='bbox 442 549 584 580; x_wconf 87' lang='lat' dir='ltr'><strong>coriarius,</strong></span> <span class='ocrx_word' id='word_1_66' title='bbox 599 551 645 575; x_wconf 88' lang='lat' dir='ltr'><strong>aut</strong></span> <span class='ocrx_word' id='word_1_67' title='bbox 667 547 744 574; x_wconf 91' lang='lat' dir='ltr'><strong>faber</strong></span> <span class='ocrx_word' id='word_1_68' title='bbox 765 544 892 577; x_wconf 80' lang='lat' dir='ltr'><strong>aerarius,</strong></span> <span class='ocrx_word' id='word_1_69' title='bbox 907 547 953 570; x_wconf 87' lang='lat' dir='ltr'><strong>aut</strong></span> 
     </span>
    </p>
   </div>
   <div class='ocr_carea' id='block_1_11' title="bbox 155 591 952 635">
    <p class='ocr_par' dir='ltr' id='par_1_11' title="bbox 155 591 952 635">
     <span class='ocr_line' id='line_1_11' title="bbox 155 591 952 635; baseline -0.014 -8"><span class='ocrx_word' id='word_1_70' title='bbox 155 600 244 635; x_wconf 84' lang='lat' dir='ltr'><strong>quivis</strong></span> <span class='ocrx_word' id='word_1_71' title='bbox 258 599 326 626; x_wconf 87' lang='lat' dir='ltr'><strong>alius</strong></span> <span class='ocrx_word' id='word_1_72' title='bbox 336 596 513 629; x_wconf 79' lang='lat' dir='ltr'><strong>artifex,cum</strong></span> <span class='ocrx_word' id='word_1_73' title='bbox 529 594 627 630; x_wconf 89' lang='lat' dir='ltr'><strong>aliquid</strong></span> <span class='ocrx_word' id='word_1_74' title='bbox 640 592 790 620; x_wconf 87' lang='lat' dir='ltr'><strong>vendiderit</strong></span> <span class='ocrx_word' id='word_1_75' title='bbox 803 598 837 618; x_wconf 80' lang='lat' dir='ltr'><strong>ex</strong></span> <span class='ocrx_word' id='word_1_76' title='bbox 850 591 883 617; x_wconf 90' lang='lat' dir='ltr'><strong>iis</strong></span> <span class='ocrx_word' id='word_1_77' title='bbox 892 597 952 624; x_wconf 81' lang='lat' dir='ltr'><strong>quze</strong></span> 
     </span>
    </p>
   </div>
   <div class='ocr_carea' id='block_1_12' title="bbox 155 637 950 677">
    <p class='ocr_par' dir='ltr' id='par_1_12' title="bbox 155 637 950 677">
     <span class='ocr_line' id='line_1_12' title="bbox 155 637 950 677; baseline -0.014 -4"><span class='ocrx_word' id='word_1_78' title='bbox 155 653 203 673; x_wconf 88' lang='lat' dir='ltr'><strong>sua</strong></span> <span class='ocrx_word' id='word_1_79' title='bbox 219 650 278 673; x_wconf 88' lang='lat' dir='ltr'><strong>arte</strong></span> <span class='ocrx_word' id='word_1_80' title='bbox 293 644 375 677; x_wconf 88' lang='lat' dir='ltr'><strong>fiunt,</strong></span> <span class='ocrx_word' id='word_1_81' title='bbox 391 643 437 670; x_wconf 89' lang='lat' dir='ltr'><strong>det</strong></span> <span class='ocrx_word' id='word_1_82' title='bbox 449 642 505 670; x_wconf 86' lang='lat' dir='ltr'><strong>Deo</strong></span> <span class='ocrx_word' id='word_1_83' title='bbox 518 641 650 676; x_wconf 80' lang='lat' dir='ltr'><strong>primitias</strong></span> <span class='ocrx_word' id='word_1_84' title='bbox 664 638 742 674; x_wconf 89' lang='lat' dir='ltr'><strong>pretii</strong></span> <span class='ocrx_word' id='word_1_85' title='bbox 754 658 762 671; x_wconf 81' lang='lat'><strong>,</strong></span> <span class='ocrx_word' id='word_1_86' title='bbox 785 637 821 664; x_wconf 90' lang='lat' dir='ltr'><strong>ibi</strong></span> <span class='ocrx_word' id='word_1_87' title='bbox 842 643 950 672; x_wconf 89' lang='lat' dir='ltr'><strong>parvam</strong></span> 
     </span>
    </p>
   </div>
   <div class='ocr_carea' id='block_1_13' title="bbox 157 682 951 727">
    <p class='ocr_par' dir='ltr' id='par_1_13' title="bbox 157 682 951 727">
     <span class='ocr_line' id='line_1_13' title="bbox 157 682 951 727; baseline -0.014 -7"><span class='ocrx_word' id='word_1_88' title='bbox 157 697 261 727; x_wconf 86' lang='lat' dir='ltr'><strong>partem</strong></span> <span class='ocrx_word' id='word_1_89' title='bbox 277 690 384 726; x_wconf 86' lang='lat' dir='ltr'><strong>dejiciat</strong></span> <span class='ocrx_word' id='word_1_90' title='bbox 394 710 402 722; x_wconf 92' lang='lat'><strong>,</strong></span> <span class='ocrx_word' id='word_1_91' title='bbox 415 693 444 717; x_wconf 91' lang='lat' dir='ltr'><strong>et</strong></span> <span class='ocrx_word' id='word_1_92' title='bbox 456 696 489 716; x_wconf 88' lang='lat' dir='ltr'><strong>ex</strong></span> <span class='ocrx_word' id='word_1_93' title='bbox 504 686 602 715; x_wconf 84' lang='lat' dir='ltr'><strong>minori</strong></span> <span class='ocrx_word' id='word_1_94' title='bbox 616 690 691 722; x_wconf 88' lang='lat' dir='ltr'><strong>parte</strong></span> <span class='ocrx_word' id='word_1_95' title='bbox 703 692 765 712; x_wconf 90' lang='lat' dir='ltr'><strong>cum</strong></span> <span class='ocrx_word' id='word_1_96' title='bbox 782 684 836 711; x_wconf 88' lang='lat' dir='ltr'><strong>Deo</strong></span> <span class='ocrx_word' id='word_1_97' title='bbox 850 682 934 718; x_wconf 85' lang='lat' dir='ltr'><strong>partia</strong></span> <span class='ocrx_word' id='word_1_98' title='bbox 943 697 951 702; x_wconf 86' lang='lat'><strong><em>-</em></strong></span> 
     </span>
    </p>
   </div>
   <div class='ocr_carea' id='block_1_14' title="bbox 156 729 951 773">
    <p class='ocr_par' dir='ltr' id='par_1_14' title="bbox 156 729 951 773">
     <span class='ocr_line' id='line_1_14' title="bbox 156 729 951 773; baseline -0.015 -7"><span class='ocrx_word' id='word_1_99' title='bbox 156 743 210 766; x_wconf 91' lang='lat' dir='ltr'><strong>tur.</strong></span> <span class='ocrx_word' id='word_1_100' title='bbox 231 738 323 773; x_wconf 86' lang='lat' dir='ltr'><strong>Neque</strong></span> <span class='ocrx_word' id='word_1_101' title='bbox 344 735 415 763; x_wconf 87' lang='lat' dir='ltr'><strong>enim</strong></span> <span class='ocrx_word' id='word_1_102' title='bbox 437 741 561 769; x_wconf 79' lang='lat' dir='ltr'><strong>magnum</strong></span> <span class='ocrx_word' id='word_1_103' title='bbox 581 732 645 768; x_wconf 87' lang='lat' dir='ltr'><strong>quid</strong></span> <span class='ocrx_word' id='word_1_104' title='bbox 668 736 750 767; x_wconf 90' lang='lat' dir='ltr'><strong>peto,</strong></span> <span class='ocrx_word' id='word_1_105' title='bbox 776 729 825 757; x_wconf 76' lang='lat' dir='ltr'><strong>Sed</strong></span> <span class='ocrx_word' id='word_1_106' title='bbox 850 732 951 756; x_wconf 89' lang='lat' dir='ltr'><strong>tantum</strong></span> 
     </span>
    </p>
   </div>
   <div class='ocr_carea' id='block_1_15' title="bbox 157 774 950 819">
    <p class='ocr_par' dir='ltr' id='par_1_15' title="bbox 157 774 950 819">
     <span class='ocr_line' id='line_1_15' title="bbox 157 774 950 819; baseline -0.014 -8"><span class='ocrx_word' id='word_1_107' title='bbox 157 789 286 819; x_wconf 88' lang='lat' dir='ltr'><strong>quantum</strong></span> <span class='ocrx_word' id='word_1_108' title='bbox 306 781 471 809; x_wconf 72' lang='lat' dir='ltr'><strong>Judmorum&#39;</strong></span> <span class='ocrx_word' id='word_1_109' title='bbox 483 779 599 807; x_wconf 76' lang='lat' dir='ltr'><strong>infantes</strong></span> <span class='ocrx_word' id='word_1_110' title='bbox 609 799 616 810; x_wconf 92' lang='lat'><strong>,</strong></span> <span class='ocrx_word' id='word_1_111' title='bbox 631 782 658 806; x_wconf 91' lang='lat' dir='ltr'><strong>et</strong></span> <span class='ocrx_word' id='word_1_112' title='bbox 672 777 746 805; x_wconf 87' lang='lat' dir='ltr'><strong>mille</strong></span> <span class='ocrx_word' id='word_1_113' title='bbox 767 775 845 803; x_wconf 84' lang='lat' dir='ltr'><strong>malis</strong></span> <span class='ocrx_word' id='word_1_114' title='bbox 858 774 930 810; x_wconf 87' lang='lat' dir='ltr'><strong>pleni</strong></span> <span class='ocrx_word' id='word_1_115' title='bbox 942 794 950 806; x_wconf 89' lang='lat'><strong>,</strong></span> 
     </span>
    </p>
   </div>
   <div class='ocr_carea' id='block_1_16' title="bbox 159 820 952 864">
    <p class='ocr_par' dir='ltr' id='par_1_16' title="bbox 159 820 952 864">
     <span class='ocr_line' id='line_1_16' title="bbox 159 820 952 864; baseline -0.014 -6"><span class='ocrx_word' id='word_1_116' title='bbox 159 835 263 859; x_wconf 83' lang='lat' dir='ltr'><strong>tantum</strong></span> <span class='ocrx_word' id='word_1_117' title='bbox 279 836 329 856; x_wconf 88' lang='lat' dir='ltr'><strong>nos</strong></span> <span class='ocrx_word' id='word_1_118' title='bbox 343 828 387 864; x_wconf 89' lang='lat' dir='ltr'><strong>qui</strong></span> <span class='ocrx_word' id='word_1_119' title='bbox 407 827 501 855; x_wconf 82' lang='lat' dir='ltr'><strong>caelum</strong></span> <span class='ocrx_word' id='word_1_120' title='bbox 514 830 713 860; x_wconf 85' lang='lat' dir='ltr'><strong>exSpectamus,</strong></span> <span class='ocrx_word' id='word_1_121' title='bbox 728 823 868 858; x_wconf 86' lang='lat' dir='ltr'><strong>jaciamus.</strong></span> <span class='ocrx_word' id='word_1_122' title='bbox 889 820 952 848; x_wconf 61' lang='lat' dir='ltr'><strong>llzcc</strong></span> 
     </span>
    </p>
   </div>
   <div class='ocr_carea' id='block_1_17' title="bbox 159 867 952 908">
    <p class='ocr_par' dir='ltr' id='par_1_17' title="bbox 159 867 952 908">
     <span class='ocr_line' id='line_1_17' title="bbox 159 867 952 908; baseline -0.014 -4"><span class='ocrx_word' id='word_1_123' title='bbox 159 881 249 904; x_wconf 85' lang='lat' dir='ltr'><strong>autem</strong></span> <span class='ocrx_word' id='word_1_124' title='bbox 265 874 325 902; x_wconf 82' lang='lat' dir='ltr'><strong>dico</strong></span> <span class='ocrx_word' id='word_1_125' title='bbox 343 881 396 901; x_wconf 90' lang='lat' dir='ltr'><strong>non</strong></span> <span class='ocrx_word' id='word_1_126' title='bbox 419 873 505 908; x_wconf 80' lang='lat' dir='ltr'><strong>legem</strong></span> <span class='ocrx_word' id='word_1_127' title='bbox 523 871 630 903; x_wconf 84' lang='lat' dir='ltr'><strong>ferens,</strong></span> <span class='ocrx_word' id='word_1_128' title='bbox 646 876 733 905; x_wconf 91' lang='lat' dir='ltr'><strong>neque</strong></span> <span class='ocrx_word' id='word_1_129' title='bbox 749 867 894 903; x_wconf 85' lang='lat' dir='ltr'><strong>prohibens</strong></span> <span class='ocrx_word' id='word_1_130' title='bbox 918 873 952 894; x_wconf 88' lang='lat' dir='ltr'><strong>ne</strong></span> 
     </span>
    </p>
   </div>
   <div class='ocr_carea' id='block_1_18' title="bbox 160 912 950 957">
    <p class='ocr_par' dir='ltr' id='par_1_18' title="bbox 160 912 950 957">
     <span class='ocr_line' id='line_1_18' title="bbox 160 912 950 957; baseline -0.013 -8"><span class='ocrx_word' id='word_1_131' title='bbox 160 922 219 957; x_wconf 86' lang='lat' dir='ltr'><strong>plus</strong></span> <span class='ocrx_word' id='word_1_132' title='bbox 233 927 336 956; x_wconf 82' lang='lat' dir='ltr'><strong>eroges,</strong></span> <span class='ocrx_word' id='word_1_133' title='bbox 351 919 398 947; x_wconf 90' lang='lat' dir='ltr'><strong>scd</strong></span> <span class='ocrx_word' id='word_1_134' title='bbox 411 926 516 954; x_wconf 65' lang='lat' dir='ltr'><strong>acquum</strong></span> <span class='ocrx_word' id='word_1_135' title='bbox 530 924 644 945; x_wconf 81' lang='lat' dir='ltr'><strong>censeris</strong></span> <span class='ocrx_word' id='word_1_136' title='bbox 657 921 685 943; x_wconf 92' lang='lat' dir='ltr'><strong>ut</strong></span> <span class='ocrx_word' id='word_1_137' title='bbox 698 923 752 942; x_wconf 91' lang='lat' dir='ltr'><strong>non</strong></span> <span class='ocrx_word' id='word_1_138' title='bbox 765 914 854 942; x_wconf 88' lang='lat' dir='ltr'><strong>minus</strong></span> <span class='ocrx_word' id='word_1_139' title='bbox 868 912 950 947; x_wconf 88' lang='lat' dir='ltr'><strong>depo-</strong></span> 
     </span>
    </p>
   </div>
   <div class='ocr_carea' id='block_1_19' title="bbox 667 111 1283 142">
    <p class='ocr_par' dir='ltr' id='par_1_19' title="bbox 667 111 1283 142">
     <span class='ocr_line' id='line_1_19' title="bbox 667 111 1283 142; baseline -0.006 0"><span class='ocrx_word' id='word_1_140' title='bbox 667 114 700 142; x_wconf 67' lang='lat' dir='ltr'><strong>IN</strong></span> <span class='ocrx_word' id='word_1_141' title='bbox 721 112 826 142; x_wconf 80' lang='lat' dir='ltr'><strong>EPIST.</strong></span> <span class='ocrx_word' id='word_1_142' title='bbox 849 113 858 140; x_wconf 87' lang='lat' dir='ltr'><strong>l</strong></span> <span class='ocrx_word' id='word_1_143' title='bbox 891 111 935 139; x_wconf 79' lang='lat' dir='ltr'><strong>AD</strong></span> <span class='ocrx_word' id='word_1_144' title='bbox 955 111 1034 140; x_wconf 80' lang='lat' dir='ltr'><strong>COB.</strong></span> <span class='ocrx_word' id='word_1_145' title='bbox 1055 111 1172 140; x_wconf 70' lang='lat' dir='ltr'><strong>HOMIL.</strong></span> <span class='ocrx_word' id='word_1_146' title='bbox 1191 111 1283 139; x_wconf 78' lang='lat' dir='ltr'><strong>XLIV.</strong></span> 
     </span>
    </p>
   </div>
   <div class='ocr_carea' id='block_1_20' title="bbox 1744 114 1798 141">
    <p class='ocr_par' dir='ltr' id='par_1_20' title="bbox 1744 114 1798 141">
     <span class='ocr_line' id='line_1_20' title="bbox 1744 114 1798 141; baseline 0.019 -2"><span class='ocrx_word' id='word_1_147' title='bbox 1744 114 1798 141; x_wconf 62' lang='lat'><strong>57$</strong></span> 
     </span>
    </p>
   </div>
   <div class='ocr_carea' id='block_1_21' title="bbox 1002 179 1796 214">
    <p class='ocr_par' dir='ltr' id='par_1_21' title="bbox 1002 179 1796 214">
     <span class='ocr_line' id='line_1_21' title="bbox 1002 179 1796 214; baseline 0.004 -9"><span class='ocrx_word' id='word_1_148' title='bbox 1002 186 1049 206; x_wconf 90' lang='lat' dir='ltr'><strong>nas</strong></span> <span class='ocrx_word' id='word_1_149' title='bbox 1063 186 1142 213; x_wconf 85' lang='lat' dir='ltr'><strong>quam</strong></span> <span class='ocrx_word' id='word_1_150' title='bbox 1157 183 1259 214; x_wconf 88' lang='lat' dir='ltr'><strong>partem</strong></span> <span class='ocrx_word' id='word_1_151' title='bbox 1267 179 1410 207; x_wconf 87' lang='lat' dir='ltr'><strong>decimam.</strong></span> <span class='ocrx_word' id='word_1_152' title='bbox 1422 180 1478 208; x_wconf 81' lang='lat' dir='ltr'><strong>[loc</strong></span> <span class='ocrx_word' id='word_1_153' title='bbox 1491 185 1580 208; x_wconf 81' lang='lat' dir='ltr'><strong>autem</strong></span> <span class='ocrx_word' id='word_1_154' title='bbox 1592 181 1632 210; x_wconf 82' lang='lat' dir='ltr'><strong>fac</strong></span> <span class='ocrx_word' id='word_1_155' title='bbox 1643 189 1697 209; x_wconf 87' lang='lat' dir='ltr'><strong>non</strong></span> <span class='ocrx_word' id='word_1_156' title='bbox 1710 182 1796 208; x_wconf 84' lang='lat' dir='ltr'><strong>solum</strong></span> 
     </span>
    </p>
   </div>
   <div class='ocr_carea' id='block_1_22' title="bbox 1001 225 1798 263">
    <p class='ocr_par' dir='ltr' id='par_1_22' title="bbox 1001 225 1798 263">
     <span class='ocr_line' id='line_1_22' title="bbox 1001 225 1798 263; baseline 0.005 -12"><span class='ocrx_word' id='word_1_157' title='bbox 1001 225 1130 258; x_wconf 81' lang='lat' dir='ltr'><strong>vendens,</strong></span> <span class='ocrx_word' id='word_1_158' title='bbox 1140 225 1188 252; x_wconf 88' lang='lat' dir='ltr'><strong>sed</strong></span> <span class='ocrx_word' id='word_1_159' title='bbox 1202 227 1282 253; x_wconf 90' lang='lat' dir='ltr'><strong>etiam</strong></span> <span class='ocrx_word' id='word_1_160' title='bbox 1296 227 1482 255; x_wconf 88' lang='lat' dir='ltr'><strong>emens.llane</strong></span> <span class='ocrx_word' id='word_1_161' title='bbox 1496 228 1581 263; x_wconf 80' lang='lat' dir='ltr'><strong>legem</strong></span> <span class='ocrx_word' id='word_1_162' title='bbox 1596 229 1676 255; x_wconf 86' lang='lat' dir='ltr'><strong>etlam</strong></span> <span class='ocrx_word' id='word_1_163' title='bbox 1689 233 1798 255; x_wconf 82' lang='lat' dir='ltr'><strong>servent</strong></span> 
     </span>
    </p>
   </div>
   <div class='ocr_carea' id='block_1_23' title="bbox 1002 272 1796 308">
    <p class='ocr_par' dir='ltr' id='par_1_23' title="bbox 1002 272 1796 308">
     <span class='ocr_line' id='line_1_23' title="bbox 1002 272 1796 308; baseline 0.003 -10"><span class='ocrx_word' id='word_1_164' title='bbox 1002 272 1047 306; x_wconf 89' lang='lat' dir='ltr'><strong>qui</strong></span> <span class='ocrx_word' id='word_1_165' title='bbox 1063 272 1162 306; x_wconf 73' lang='lat' dir='ltr'><strong>praedia</strong></span> <span class='ocrx_word' id='word_1_166' title='bbox 1178 272 1317 307; x_wconf 85' lang='lat' dir='ltr'><strong>possident</strong></span> <span class='ocrx_word' id='word_1_167' title='bbox 1330 273 1356 300; x_wconf 89' lang='lat' dir='ltr'><strong>in</strong></span> <span class='ocrx_word' id='word_1_168' title='bbox 1370 274 1562 308; x_wconf 75' lang='lat' dir='ltr'><strong>proventibus:</strong></span> <span class='ocrx_word' id='word_1_169' title='bbox 1576 281 1635 302; x_wconf 89' lang='lat' dir='ltr'><strong>eam</strong></span> <span class='ocrx_word' id='word_1_170' title='bbox 1649 280 1744 301; x_wconf 86' lang='lat' dir='ltr'><strong>omnes</strong></span> <span class='ocrx_word' id='word_1_171' title='bbox 1751 275 1796 308; x_wconf 88' lang='lat' dir='ltr'><strong>qui</strong></span> 
     </span>
    </p>
   </div>
   <div class='ocr_carea' id='block_1_24' title="bbox 1002 316 1796 355">
    <p class='ocr_par' dir='ltr' id='par_1_24' title="bbox 1002 316 1796 355">
     <span class='ocr_line' id='line_1_24' title="bbox 1002 316 1796 355; baseline 0.004 -12"><span class='ocrx_word' id='word_1_172' title='bbox 1002 316 1091 351; x_wconf 86' lang='lat' dir='ltr'><strong>justos</strong></span> <span class='ocrx_word' id='word_1_173' title='bbox 1103 317 1234 353; x_wconf 88' lang='lat' dir='ltr'><strong>colligunt</strong></span> <span class='ocrx_word' id='word_1_174' title='bbox 1248 323 1403 353; x_wconf 86' lang='lat' dir='ltr'><strong>proventus.</strong></span> <span class='ocrx_word' id='word_1_175' title='bbox 1417 319 1457 346; x_wconf 82' lang='lat' dir='ltr'><strong>Ad</strong></span> <span class='ocrx_word' id='word_1_176' title='bbox 1470 327 1517 347; x_wconf 89' lang='lat' dir='ltr'><strong>eos</strong></span> <span class='ocrx_word' id='word_1_177' title='bbox 1532 320 1614 353; x_wconf 88' lang='lat' dir='ltr'><strong>enim,</strong></span> <span class='ocrx_word' id='word_1_178' title='bbox 1629 319 1674 355; x_wconf 88' lang='lat' dir='ltr'><strong>qui</strong></span> <span class='ocrx_word' id='word_1_179' title='bbox 1688 326 1796 347; x_wconf 87' lang='lat' dir='ltr'><strong>usuram</strong></span> 
     </span>
    </p>
   </div>
   <div class='ocr_carea' id='block_1_25' title="bbox 1004 362 1796 401">
    <p class='ocr_par' dir='ltr' id='par_1_25' title="bbox 1004 362 1796 401">
     <span class='ocr_line' id='line_1_25' title="bbox 1004 362 1796 401; baseline 0.004 -12"><span class='ocrx_word' id='word_1_180' title='bbox 1004 362 1132 398; x_wconf 81' lang='lat' dir='ltr'><strong>exigunt,</strong></span> <span class='ocrx_word' id='word_1_181' title='bbox 1147 370 1162 389; x_wconf 92' lang='lat' dir='ltr'><strong>a</strong></span> <span class='ocrx_word' id='word_1_182' title='bbox 1174 371 1217 391; x_wconf 90' lang='lat' dir='ltr'><strong>me</strong></span> <span class='ocrx_word' id='word_1_183' title='bbox 1230 364 1311 392; x_wconf 89' lang='lat' dir='ltr'><strong>verba</strong></span> <span class='ocrx_word' id='word_1_184' title='bbox 1324 372 1378 392; x_wconf 93' lang='lat' dir='ltr'><strong>non</strong></span> <span class='ocrx_word' id='word_1_185' title='bbox 1393 365 1477 398; x_wconf 90' lang='lat' dir='ltr'><strong>fiunt;</strong></span> <span class='ocrx_word' id='word_1_186' title='bbox 1492 374 1580 400; x_wconf 88' lang='lat' dir='ltr'><strong>neque</strong></span> <span class='ocrx_word' id='word_1_187' title='bbox 1593 366 1626 393; x_wconf 90' lang='lat' dir='ltr'><strong>ad</strong></span> <span class='ocrx_word' id='word_1_188' title='bbox 1639 365 1739 393; x_wconf 85' lang='lat' dir='ltr'><strong>milites</strong></span> <span class='ocrx_word' id='word_1_189' title='bbox 1751 365 1796 401; x_wconf 85' lang='lat' dir='ltr'><strong>qui</strong></span> 
     </span>
    </p>
   </div>
   <div class='ocr_carea' id='block_1_26' title="bbox 1004 408 1796 446">
    <p class='ocr_par' dir='ltr' id='par_1_26' title="bbox 1004 408 1796 446">
     <span class='ocr_line' id='line_1_26' title="bbox 1004 408 1796 446; baseline 0.003 -11"><span class='ocrx_word' id='word_1_190' title='bbox 1004 408 1071 436; x_wconf 87' lang='lat' dir='ltr'><strong>alios</strong></span> <span class='ocrx_word' id='word_1_191' title='bbox 1099 409 1277 441; x_wconf 86' lang='lat' dir='ltr'><strong>concutiunt,</strong></span> <span class='ocrx_word' id='word_1_192' title='bbox 1307 415 1335 438; x_wconf 85' lang='lat' dir='ltr'><strong>et</strong></span> <span class='ocrx_word' id='word_1_193' title='bbox 1353 411 1413 438; x_wconf 86' lang='lat' dir='ltr'><strong>aliis</strong></span> <span class='ocrx_word' id='word_1_194' title='bbox 1439 417 1584 446; x_wconf 82' lang='lat' dir='ltr'><strong>procurant</strong></span> <span class='ocrx_word' id='word_1_195' title='bbox 1608 412 1796 439; x_wconf 81' lang='lat' dir='ltr'><strong>calamitates:</strong></span> 
     </span>
    </p>
   </div>
   <div class='ocr_carea' id='block_1_27' title="bbox 1004 453 1799 492">
    <p class='ocr_par' dir='ltr' id='par_1_27' title="bbox 1004 453 1799 492">
     <span class='ocr_line' id='line_1_27' title="bbox 1004 453 1799 492; baseline 0.005 -12"><span class='ocrx_word' id='word_1_196' title='bbox 1004 453 1076 480; x_wconf 87' lang='lat' dir='ltr'><strong>Deus</strong></span> <span class='ocrx_word' id='word_1_197' title='bbox 1098 454 1170 481; x_wconf 91' lang='lat' dir='ltr'><strong>enim</strong></span> <span class='ocrx_word' id='word_1_198' title='bbox 1191 455 1258 482; x_wconf 88' lang='lat' dir='ltr'><strong>nihil</strong></span> <span class='ocrx_word' id='word_1_199' title='bbox 1281 455 1343 482; x_wconf 90' lang='lat' dir='ltr'><strong>imle</strong></span> <span class='ocrx_word' id='word_1_200' title='bbox 1364 456 1422 483; x_wconf 84' lang='lat' dir='ltr'><strong>vult</strong></span> <span class='ocrx_word' id='word_1_201' title='bbox 1435 457 1576 492; x_wconf 81' lang='lat' dir='ltr'><strong>accipere:</strong></span> <span class='ocrx_word' id='word_1_202' title='bbox 1592 456 1639 484; x_wconf 88' lang='lat' dir='ltr'><strong>sed</strong></span> <span class='ocrx_word' id='word_1_203' title='bbox 1660 457 1718 484; x_wconf 60' lang='lat' dir='ltr'><strong>hate</strong></span> <span class='ocrx_word' id='word_1_204' title='bbox 1737 456 1799 483; x_wconf 85' lang='lat' dir='ltr'><strong>dico</strong></span> 
     </span>
    </p>
   </div>
   <div class='ocr_carea' id='block_1_28' title="bbox 1004 499 1798 537">
    <p class='ocr_par' dir='ltr' id='par_1_28' title="bbox 1004 499 1798 537">
     <span class='ocr_line' id='line_1_28' title="bbox 1004 499 1798 537; baseline 0.004 -11"><span class='ocrx_word' id='word_1_205' title='bbox 1004 499 1055 531; x_wconf 80' lang='lat' dir='ltr'><strong>eis,</strong></span> <span class='ocrx_word' id='word_1_206' title='bbox 1070 499 1116 535; x_wconf 88' lang='lat' dir='ltr'><strong>qui</strong></span> <span class='ocrx_word' id='word_1_207' title='bbox 1131 507 1163 527; x_wconf 82' lang='lat' dir='ltr'><strong>ex</strong></span> <span class='ocrx_word' id='word_1_208' title='bbox 1175 500 1256 535; x_wconf 73' lang='lat' dir='ltr'><strong>juSIis</strong></span> <span class='ocrx_word' id='word_1_209' title='bbox 1270 501 1406 529; x_wconf 80' lang='lat' dir='ltr'><strong>laboribus</strong></span> <span class='ocrx_word' id='word_1_210' title='bbox 1420 501 1560 530; x_wconf 81' lang='lat' dir='ltr'><strong>facultates</strong></span> <span class='ocrx_word' id='word_1_211' title='bbox 1573 503 1712 537; x_wconf 81' lang='lat' dir='ltr'><strong>colligunt.</strong></span> <span class='ocrx_word' id='word_1_212' title='bbox 1731 501 1798 530; x_wconf 81' lang='lat' dir='ltr'><strong>Nam</strong></span> 
     </span>
    </p>
   </div>
   <div class='ocr_carea' id='block_1_29' title="bbox 1005 545 1799 580">
    <p class='ocr_par' dir='ltr' id='par_1_29' title="bbox 1005 545 1799 580">
     <span class='ocr_line' id='line_1_29' title="bbox 1005 545 1799 580; baseline 0.004 -8"><span class='ocrx_word' id='word_1_213' title='bbox 1005 545 1027 572; x_wconf 90' lang='lat' dir='ltr'><strong>si</strong></span> <span class='ocrx_word' id='word_1_214' title='bbox 1049 553 1100 573; x_wconf 88' lang='lat' dir='ltr'><strong>nos</strong></span> <span class='ocrx_word' id='word_1_215' title='bbox 1124 545 1198 580; x_wconf 89' lang='lat' dir='ltr'><strong>ipsos</strong></span> <span class='ocrx_word' id='word_1_216' title='bbox 1215 546 1248 573; x_wconf 91' lang='lat' dir='ltr'><strong>ad</strong></span> <span class='ocrx_word' id='word_1_217' title='bbox 1271 553 1331 574; x_wconf 89' lang='lat' dir='ltr'><strong>eam</strong></span> <span class='ocrx_word' id='word_1_218' title='bbox 1352 547 1542 576; x_wconf 83' lang='lat' dir='ltr'><strong>deduxerimus</strong></span> <span class='ocrx_word' id='word_1_219' title='bbox 1557 547 1799 579; x_wconf 82' lang='lat' dir='ltr'><strong>consuetudinem,</strong></span> 
     </span>
    </p>
   </div>
   <div class='ocr_carea' id='block_1_30' title="bbox 1005 590 1801 628">
    <p class='ocr_par' dir='ltr' id='par_1_30' title="bbox 1005 590 1801 628">
     <span class='ocr_line' id='line_1_30' title="bbox 1005 590 1801 628; baseline 0.005 -11"><span class='ocrx_word' id='word_1_220' title='bbox 1005 597 1056 618; x_wconf 93' lang='lat' dir='ltr'><strong>nos</strong></span> <span class='ocrx_word' id='word_1_221' title='bbox 1067 590 1196 626; x_wconf 86' lang='lat' dir='ltr'><strong>deinceps</strong></span> <span class='ocrx_word' id='word_1_222' title='bbox 1219 597 1320 628; x_wconf 86' lang='lat' dir='ltr'><strong>punget</strong></span> <span class='ocrx_word' id='word_1_223' title='bbox 1332 594 1496 620; x_wconf 85' lang='lat' dir='ltr'><strong>conscientia</strong></span> <span class='ocrx_word' id='word_1_224' title='bbox 1505 615 1512 627; x_wconf 90' lang='lat'><strong>,</strong></span> <span class='ocrx_word' id='word_1_225' title='bbox 1527 594 1549 621; x_wconf 89' lang='lat' dir='ltr'><strong>si</strong></span> <span class='ocrx_word' id='word_1_226' title='bbox 1563 594 1632 621; x_wconf 89' lang='lat' dir='ltr'><strong>hanc</strong></span> <span class='ocrx_word' id='word_1_227' title='bbox 1644 594 1801 622; x_wconf 82' lang='lat' dir='ltr'><strong>deseramus</strong></span> 
     </span>
    </p>
   </div>
   <div class='ocr_carea' id='block_1_31' title="bbox 1005 636 1802 675">
    <p class='ocr_par' dir='ltr' id='par_1_31' title="bbox 1005 636 1802 675">
     <span class='ocr_line' id='line_1_31' title="bbox 1005 636 1802 675; baseline 0.005 -13"><span class='ocrx_word' id='word_1_228' title='bbox 1005 636 1110 671; x_wconf 84' lang='lat' dir='ltr'><strong>legem;</strong></span> <span class='ocrx_word' id='word_1_229' title='bbox 1131 645 1220 672; x_wconf 87' lang='lat' dir='ltr'><strong>neque</strong></span> <span class='ocrx_word' id='word_1_230' title='bbox 1240 645 1297 665; x_wconf 87' lang='lat' dir='ltr'><strong>rem</strong></span> <span class='ocrx_word' id='word_1_231' title='bbox 1319 639 1532 667; x_wconf 78' lang='lat' dir='ltr'><strong>existimabimus</strong></span> <span class='ocrx_word' id='word_1_232' title='bbox 1547 647 1666 675; x_wconf 78' lang='lat' dir='ltr'><strong>gravem,</strong></span> <span class='ocrx_word' id='word_1_233' title='bbox 1682 644 1709 668; x_wconf 89' lang='lat' dir='ltr'><strong>et</strong></span> <span class='ocrx_word' id='word_1_234' title='bbox 1732 647 1802 674; x_wconf 78' lang='lat' dir='ltr'><strong>pau-</strong></span> 
     </span>
    </p>
   </div>
   <div class='ocr_carea' id='block_1_32' title="bbox 1005 681 1802 719">
    <p class='ocr_par' dir='ltr' id='par_1_32' title="bbox 1005 681 1802 719">
     <span class='ocr_line' id='line_1_32' title="bbox 1005 681 1802 719; baseline 0.005 -10"><span class='ocrx_word' id='word_1_235' title='bbox 1005 681 1080 710; x_wconf 85' lang='lat' dir='ltr'><strong>latim</strong></span> <span class='ocrx_word' id='word_1_236' title='bbox 1094 683 1234 712; x_wconf 82' lang='lat' dir='ltr'><strong>veniemus</strong></span> <span class='ocrx_word' id='word_1_237' title='bbox 1252 684 1286 711; x_wconf 87' lang='lat' dir='ltr'><strong>ad</strong></span> <span class='ocrx_word' id='word_1_238' title='bbox 1299 684 1400 719; x_wconf 88' lang='lat' dir='ltr'><strong>majora</strong></span> <span class='ocrx_word' id='word_1_239' title='bbox 1411 706 1418 718; x_wconf 89' lang='lat'><strong>,</strong></span> <span class='ocrx_word' id='word_1_240' title='bbox 1443 689 1470 712; x_wconf 89' lang='lat' dir='ltr'><strong>et</strong></span> <span class='ocrx_word' id='word_1_241' title='bbox 1485 686 1606 713; x_wconf 87' lang='lat' dir='ltr'><strong>meditati</strong></span> <span class='ocrx_word' id='word_1_242' title='bbox 1627 690 1802 714; x_wconf 83' lang='lat' dir='ltr'><strong>contemnere</strong></span> 
     </span>
    </p>
   </div>
   <div class='ocr_carea' id='block_1_33' title="bbox 1005 729 1802 764">
    <p class='ocr_par' dir='ltr' id='par_1_33' title="bbox 1005 729 1802 764">
     <span class='ocr_line' id='line_1_33' title="bbox 1005 729 1802 764; baseline 0.004 -9"><span class='ocrx_word' id='word_1_243' title='bbox 1005 729 1143 762; x_wconf 82' lang='lat' dir='ltr'><strong>pecunias,</strong></span> <span class='ocrx_word' id='word_1_244' title='bbox 1158 737 1218 756; x_wconf 91' lang='lat' dir='ltr'><strong>cum</strong></span> <span class='ocrx_word' id='word_1_245' title='bbox 1233 730 1367 758; x_wconf 90' lang='lat' dir='ltr'><strong>malorum</strong></span> <span class='ocrx_word' id='word_1_246' title='bbox 1381 730 1499 758; x_wconf 89' lang='lat' dir='ltr'><strong>radicem</strong></span> <span class='ocrx_word' id='word_1_247' title='bbox 1513 731 1701 764; x_wconf 90' lang='lat' dir='ltr'><strong>evulserimns,</strong></span> <span class='ocrx_word' id='word_1_248' title='bbox 1717 735 1745 758; x_wconf 93' lang='lat' dir='ltr'><strong>et</strong></span> <span class='ocrx_word' id='word_1_249' title='bbox 1758 731 1802 759; x_wconf 85' lang='lat' dir='ltr'><strong>hic</strong></span> 
     </span>
    </p>
   </div>
   <div class='ocr_carea' id='block_1_34' title="bbox 1005 774 1802 811">
    <p class='ocr_par' dir='ltr' id='par_1_34' title="bbox 1005 774 1802 811">
     <span class='ocr_line' id='line_1_34' title="bbox 1005 774 1802 811; baseline 0.004 -10"><span class='ocrx_word' id='word_1_250' title='bbox 1005 774 1085 802; x_wconf 84' lang='lat' dir='ltr'><strong>vitam</strong></span> <span class='ocrx_word' id='word_1_251' title='bbox 1101 783 1195 803; x_wconf 90' lang='lat' dir='ltr'><strong>secure</strong></span> <span class='ocrx_word' id='word_1_252' title='bbox 1209 780 1235 804; x_wconf 92' lang='lat' dir='ltr'><strong>et</strong></span> <span class='ocrx_word' id='word_1_253' title='bbox 1254 776 1397 811; x_wconf 88' lang='lat' dir='ltr'><strong>tranquille</strong></span> <span class='ocrx_word' id='word_1_254' title='bbox 1411 783 1538 811; x_wconf 85' lang='lat' dir='ltr'><strong>agemus,</strong></span> <span class='ocrx_word' id='word_1_255' title='bbox 1554 782 1582 804; x_wconf 88' lang='lat' dir='ltr'><strong>et</strong></span> <span class='ocrx_word' id='word_1_256' title='bbox 1601 776 1682 804; x_wconf 84' lang='lat' dir='ltr'><strong>vitam</strong></span> <span class='ocrx_word' id='word_1_257' title='bbox 1703 783 1802 804; x_wconf 80' lang='lat' dir='ltr'><strong>conSc-</strong></span> 
     </span>
    </p>
   </div>
   <div class='ocr_carea' id='block_1_35' title="bbox 1005 821 1801 858">
    <p class='ocr_par' dir='ltr' id='par_1_35' title="bbox 1005 821 1801 858">
     <span class='ocr_line' id='line_1_35' title="bbox 1005 821 1801 858; baseline 0.003 -10"><span class='ocrx_word' id='word_1_258' title='bbox 1005 829 1119 856; x_wconf 85' lang='lat' dir='ltr'><strong>quemur</strong></span> <span class='ocrx_word' id='word_1_259' title='bbox 1132 821 1247 851; x_wconf 81' lang='lat' dir='ltr'><strong>futuram</strong></span> <span class='ocrx_word' id='word_1_260' title='bbox 1260 832 1267 850; x_wconf 88' lang='lat'><strong>:</strong></span> <span class='ocrx_word' id='word_1_261' title='bbox 1281 831 1360 858; x_wconf 87' lang='lat' dir='ltr'><strong>quam</strong></span> <span class='ocrx_word' id='word_1_262' title='bbox 1376 823 1456 851; x_wconf 86' lang='lat' dir='ltr'><strong>detur</strong></span> <span class='ocrx_word' id='word_1_263' title='bbox 1470 823 1549 852; x_wconf 86' lang='lat' dir='ltr'><strong>nobis</strong></span> <span class='ocrx_word' id='word_1_264' title='bbox 1560 823 1687 852; x_wconf 87' lang='lat' dir='ltr'><strong>omnibus</strong></span> <span class='ocrx_word' id='word_1_265' title='bbox 1701 830 1801 851; x_wconf 89' lang='lat' dir='ltr'><strong>conse-</strong></span> 
     </span>
    </p>
   </div>
   <div class='ocr_carea' id='block_1_36' title="bbox 1006 868 1133 903">
    <p class='ocr_par' dir='ltr' id='par_1_36' title="bbox 1006 868 1133 903">
     <span class='ocr_line' id='line_1_36' title="bbox 1006 868 1133 903; baseline 0.016 -9"><span class='ocrx_word' id='word_1_266' title='bbox 1006 868 1051 903; x_wconf 91' lang='lat' dir='ltr'><strong>qui</strong></span> <span class='ocrx_word' id='word_1_267' title='bbox 1060 888 1068 901; x_wconf 87' lang='lat'><strong>,</strong></span> <span class='ocrx_word' id='word_1_268' title='bbox 1082 873 1133 896; x_wconf 89' lang='lat' dir='ltr'><strong>etc.</strong></span> 
     </span>
    </p>
   </div>
   <div class='ocr_carea' id='block_1_37' title="bbox 159 968 1797 986">
    <p class='ocr_par' dir='ltr' id='par_1_37' title="bbox 159 968 1797 986">
     <span class='ocr_line' id='line_1_37' title="bbox 159 968 1797 986; baseline -0.005 0"><span class='ocrx_word' id='word_1_269' title='bbox 159 968 1797 986; x_wconf 39' lang='grc' dir='ltr'>Μ</span> 
     </span>
    </p>
   </div>
   <div class='ocr_carea' id='block_1_38' title="bbox 833 994 1137 1027">
    <p class='ocr_par' dir='ltr' id='par_1_38' title="bbox 833 994 1137 1027">
     <span class='ocr_line' id='line_1_38' title="bbox 833 994 1137 1027; baseline 0 -1"><span class='ocrx_word' id='word_1_270' title='bbox 833 994 1007 1026; x_wconf 80' lang='lat' dir='ltr'><strong>HOMILIA</strong></span> <span class='ocrx_word' id='word_1_271' title='bbox 1024 996 1137 1027; x_wconf 83' lang='lat' dir='ltr'><strong>XLIV.</strong></span> 
     </span>
    </p>
   </div>
   <div class='ocr_carea' id='block_1_39' title="bbox 159 1047 952 1085">
    <p class='ocr_par' dir='ltr' id='par_1_39' title="bbox 159 1047 952 1085">
     <span class='ocr_line' id='line_1_39' title="bbox 159 1047 952 1085; baseline -0.018 0"><span class='ocrx_word' id='word_1_272' title='bbox 159 1057 225 1085; x_wconf 70' lang='lat' dir='ltr'><strong>Car.</strong></span> <span class='ocrx_word' id='word_1_273' title='bbox 243 1057 286 1084; x_wconf 82' lang='lat' dir='ltr'><strong>i6.</strong></span> <span class='ocrx_word' id='word_1_274' title='bbox 308 1063 334 1082; x_wconf 64' lang='grc' dir='ltr'><strong>π.</strong></span> <span class='ocrx_word' id='word_1_275' title='bbox 355 1054 398 1082; x_wconf 77' lang='grc'><strong>10.</strong></span> <span class='ocrx_word' id='word_1_276' title='bbox 421 1054 451 1082; x_wconf 89' lang='lat' dir='ltr'><strong>Si</strong></span> <span class='ocrx_word' id='word_1_277' title='bbox 469 1057 552 1080; x_wconf 82' lang='lat' dir='ltr'><strong>autem</strong></span> <span class='ocrx_word' id='word_1_278' title='bbox 570 1051 661 1078; x_wconf 79' lang='lat' dir='ltr'><strong>venerit</strong></span> <span class='ocrx_word' id='word_1_279' title='bbox 677 1048 823 1077; x_wconf 71' lang='lat' dir='ltr'><strong>Timotheus</strong></span> <span class='ocrx_word' id='word_1_280' title='bbox 838 1047 871 1073; x_wconf 85' lang='lat' dir='ltr'><strong>ad</strong></span> <span class='ocrx_word' id='word_1_281' title='bbox 892 1053 952 1078; x_wconf 80' lang='lat' dir='ltr'><strong>vos,</strong></span> 
     </span>
    </p>
   </div>
   <div class='ocr_carea' id='block_1_40' title="bbox 313 1094 802 1131">
    <p class='ocr_par' dir='ltr' id='par_1_40' title="bbox 313 1094 802 1131">
     <span class='ocr_line' id='line_1_40' title="bbox 313 1094 802 1131; baseline -0.016 -3"><span class='ocrx_word' id='word_1_282' title='bbox 313 1101 392 1128; x_wconf 73' lang='lat' dir='ltr'><strong>videte</strong></span> <span class='ocrx_word' id='word_1_283' title='bbox 408 1105 436 1127; x_wconf 84' lang='lat' dir='ltr'><strong>ut</strong></span> <span class='ocrx_word' id='word_1_284' title='bbox 450 1099 505 1126; x_wconf 85' lang='lat' dir='ltr'><strong>sine</strong></span> <span class='ocrx_word' id='word_1_285' title='bbox 519 1099 608 1125; x_wconf 81' lang='lat' dir='ltr'><strong>timore</strong></span> <span class='ocrx_word' id='word_1_286' title='bbox 620 1097 653 1123; x_wconf 85' lang='lat' dir='ltr'><strong>sit</strong></span> <span class='ocrx_word' id='word_1_287' title='bbox 667 1094 735 1131; x_wconf 84' lang='lat' dir='ltr'><strong>apud</strong></span> <span class='ocrx_word' id='word_1_288' title='bbox 749 1102 802 1121; x_wconf 80' lang='lat' dir='ltr'><strong>vos.</strong></span> 
     </span>
    </p>
   </div>
   <div class='ocr_carea' id='block_1_41' title="bbox 197 1136 955 1178">
    <p class='ocr_par' dir='ltr' id='par_1_41' title="bbox 197 1136 955 1178">
     <span class='ocr_line' id='line_1_41' title="bbox 197 1136 955 1178; baseline -0.015 -4"><span class='ocrx_word' id='word_1_289' title='bbox 197 1148 222 1175; x_wconf 78' lang='lat' dir='ltr'><strong>i.</strong></span> <span class='ocrx_word' id='word_1_290' title='bbox 244 1147 387 1174; x_wconf 80' lang='lat' dir='ltr'><strong>Existimet</strong></span> <span class='ocrx_word' id='word_1_291' title='bbox 412 1145 526 1171; x_wconf 88' lang='lat' dir='ltr'><strong>fortasse</strong></span> <span class='ocrx_word' id='word_1_292' title='bbox 546 1142 678 1178; x_wconf 84' lang='lat' dir='ltr'><strong>quispiam</strong></span> <span class='ocrx_word' id='word_1_293' title='bbox 700 1141 769 1167; x_wconf 88' lang='lat' dir='ltr'><strong>hanc</strong></span> <span class='ocrx_word' id='word_1_294' title='bbox 792 1136 955 1166; x_wconf 82' lang='lat' dir='ltr'><strong>exhortatio-</strong></span> 
     </span>
    </p>
   </div>
   <div class='ocr_carea' id='block_1_42' title="bbox 163 1181 956 1227">
    <p class='ocr_par' dir='ltr' id='par_1_42' title="bbox 163 1181 956 1227">
     <span class='ocr_line' id='line_1_42' title="bbox 163 1181 956 1227; baseline -0.016 -6"><span class='ocrx_word' id='word_1_295' title='bbox 163 1201 222 1220; x_wconf 86' lang='lat' dir='ltr'><strong>nem</strong></span> <span class='ocrx_word' id='word_1_296' title='bbox 236 1200 297 1220; x_wconf 87' lang='lat' dir='ltr'><strong>esse</strong></span> <span class='ocrx_word' id='word_1_297' title='bbox 319 1191 456 1227; x_wconf 80' lang='lat' dir='ltr'><strong>indignam</strong></span> <span class='ocrx_word' id='word_1_298' title='bbox 475 1189 575 1217; x_wconf 90' lang='lat' dir='ltr'><strong>virtute</strong></span> <span class='ocrx_word' id='word_1_299' title='bbox 594 1186 746 1218; x_wconf 88' lang='lat' dir='ltr'><strong>Timothei;</strong></span> <span class='ocrx_word' id='word_1_300' title='bbox 762 1184 810 1212; x_wconf 86' lang='lat' dir='ltr'><strong>sed</strong></span> <span class='ocrx_word' id='word_1_301' title='bbox 830 1189 882 1211; x_wconf 87' lang='lat' dir='ltr'><strong>non</strong></span> <span class='ocrx_word' id='word_1_302' title='bbox 904 1181 956 1209; x_wconf 87' lang='lat' dir='ltr'><strong>hoc</strong></span> 
     </span>
    </p>
   </div>
   <div class='ocr_carea' id='block_1_43' title="bbox 163 1228 954 1272">
    <p class='ocr_par' dir='ltr' id='par_1_43' title="bbox 163 1228 954 1272">
     <span class='ocr_line' id='line_1_43' title="bbox 163 1228 954 1272; baseline -0.015 -6"><span class='ocrx_word' id='word_1_303' title='bbox 163 1238 260 1266; x_wconf 83' lang='lat' dir='ltr'><strong>dictum</strong></span> <span class='ocrx_word' id='word_1_304' title='bbox 269 1242 311 1265; x_wconf 83' lang='lat' dir='ltr'><strong>est</strong></span> <span class='ocrx_word' id='word_1_305' title='bbox 319 1240 428 1272; x_wconf 87' lang='lat' dir='ltr'><strong>propter</strong></span> <span class='ocrx_word' id='word_1_306' title='bbox 438 1233 619 1265; x_wconf 83' lang='lat' dir='ltr'><strong>Timotheum,</strong></span> <span class='ocrx_word' id='word_1_307' title='bbox 628 1231 675 1260; x_wconf 87' lang='lat' dir='ltr'><strong>sed</strong></span> <span class='ocrx_word' id='word_1_308' title='bbox 685 1235 793 1266; x_wconf 84' lang='lat' dir='ltr'><strong>prepter</strong></span> <span class='ocrx_word' id='word_1_309' title='bbox 804 1228 954 1259; x_wconf 81' lang='lat' dir='ltr'><strong>audientes,</strong></span> 
     </span>
    </p>
   </div>
   <div class='ocr_carea' id='block_1_44' title="bbox 164 1273 955 1318">
    <p class='ocr_par' dir='ltr' id='par_1_44' title="bbox 164 1273 955 1318">
     <span class='ocr_line' id='line_1_44' title="bbox 164 1273 955 1318; baseline -0.014 -7"><span class='ocrx_word' id='word_1_310' title='bbox 164 1291 197 1311; x_wconf 92' lang='lat' dir='ltr'><strong>ne</strong></span> <span class='ocrx_word' id='word_1_311' title='bbox 210 1290 259 1318; x_wconf 90' lang='lat' dir='ltr'><strong>per</strong></span> <span class='ocrx_word' id='word_1_312' title='bbox 272 1289 319 1310; x_wconf 82' lang='lat' dir='ltr'><strong>ens</strong></span> <span class='ocrx_word' id='word_1_313' title='bbox 328 1289 389 1317; x_wconf 66' lang='lat' dir='ltr'><strong>quae</strong></span> <span class='ocrx_word' id='word_1_314' title='bbox 398 1281 446 1317; x_wconf 92' lang='lat' dir='ltr'><strong>ipsi</strong></span> <span class='ocrx_word' id='word_1_315' title='bbox 462 1283 619 1316; x_wconf 85' lang='lat' dir='ltr'><strong>pararentur</strong></span> <span class='ocrx_word' id='word_1_316' title='bbox 635 1277 746 1305; x_wconf 87' lang='lat' dir='ltr'><strong>insidias</strong></span> <span class='ocrx_word' id='word_1_317' title='bbox 758 1276 861 1310; x_wconf 86' lang='lat' dir='ltr'><strong>seipsos</strong></span> <span class='ocrx_word' id='word_1_318' title='bbox 874 1273 955 1302; x_wconf 67' lang='lat' dir='ltr'><strong>lzede-</strong></span> 
     </span>
    </p>
   </div>
   <div class='ocr_carea' id='block_1_45' title="bbox 164 1320 956 1361">
    <p class='ocr_par' dir='ltr' id='par_1_45' title="bbox 164 1320 956 1361">
     <span class='ocr_line' id='line_1_45' title="bbox 164 1320 956 1361; baseline -0.011 -5"><span class='ocrx_word' id='word_1_319' title='bbox 164 1334 239 1356; x_wconf 84' lang='lat' dir='ltr'><strong>rent:</strong></span> <span class='ocrx_word' id='word_1_320' title='bbox 252 1329 298 1356; x_wconf 90' lang='lat' dir='ltr'><strong>ille</strong></span> <span class='ocrx_word' id='word_1_321' title='bbox 309 1329 382 1355; x_wconf 88' lang='lat' dir='ltr'><strong>enim</strong></span> <span class='ocrx_word' id='word_1_322' title='bbox 393 1333 502 1361; x_wconf 76' lang='lat' dir='ltr'><strong>semper</strong></span> <span class='ocrx_word' id='word_1_323' title='bbox 511 1330 569 1354; x_wconf 87' lang='lat' dir='ltr'><strong>erat</strong></span> <span class='ocrx_word' id='word_1_324' title='bbox 581 1323 706 1360; x_wconf 88' lang='lat' dir='ltr'><strong>proclivis</strong></span> <span class='ocrx_word' id='word_1_325' title='bbox 718 1330 749 1350; x_wconf 89' lang='lat' dir='ltr'><strong>ac</strong></span> <span class='ocrx_word' id='word_1_326' title='bbox 761 1328 910 1357; x_wconf 81' lang='lat' dir='ltr'><strong>propensus</strong></span> <span class='ocrx_word' id='word_1_327' title='bbox 922 1320 956 1347; x_wconf 93' lang='lat' dir='ltr'><strong>ad</strong></span> 
     </span>
    </p>
   </div>
   <div class='ocr_carea' id='block_1_46' title="bbox 163 1368 958 1409">
    <p class='ocr_par' dir='ltr' id='par_1_46' title="bbox 163 1368 958 1409">
     <span class='ocr_line' id='line_1_46' title="bbox 163 1368 958 1409; baseline -0.011 -7"><span class='ocrx_word' id='word_1_328' title='bbox 163 1374 283 1402; x_wconf 81' lang='lat' dir='ltr'><strong>adeunda</strong></span> <span class='ocrx_word' id='word_1_329' title='bbox 294 1372 489 1409; x_wconf 87' lang='lat' dir='ltr'><strong>pericula.Nam</strong></span> <span class='ocrx_word' id='word_1_330' title='bbox 498 1371 637 1407; x_wconf 82' lang='lat' dir='ltr'><strong>Tamquam</strong></span> <span class='ocrx_word' id='word_1_331' title='bbox 646 1370 715 1405; x_wconf 78' lang='lat' dir='ltr'><strong>filius</strong></span> <span class='ocrx_word' id='word_1_332' title='bbox 721 1368 798 1404; x_wconf 80' lang='lat' dir='ltr'><strong>patri,</strong></span> <span class='ocrx_word' id='word_1_333' title='bbox 806 1375 901 1395; x_wconf 82' lang='lat' dir='ltr'><strong>mecum</strong></span> <span class='ocrx_word' id='word_1_334' title='bbox 907 1374 958 1394; x_wconf 51' lang='lat' dir='ltr'><strong>ser.</strong></span> 
     </span>
    </p>
   </div>
   <div class='ocr_carea' id='block_1_47' title="bbox 163 1413 955 1455">
    <p class='ocr_par' dir='ltr' id='par_1_47' title="bbox 163 1413 955 1455">
     <span class='ocr_line' id='line_1_47' title="bbox 163 1413 955 1455; baseline -0.01 -7"><span class='ocrx_word' id='word_1_335' title='bbox 163 1421 232 1453; x_wconf 73' lang='lat' dir='ltr'><strong>bit-it,</strong></span> <span class='ocrx_word' id='word_1_336' title='bbox 242 1420 337 1455; x_wconf 85' lang='lat' dir='ltr'><strong>inquit,</strong></span> <span class='ocrx_word' id='word_1_337' title='bbox 346 1419 372 1454; x_wconf 83' lang='lat' dir='ltr'><strong>in</strong></span> <span class='ocrx_word' id='word_1_338' title='bbox 380 1414 745 1453; x_wconf 70' lang='lat' dir='ltr'><strong>eoangetio(Philipp.2.2?.).</strong></span> <span class='ocrx_word' id='word_1_339' title='bbox 753 1413 806 1442; x_wconf 89' lang='lat' dir='ltr'><strong>Sed</strong></span> <span class='ocrx_word' id='word_1_340' title='bbox 819 1421 852 1441; x_wconf 89' lang='lat' dir='ltr'><strong>ue</strong></span> <span class='ocrx_word' id='word_1_341' title='bbox 864 1420 896 1441; x_wconf 90' lang='lat' dir='ltr'><strong>ex</strong></span> <span class='ocrx_word' id='word_1_342' title='bbox 906 1420 955 1440; x_wconf 85' lang='lat' dir='ltr'><strong>au-</strong></span> 
     </span>
    </p>
   </div>
   <div class='ocr_carea' id='block_1_48' title="bbox 164 1458 956 1501">
    <p class='ocr_par' dir='ltr' id='par_1_48' title="bbox 164 1458 956 1501">
     <span class='ocr_line' id='line_1_48' title="bbox 164 1458 956 1501; baseline -0.011 -7"><span class='ocrx_word' id='word_1_343' title='bbox 164 1466 239 1494; x_wconf 83' lang='lat' dir='ltr'><strong>dacia</strong></span> <span class='ocrx_word' id='word_1_344' title='bbox 254 1467 280 1493; x_wconf 94' lang='lat' dir='ltr'><strong>in</strong></span> <span class='ocrx_word' id='word_1_345' title='bbox 295 1465 473 1501; x_wconf 82' lang='lat' dir='ltr'><strong>discipulum,</strong></span> <span class='ocrx_word' id='word_1_346' title='bbox 488 1463 521 1491; x_wconf 86' lang='lat' dir='ltr'><strong>ad</strong></span> <span class='ocrx_word' id='word_1_347' title='bbox 536 1463 692 1498; x_wconf 79' lang='lat' dir='ltr'><strong>magistrum</strong></span> <span class='ocrx_word' id='word_1_348' title='bbox 704 1468 811 1496; x_wconf 88' lang='lat' dir='ltr'><strong>quoque</strong></span> <span class='ocrx_word' id='word_1_349' title='bbox 825 1458 956 1495; x_wconf 83' lang='lat' dir='ltr'><strong>procede-</strong></span> 
     </span>
    </p>
   </div>
   <div class='ocr_carea' id='block_1_49' title="bbox 164 1505 958 1542">
    <p class='ocr_par' dir='ltr' id='par_1_49' title="bbox 164 1505 958 1542">
     <span class='ocr_line' id='line_1_49' title="bbox 164 1505 958 1542; baseline -0.013 -1"><span class='ocrx_word' id='word_1_350' title='bbox 164 1518 224 1540; x_wconf 83' lang='lat' dir='ltr'><strong>rent</strong></span> <span class='ocrx_word' id='word_1_351' title='bbox 245 1517 274 1540; x_wconf 91' lang='lat' dir='ltr'><strong>et</strong></span> <span class='ocrx_word' id='word_1_352' title='bbox 297 1513 392 1540; x_wconf 86' lang='lat' dir='ltr'><strong>fierent</strong></span> <span class='ocrx_word' id='word_1_353' title='bbox 410 1510 577 1542; x_wconf 86' lang='lat' dir='ltr'><strong>deteriores,</strong></span> <span class='ocrx_word' id='word_1_354' title='bbox 605 1515 652 1536; x_wconf 90' lang='lat' dir='ltr'><strong>eos</strong></span> <span class='ocrx_word' id='word_1_355' title='bbox 678 1507 782 1535; x_wconf 85' lang='lat' dir='ltr'><strong>eminus</strong></span> <span class='ocrx_word' id='word_1_356' title='bbox 804 1505 958 1540; x_wconf 88' lang='lat' dir='ltr'><strong>comprimit</strong></span> 
     </span>
    </p>
   </div>
   <div class='ocr_carea' id='block_1_50' title="bbox 165 1550 958 1591">
    <p class='ocr_par' dir='ltr' id='par_1_50' title="bbox 165 1550 958 1591">
     <span class='ocr_line' id='line_1_50' title="bbox 165 1550 958 1591; baseline -0.013 -3"><span class='ocrx_word' id='word_1_357' title='bbox 165 1564 191 1588; x_wconf 83' lang='lat' dir='ltr'><strong>et</strong></span> <span class='ocrx_word' id='word_1_358' title='bbox 204 1564 327 1591; x_wconf 83' lang='lat' dir='ltr'><strong>coercet,</strong></span> <span class='ocrx_word' id='word_1_359' title='bbox 343 1558 435 1585; x_wconf 83' lang='lat' dir='ltr'><strong>dicens</strong></span> <span class='ocrx_word' id='word_1_360' title='bbox 450 1565 457 1583; x_wconf 90' lang='lat'>:</span> <span class='ocrx_word' id='word_1_361' title='bbox 474 1555 508 1584; x_wconf 88' lang='lat' dir='ltr'><strong>Ut</strong></span> <span class='ocrx_word' id='word_1_362' title='bbox 524 1556 579 1583; x_wconf 84' lang='lat' dir='ltr'><strong>sine</strong></span> <span class='ocrx_word' id='word_1_363' title='bbox 596 1555 684 1581; x_wconf 84' lang='lat' dir='ltr'><strong>timore</strong></span> <span class='ocrx_word' id='word_1_364' title='bbox 697 1553 730 1580; x_wconf 81' lang='lat' dir='ltr'><strong>sit</strong></span> <span class='ocrx_word' id='word_1_365' title='bbox 742 1552 812 1587; x_wconf 85' lang='lat' dir='ltr'><strong>apud</strong></span> <span class='ocrx_word' id='word_1_366' title='bbox 828 1559 891 1579; x_wconf 73' lang='lat' dir='ltr'><strong>vos:</strong></span> <span class='ocrx_word' id='word_1_367' title='bbox 906 1550 958 1578; x_wconf 77' lang='lat' dir='ltr'><strong>huc</strong></span> 
     </span>
    </p>
   </div>
   <div class='ocr_carea' id='block_1_51' title="bbox 165 1597 956 1639">
    <p class='ocr_par' dir='ltr' id='par_1_51' title="bbox 165 1597 956 1639">
     <span class='ocr_line' id='line_1_51' title="bbox 165 1597 956 1639; baseline -0.014 -5"><span class='ocrx_word' id='word_1_368' title='bbox 165 1612 216 1639; x_wconf 86' lang='lat' dir='ltr'><strong>est,</strong></span> <span class='ocrx_word' id='word_1_369' title='bbox 231 1613 267 1633; x_wconf 90' lang='lat' dir='ltr'><strong>ne</strong></span> <span class='ocrx_word' id='word_1_370' title='bbox 279 1604 411 1639; x_wconf 81' lang='lat' dir='ltr'><strong>quispiam</strong></span> <span class='ocrx_word' id='word_1_371' title='bbox 427 1610 460 1630; x_wconf 82' lang='lat' dir='ltr'><strong>ex</strong></span> <span class='ocrx_word' id='word_1_372' title='bbox 476 1602 510 1630; x_wconf 90' lang='lat' dir='ltr'><strong>iis</strong></span> <span class='ocrx_word' id='word_1_373' title='bbox 522 1602 567 1637; x_wconf 89' lang='lat' dir='ltr'><strong>&#39;qui</strong></span> <span class='ocrx_word' id='word_1_374' title='bbox 581 1605 643 1628; x_wconf 91' lang='lat' dir='ltr'><strong>sunt</strong></span> <span class='ocrx_word' id='word_1_375' title='bbox 655 1598 785 1635; x_wconf 90' lang='lat' dir='ltr'><strong>deplorati</strong></span> <span class='ocrx_word' id='word_1_376' title='bbox 800 1598 826 1625; x_wconf 94' lang='lat' dir='ltr'><strong>in</strong></span> <span class='ocrx_word' id='word_1_377' title='bbox 840 1605 901 1625; x_wconf 90' lang='lat' dir='ltr'><strong>eum</strong></span> <span class='ocrx_word' id='word_1_378' title='bbox 915 1597 956 1624; x_wconf 91' lang='lat' dir='ltr'><strong>in-</strong></span> 
     </span>
    </p>
   </div>
   <div class='ocr_carea' id='block_1_52' title="bbox 165 1643 958 1687">
    <p class='ocr_par' dir='ltr' id='par_1_52' title="bbox 165 1643 958 1687">
     <span class='ocr_line' id='line_1_52' title="bbox 165 1643 958 1687; baseline -0.011 -7"><span class='ocrx_word' id='word_1_379' title='bbox 165 1656 266 1687; x_wconf 85' lang='lat' dir='ltr'><strong>surgat.</strong></span> <span class='ocrx_word' id='word_1_380' title='bbox 291 1650 356 1678; x_wconf 86' lang='lat' dir='ltr'><strong>Erat</strong></span> <span class='ocrx_word' id='word_1_381' title='bbox 371 1650 470 1685; x_wconf 86' lang='lat' dir='ltr'><strong>quippe</strong></span> <span class='ocrx_word' id='word_1_382' title='bbox 485 1648 598 1676; x_wconf 81' lang='lat' dir='ltr'><strong>fortasse</strong></span> <span class='ocrx_word' id='word_1_383' title='bbox 611 1654 658 1674; x_wconf 90' lang='lat' dir='ltr'><strong>eos</strong></span> <span class='ocrx_word' id='word_1_384' title='bbox 673 1646 858 1680; x_wconf 86' lang='lat' dir='ltr'><strong>increpaturus</strong></span> <span class='ocrx_word' id='word_1_385' title='bbox 877 1643 911 1671; x_wconf 89' lang='lat' dir='ltr'><strong>de</strong></span> <span class='ocrx_word' id='word_1_386' title='bbox 926 1644 958 1671; x_wconf 86' lang='lat' dir='ltr'><strong>iis</strong></span> 
     </span>
    </p>
   </div>
   <div class='ocr_carea' id='block_1_53' title="bbox 165 1692 958 1734">
    <p class='ocr_par' dir='ltr' id='par_1_53' title="bbox 165 1692 958 1734">
     <span class='ocr_line' id='line_1_53' title="bbox 165 1692 958 1734; baseline -0.013 -8"><span class='ocrx_word' id='word_1_387' title='bbox 165 1706 224 1734; x_wconf 76' lang='lat' dir='ltr'><strong>qua:</strong></span> <span class='ocrx_word' id='word_1_388' title='bbox 238 1696 373 1725; x_wconf 86' lang='lat' dir='ltr'><strong>scribebat</strong></span> <span class='ocrx_word' id='word_1_389' title='bbox 384 1695 498 1724; x_wconf 81' lang='lat' dir='ltr'><strong>Paulus:</strong></span> <span class='ocrx_word' id='word_1_390' title='bbox 509 1693 681 1722; x_wconf 89' lang='lat' dir='ltr'><strong>denuntiarat</strong></span> <span class='ocrx_word' id='word_1_391' title='bbox 694 1692 765 1719; x_wconf 90' lang='lat' dir='ltr'><strong>enim</strong></span> <span class='ocrx_word' id='word_1_392' title='bbox 779 1694 958 1725; x_wconf 87' lang='lat' dir='ltr'><strong>seproptcrea</strong></span> 
     </span>
    </p>
   </div>
   <div class='ocr_carea' id='block_1_54' title="bbox 166 1736 957 1780">
    <p class='ocr_par' dir='ltr' id='par_1_54' title="bbox 166 1736 957 1780">
     <span class='ocr_line' id='line_1_54' title="bbox 166 1736 957 1780; baseline -0.013 -9"><span class='ocrx_word' id='word_1_393' title='bbox 166 1744 253 1780; x_wconf 88' lang='lat' dir='ltr'><strong>ipsum</strong></span> <span class='ocrx_word' id='word_1_394' title='bbox 269 1743 387 1770; x_wconf 85' lang='lat' dir='ltr'><strong>mittere.</strong></span> <span class='ocrx_word' id='word_1_395' title='bbox 400 1741 462 1769; x_wconf 77' lang='lat' dir='ltr'><strong>Misi</strong></span> <span class='ocrx_word' id='word_1_396' title='bbox 474 1740 557 1773; x_wconf 88' lang='lat' dir='ltr'><strong>enim,</strong></span> <span class='ocrx_word' id='word_1_397' title='bbox 571 1739 666 1774; x_wconf 89' lang='lat' dir='ltr'><strong>inquit,</strong></span> <span class='ocrx_word' id='word_1_398' title='bbox 681 1738 715 1765; x_wconf 83' lang='lat' dir='ltr'><strong>ad</strong></span> <span class='ocrx_word' id='word_1_399' title='bbox 729 1745 773 1765; x_wconf 81' lang='lat' dir='ltr'><strong>vos</strong></span> <span class='ocrx_word' id='word_1_400' title='bbox 788 1736 957 1769; x_wconf 83' lang='lat' dir='ltr'><strong>Timotheum,</strong></span> 
     </span>
    </p>
   </div>
   <div class='ocr_carea' id='block_1_55' title="bbox 166 1782 957 1826">
    <p class='ocr_par' dir='ltr' id='par_1_55' title="bbox 166 1782 957 1826">
     <span class='ocr_line' id='line_1_55' title="bbox 166 1782 957 1826; baseline -0.013 -8"><span class='ocrx_word' id='word_1_401' title='bbox 166 1791 208 1826; x_wconf 80' lang='lat' dir='ltr'><strong>qui</strong></span> <span class='ocrx_word' id='word_1_402' title='bbox 221 1790 290 1817; x_wconf 78' lang='lat' dir='ltr'><strong>vobis</strong></span> <span class='ocrx_word' id='word_1_403' title='bbox 304 1789 331 1816; x_wconf 88' lang='lat' dir='ltr'><strong>in</strong></span> <span class='ocrx_word' id='word_1_404' title='bbox 349 1788 497 1816; x_wconf 85' lang='lat' dir='ltr'><strong>memoriam</strong></span> <span class='ocrx_word' id='word_1_405' title='bbox 512 1786 638 1814; x_wconf 79' lang='lat' dir='ltr'><strong>revocabit</strong></span> <span class='ocrx_word' id='word_1_406' title='bbox 652 1785 706 1812; x_wconf 77' lang='lat' dir='ltr'><strong>uias</strong></span> <span class='ocrx_word' id='word_1_407' title='bbox 720 1792 790 1811; x_wconf 85' lang='lat' dir='ltr'><strong>meas</strong></span> <span class='ocrx_word' id='word_1_408' title='bbox 803 1783 830 1810; x_wconf 85' lang='lat' dir='ltr'><strong>in</strong></span> <span class='ocrx_word' id='word_1_409' title='bbox 843 1782 957 1813; x_wconf 76' lang='lat' dir='ltr'><strong>Christo,</strong></span> 
     </span>
    </p>
   </div>
   <div class='ocr_carea' id='block_1_56' title="bbox 164 1827 958 1869">
    <p class='ocr_par' dir='ltr' id='par_1_56' title="bbox 164 1827 958 1869">
     <span class='ocr_line' id='line_1_56' title="bbox 164 1827 958 1869; baseline -0.011 -6"><span class='ocrx_word' id='word_1_410' title='bbox 164 1836 230 1863; x_wconf 85' lang='lat' dir='ltr'><strong>sicut</strong></span> <span class='ocrx_word' id='word_1_411' title='bbox 245 1836 336 1869; x_wconf 79' lang='lat' dir='ltr'><strong>ubique</strong></span> <span class='ocrx_word' id='word_1_412' title='bbox 349 1835 376 1861; x_wconf 86' lang='lat' dir='ltr'><strong>in</strong></span> <span class='ocrx_word' id='word_1_413' title='bbox 395 1833 465 1860; x_wconf 78' lang='lat' dir='ltr'><strong>omni</strong></span> <span class='ocrx_word' id='word_1_414' title='bbox 483 1832 596 1860; x_wconf 75' lang='lat' dir='ltr'><strong>Ecclesia</strong></span> <span class='ocrx_word' id='word_1_415' title='bbox 616 1831 693 1858; x_wconf 82' lang='lat' dir='ltr'><strong>doceo</strong></span> <span class='ocrx_word' id='word_1_416' title='bbox 705 1830 748 1865; x_wconf 78' lang='lat' dir='ltr'><strong>(i.</strong></span> <span class='ocrx_word' id='word_1_417' title='bbox 769 1828 828 1857; x_wconf 84' lang='lat' dir='ltr'><strong>Cor.</strong></span> <span class='ocrx_word' id='word_1_418' title='bbox 850 1828 876 1855; x_wconf 71' lang='grc' dir='ltr'><strong>ι.</strong></span> <span class='ocrx_word' id='word_1_419' title='bbox 895 1827 958 1862; x_wconf 68' lang='lat' dir='ltr'><strong>l7).</strong></span> 
     </span>
    </p>
   </div>
   <div class='ocr_carea' id='block_1_57' title="bbox 166 1875 959 1918">
    <p class='ocr_par' dir='ltr' id='par_1_57' title="bbox 166 1875 959 1918">
     <span class='ocr_line' id='line_1_57' title="bbox 166 1875 959 1918; baseline -0.011 -7"><span class='ocrx_word' id='word_1_420' title='bbox 166 1881 205 1910; x_wconf 82' lang='lat' dir='ltr'><strong>Ne</strong></span> <span class='ocrx_word' id='word_1_421' title='bbox 219 1889 285 1918; x_wconf 80' lang='lat' dir='ltr'><strong>ergo</strong></span> <span class='ocrx_word' id='word_1_422' title='bbox 308 1881 438 1909; x_wconf 83' lang='lat' dir='ltr'><strong>nobilitati</strong></span> <span class='ocrx_word' id='word_1_423' title='bbox 460 1885 486 1908; x_wconf 89' lang='lat' dir='ltr'><strong>et</strong></span> <span class='ocrx_word' id='word_1_424' title='bbox 508 1879 608 1907; x_wconf 88' lang='lat' dir='ltr'><strong>divitiis</strong></span> <span class='ocrx_word' id='word_1_425' title='bbox 627 1882 656 1906; x_wconf 89' lang='lat' dir='ltr'><strong>et</strong></span> <span class='ocrx_word' id='word_1_426' title='bbox 673 1877 764 1913; x_wconf 89' lang='lat' dir='ltr'><strong>populi</strong></span> <span class='ocrx_word' id='word_1_427' title='bbox 786 1875 959 1904; x_wconf 81' lang='lat' dir='ltr'><strong>commenda-</strong></span> 
     </span>
    </p>
   </div>
   <div class='ocr_carea' id='block_1_58' title="bbox 167 1923 961 1962">
    <p class='ocr_par' dir='ltr' id='par_1_58' title="bbox 167 1923 961 1962">
     <span class='ocr_line' id='line_1_58' title="bbox 167 1923 961 1962; baseline -0.01 -5"><span class='ocrx_word' id='word_1_428' title='bbox 167 1930 233 1957; x_wconf 89' lang='lat' dir='ltr'><strong>tioni</strong></span> <span class='ocrx_word' id='word_1_429' title='bbox 249 1934 276 1957; x_wconf 91' lang='lat' dir='ltr'><strong>et</strong></span> <span class='ocrx_word' id='word_1_430' title='bbox 289 1934 406 1956; x_wconf 76' lang='lat' dir='ltr'><strong>externae</strong></span> <span class='ocrx_word' id='word_1_431' title='bbox 419 1926 558 1962; x_wconf 68' lang='lat' dir='ltr'><strong>sapientia:</strong></span> <span class='ocrx_word' id='word_1_432' title='bbox 571 1925 747 1958; x_wconf 82' lang='lat' dir='ltr'><strong>confidentes,</strong></span> <span class='ocrx_word' id='word_1_433' title='bbox 763 1923 920 1951; x_wconf 81' lang='lat' dir='ltr'><strong>invaderent</strong></span> <span class='ocrx_word' id='word_1_434' title='bbox 932 1925 961 1949; x_wconf 87' lang='lat' dir='ltr'><strong>et</strong></span> 
     </span>
    </p>
   </div>
   <div class='ocr_carea' id='block_1_59' title="bbox 167 1968 961 2010">
    <p class='ocr_par' dir='ltr' id='par_1_59' title="bbox 167 1968 961 2010">
     <span class='ocr_line' id='line_1_59' title="bbox 167 1968 961 2010; baseline -0.011 -7"><span class='ocrx_word' id='word_1_435' title='bbox 167 1978 350 2010; x_wconf 87' lang='lat' dir='ltr'><strong>conspuerent</strong></span> <span class='ocrx_word' id='word_1_436' title='bbox 372 1977 399 2001; x_wconf 90' lang='lat' dir='ltr'><strong>et</strong></span> <span class='ocrx_word' id='word_1_437' title='bbox 420 1972 629 2004; x_wconf 88' lang='lat' dir='ltr'><strong>insidiarentur,</strong></span> <span class='ocrx_word' id='word_1_438' title='bbox 649 1970 774 1998; x_wconf 87' lang='lat' dir='ltr'><strong>dolentes</strong></span> <span class='ocrx_word' id='word_1_439' title='bbox 796 1976 826 1996; x_wconf 88' lang='lat' dir='ltr'><strong>se</strong></span> <span class='ocrx_word' id='word_1_440' title='bbox 847 1968 881 1996; x_wconf 88' lang='lat' dir='ltr'><strong>ab</strong></span> <span class='ocrx_word' id='word_1_441' title='bbox 902 1968 961 2002; x_wconf 82' lang='lat' dir='ltr'><strong>ipso</strong></span> 
     </span>
    </p>
   </div>
   <div class='ocr_carea' id='block_1_60' title="bbox 168 2012 961 2056">
    <p class='ocr_par' dir='ltr' id='par_1_60' title="bbox 168 2012 961 2056">
     <span class='ocr_line' id='line_1_60' title="bbox 168 2012 961 2056; baseline -0.011 -8"><span class='ocrx_word' id='word_1_442' title='bbox 168 2021 254 2056; x_wconf 84' lang='lat' dir='ltr'><strong>argui,</strong></span> <span class='ocrx_word' id='word_1_443' title='bbox 267 2024 313 2047; x_wconf 89' lang='lat' dir='ltr'><strong>aut</strong></span> <span class='ocrx_word' id='word_1_444' title='bbox 329 2023 468 2054; x_wconf 87' lang='lat' dir='ltr'><strong>propterea</strong></span> <span class='ocrx_word' id='word_1_445' title='bbox 483 2017 553 2053; x_wconf 89' lang='lat' dir='ltr'><strong>quod</strong></span> <span class='ocrx_word' id='word_1_446' title='bbox 568 2016 696 2051; x_wconf 88' lang='lat' dir='ltr'><strong>magister</strong></span> <span class='ocrx_word' id='word_1_447' title='bbox 709 2015 769 2042; x_wconf 93' lang='lat' dir='ltr'><strong>illos</strong></span> <span class='ocrx_word' id='word_1_448' title='bbox 782 2012 961 2049; x_wconf 88' lang='lat' dir='ltr'><strong>reprehende-</strong></span> 
     </span>
    </p>
   </div>
   <div class='ocr_carea' id='block_1_61' title="bbox 170 2061 961 2102">
    <p class='ocr_par' dir='ltr' id='par_1_61' title="bbox 170 2061 961 2102">
     <span class='ocr_line' id='line_1_61' title="bbox 170 2061 961 2102; baseline -0.01 -7"><span class='ocrx_word' id='word_1_449' title='bbox 170 2072 232 2100; x_wconf 87' lang='lat' dir='ltr'><strong>ret,</strong></span> <span class='ocrx_word' id='word_1_450' title='bbox 254 2073 347 2102; x_wconf 74' lang='lat' dir='ltr'><strong>pmnas</strong></span> <span class='ocrx_word' id='word_1_451' title='bbox 361 2065 500 2100; x_wconf 76' lang='lat' dir='ltr'><strong>exigerent</strong></span> <span class='ocrx_word' id='word_1_452' title='bbox 519 2064 606 2098; x_wconf 86' lang='lat' dir='ltr'><strong>ipsum</strong></span> <span class='ocrx_word' id='word_1_453' title='bbox 627 2061 806 2094; x_wconf 87' lang='lat' dir='ltr'><strong>ulciscentes,</strong></span> <span class='ocrx_word' id='word_1_454' title='bbox 821 2065 961 2096; x_wconf 88' lang='lat' dir='ltr'><strong>propterea</strong></span> 
     </span>
    </p>
   </div>
   <div class='ocr_carea' id='block_1_62' title="bbox 171 2106 961 2144">
    <p class='ocr_par' dir='ltr' id='par_1_62' title="bbox 171 2106 961 2144">
     <span class='ocr_line' id='line_1_62' title="bbox 171 2106 961 2144; baseline -0.011 -3"><span class='ocrx_word' id='word_1_455' title='bbox 171 2113 236 2141; x_wconf 84' lang='lat' dir='ltr'><strong>dicit</strong></span> <span class='ocrx_word' id='word_1_456' title='bbox 250 2122 257 2141; x_wconf 92' lang='lat'><strong>:</strong></span> <span class='ocrx_word' id='word_1_457' title='bbox 276 2112 310 2140; x_wconf 88' lang='lat' dir='ltr'><strong>Ut</strong></span> <span class='ocrx_word' id='word_1_458' title='bbox 324 2112 378 2139; x_wconf 82' lang='lat' dir='ltr'><strong>sine</strong></span> <span class='ocrx_word' id='word_1_459' title='bbox 391 2112 480 2138; x_wconf 86' lang='lat' dir='ltr'><strong>timore</strong></span> <span class='ocrx_word' id='word_1_460' title='bbox 495 2111 527 2138; x_wconf 87' lang='lat' dir='ltr'><strong>sit</strong></span> <span class='ocrx_word' id='word_1_461' title='bbox 540 2109 610 2144; x_wconf 82' lang='lat' dir='ltr'><strong>apud</strong></span> <span class='ocrx_word' id='word_1_462' title='bbox 621 2116 677 2136; x_wconf 71' lang='lat' dir='ltr'><strong>vos.</strong></span> <span class='ocrx_word' id='word_1_463' title='bbox 693 2107 732 2136; x_wconf 87' lang='lat' dir='ltr'><strong>Ne</strong></span> <span class='ocrx_word' id='word_1_464' title='bbox 745 2107 810 2135; x_wconf 91' lang='lat' dir='ltr'><strong>mihi</strong></span> <span class='ocrx_word' id='word_1_465' title='bbox 823 2106 894 2134; x_wconf 91' lang='lat' dir='ltr'><strong>enim</strong></span> <span class='ocrx_word' id='word_1_466' title='bbox 909 2113 961 2133; x_wconf 87' lang='lat' dir='ltr'><strong>ex-</strong></span> 
     </span>
    </p>
   </div>
   <div class='ocr_carea' id='block_1_63' title="bbox 171 2151 960 2188">
    <p class='ocr_par' dir='ltr' id='par_1_63' title="bbox 171 2151 960 2188">
     <span class='ocr_line' id='line_1_63' title="bbox 171 2151 960 2188; baseline -0.013 -1"><span class='ocrx_word' id='word_1_467' title='bbox 171 2166 263 2188; x_wconf 72' lang='lat' dir='ltr'><strong>ternos</strong></span> <span class='ocrx_word' id='word_1_468' title='bbox 281 2159 381 2186; x_wconf 76' lang='lat' dir='ltr'><strong>dixeris</strong></span> <span class='ocrx_word' id='word_1_469' title='bbox 394 2158 504 2186; x_wconf 61' lang='lat' dir='ltr'><strong>Grtccos</strong></span> <span class='ocrx_word' id='word_1_470' title='bbox 518 2161 546 2183; x_wconf 86' lang='lat' dir='ltr'><strong>et</strong></span> <span class='ocrx_word' id='word_1_471' title='bbox 561 2155 697 2187; x_wconf 86' lang='lat' dir='ltr'><strong>infideles;</strong></span> <span class='ocrx_word' id='word_1_472' title='bbox 711 2161 741 2182; x_wconf 88' lang='lat' dir='ltr'><strong>ea</strong></span> <span class='ocrx_word' id='word_1_473' title='bbox 756 2161 772 2181; x_wconf 91' lang='lat' dir='ltr'><strong>a</strong></span> <span class='ocrx_word' id='word_1_474' title='bbox 786 2153 861 2181; x_wconf 89' lang='lat' dir='ltr'><strong>vobis</strong></span> <span class='ocrx_word' id='word_1_475' title='bbox 873 2151 960 2187; x_wconf 80' lang='lat' dir='ltr'><strong>exigo,</strong></span> 
     </span>
    </p>
   </div>
   <div class='ocr_carea' id='block_1_64' title="bbox 171 2199 961 2242">
    <p class='ocr_par' dir='ltr' id='par_1_64' title="bbox 171 2199 961 2242">
     <span class='ocr_line' id='line_1_64' title="bbox 171 2199 961 2242; baseline -0.01 -8"><span class='ocrx_word' id='word_1_476' title='bbox 171 2214 221 2242; x_wconf 93' lang='lat' dir='ltr'><strong>pro</strong></span> <span class='ocrx_word' id='word_1_477' title='bbox 234 2205 333 2241; x_wconf 87' lang='lat' dir='ltr'><strong>quibus</strong></span> <span class='ocrx_word' id='word_1_478' title='bbox 352 2209 408 2232; x_wconf 86' lang='lat' dir='ltr'><strong>tota</strong></span> <span class='ocrx_word' id='word_1_479' title='bbox 423 2203 575 2237; x_wconf 85' lang='lat' dir='ltr'><strong>conscripta</strong></span> <span class='ocrx_word' id='word_1_480' title='bbox 589 2205 632 2229; x_wconf 87' lang='lat' dir='ltr'><strong>est</strong></span> <span class='ocrx_word' id='word_1_481' title='bbox 652 2200 763 2237; x_wconf 88' lang='lat' dir='ltr'><strong>epistola</strong></span> <span class='ocrx_word' id='word_1_482' title='bbox 776 2220 783 2232; x_wconf 92' lang='lat'><strong>,</strong></span> <span class='ocrx_word' id='word_1_483' title='bbox 800 2207 867 2235; x_wconf 90' lang='lat' dir='ltr'><strong>quos</strong></span> <span class='ocrx_word' id='word_1_484' title='bbox 881 2199 961 2227; x_wconf 80' lang='lat' dir='ltr'><strong>etiam</strong></span> 
     </span>
    </p>
   </div>
   <div class='ocr_carea' id='block_1_65' title="bbox 171 2245 964 2284">
    <p class='ocr_par' dir='ltr' id='par_1_65' title="bbox 171 2245 964 2284">
     <span class='ocr_line' id='line_1_65' title="bbox 171 2245 964 2284; baseline -0.01 -5"><span class='ocrx_word' id='word_1_485' title='bbox 171 2251 280 2279; x_wconf 89' lang='lat' dir='ltr'><strong>ininitio</strong></span> <span class='ocrx_word' id='word_1_486' title='bbox 287 2251 382 2279; x_wconf 90' lang='lat' dir='ltr'><strong>terruit</strong></span> <span class='ocrx_word' id='word_1_487' title='bbox 393 2254 421 2278; x_wconf 90' lang='lat' dir='ltr'><strong>et</strong></span> <span class='ocrx_word' id='word_1_488' title='bbox 434 2250 459 2277; x_wconf 94' lang='lat' dir='ltr'><strong>in</strong></span> <span class='ocrx_word' id='word_1_489' title='bbox 474 2249 620 2284; x_wconf 83' lang='lat' dir='ltr'><strong>prooemiis.</strong></span> <span class='ocrx_word' id='word_1_490' title='bbox 630 2247 774 2282; x_wconf 82' lang='lat' dir='ltr'><strong>Propterea</strong></span> <span class='ocrx_word' id='word_1_491' title='bbox 785 2245 855 2274; x_wconf 91' lang='lat' dir='ltr'><strong>dixit</strong></span> <span class='ocrx_word' id='word_1_492' title='bbox 866 2254 873 2272; x_wconf 93' lang='lat'><strong>:</strong></span> <span class='ocrx_word' id='word_1_493' title='bbox 887 2245 964 2279; x_wconf 72' lang='lat' dir='ltr'><strong>Apud</strong></span> 
     </span>
    </p>
   </div>
   <div class='ocr_carea' id='block_1_66' title="bbox 171 2291 963 2327">
    <p class='ocr_par' dir='ltr' id='par_1_66' title="bbox 171 2291 963 2327">
     <span class='ocr_line' id='line_1_66' title="bbox 171 2291 963 2327; baseline -0.011 -1"><span class='ocrx_word' id='word_1_494' title='bbox 171 2307 226 2326; x_wconf 79' lang='lat' dir='ltr'><strong>vos.</strong></span> <span class='ocrx_word' id='word_1_495' title='bbox 253 2297 354 2326; x_wconf 87' lang='lat' dir='ltr'><strong>Deinde</strong></span> <span class='ocrx_word' id='word_1_496' title='bbox 375 2304 391 2324; x_wconf 86' lang='lat' dir='ltr'><strong>a</strong></span> <span class='ocrx_word' id='word_1_497' title='bbox 405 2296 555 2324; x_wconf 86' lang='lat' dir='ltr'><strong>ministerio</strong></span> <span class='ocrx_word' id='word_1_498' title='bbox 568 2302 630 2322; x_wconf 87' lang='lat' dir='ltr'><strong>eum</strong></span> <span class='ocrx_word' id='word_1_499' title='bbox 645 2293 706 2321; x_wconf 83' lang='lat' dir='ltr'><strong>facit</strong></span> <span class='ocrx_word' id='word_1_500' title='bbox 729 2292 780 2320; x_wconf 87' lang='lat' dir='ltr'><strong>fide</strong></span> <span class='ocrx_word' id='word_1_501' title='bbox 794 2292 903 2327; x_wconf 82' lang='lat' dir='ltr'><strong>dignum</strong></span> <span class='ocrx_word' id='word_1_502' title='bbox 921 2291 963 2318; x_wconf 87' lang='lat' dir='ltr'><strong>di-</strong></span> 
     </span>
    </p>
   </div>
   <div class='ocr_carea' id='block_1_67' title="bbox 173 2337 962 2378">
    <p class='ocr_par' dir='ltr' id='par_1_67' title="bbox 173 2337 962 2378">
     <span class='ocr_line' id='line_1_67' title="bbox 173 2337 962 2378; baseline -0.011 -6"><span class='ocrx_word' id='word_1_503' title='bbox 173 2351 258 2372; x_wconf 84' lang='lat' dir='ltr'><strong>cens:</strong></span> <span class='ocrx_word' id='word_1_504' title='bbox 277 2343 349 2378; x_wconf 84' lang='lat' dir='ltr'><strong>Opus</strong></span> <span class='ocrx_word' id='word_1_505' title='bbox 371 2342 439 2369; x_wconf 79' lang='lat' dir='ltr'><strong>enim</strong></span> <span class='ocrx_word' id='word_1_506' title='bbox 461 2339 565 2368; x_wconf 81' lang='lat' dir='ltr'><strong>Domini</strong></span> <span class='ocrx_word' id='word_1_507' title='bbox 589 2343 717 2374; x_wconf 84' lang='lat' dir='ltr'><strong>operatur.</strong></span> <span class='ocrx_word' id='word_1_508' title='bbox 741 2337 780 2365; x_wconf 86' lang='lat' dir='ltr'><strong>Ne</strong></span> <span class='ocrx_word' id='word_1_509' title='bbox 801 2337 853 2364; x_wconf 88' lang='lat' dir='ltr'><strong>hoc</strong></span> <span class='ocrx_word' id='word_1_510' title='bbox 874 2341 962 2364; x_wconf 88' lang='lat' dir='ltr'><strong>autem</strong></span> 
     </span>
    </p>
   </div>
   <div class='ocr_carea' id='block_1_68' title="bbox 173 2381 964 2425">
    <p class='ocr_par' dir='ltr' id='par_1_68' title="bbox 173 2381 964 2425">
     <span class='ocr_line' id='line_1_68' title="bbox 173 2381 964 2425; baseline -0.013 -7"><span class='ocrx_word' id='word_1_511' title='bbox 173 2394 293 2425; x_wconf 79' lang='lat' dir='ltr'><strong>spectes,</strong></span> <span class='ocrx_word' id='word_1_512' title='bbox 309 2388 411 2424; x_wconf 86' lang='lat' dir='ltr'><strong>inquit,</strong></span> <span class='ocrx_word' id='word_1_513' title='bbox 425 2387 448 2415; x_wconf 90' lang='lat' dir='ltr'><strong>si</strong></span> <span class='ocrx_word' id='word_1_514' title='bbox 463 2394 517 2414; x_wconf 91' lang='lat' dir='ltr'><strong>non</strong></span> <span class='ocrx_word' id='word_1_515' title='bbox 530 2386 565 2413; x_wconf 89' lang='lat' dir='ltr'><strong>sit</strong></span> <span class='ocrx_word' id='word_1_516' title='bbox 579 2385 670 2417; x_wconf 84' lang='lat' dir='ltr'><strong>dives,</strong></span> <span class='ocrx_word' id='word_1_517' title='bbox 685 2384 709 2411; x_wconf 88' lang='lat' dir='ltr'><strong>si</strong></span> <span class='ocrx_word' id='word_1_518' title='bbox 724 2390 776 2410; x_wconf 91' lang='lat' dir='ltr'><strong>non</strong></span> <span class='ocrx_word' id='word_1_519' title='bbox 791 2382 927 2415; x_wconf 87' lang='lat' dir='ltr'><strong>eruditus,</strong></span> <span class='ocrx_word' id='word_1_520' title='bbox 940 2381 964 2409; x_wconf 91' lang='lat' dir='ltr'><strong>si</strong></span> 
     </span>
    </p>
   </div>
   <div class='ocr_carea' id='block_1_69' title="bbox 175 2427 963 2468">
    <p class='ocr_par' dir='ltr' id='par_1_69' title="bbox 175 2427 963 2468">
     <span class='ocr_line' id='line_1_69' title="bbox 175 2427 963 2468; baseline -0.01 -6"><span class='ocrx_word' id='word_1_521' title='bbox 175 2443 228 2462; x_wconf 92' lang='lat' dir='ltr'><strong>non</strong></span> <span class='ocrx_word' id='word_1_522' title='bbox 253 2442 356 2466; x_wconf 83' lang='lat' dir='ltr'><strong>senex;</strong></span> <span class='ocrx_word' id='word_1_523' title='bbox 379 2433 427 2461; x_wconf 89' lang='lat' dir='ltr'><strong>sed</strong></span> <span class='ocrx_word' id='word_1_524' title='bbox 449 2432 512 2468; x_wconf 90' lang='lat' dir='ltr'><strong>quid</strong></span> <span class='ocrx_word' id='word_1_525' title='bbox 531 2432 624 2466; x_wconf 84' lang='lat' dir='ltr'><strong>jussus</strong></span> <span class='ocrx_word' id='word_1_526' title='bbox 645 2430 693 2463; x_wconf 87' lang='lat' dir='ltr'><strong>sit,</strong></span> <span class='ocrx_word' id='word_1_527' title='bbox 714 2433 742 2456; x_wconf 92' lang='lat' dir='ltr'><strong>et</strong></span> <span class='ocrx_word' id='word_1_528' title='bbox 762 2427 826 2464; x_wconf 90' lang='lat' dir='ltr'><strong>quid</strong></span> <span class='ocrx_word' id='word_1_529' title='bbox 846 2427 963 2456; x_wconf 82' lang='lat' dir='ltr'><strong>efficiat:</strong></span> 
     </span>
    </p>
   </div>
   <div class='ocr_carea' id='block_1_70' title="bbox 176 2473 965 2514">
    <p class='ocr_par' dir='ltr' id='par_1_70' title="bbox 176 2473 965 2514">
     <span class='ocr_line' id='line_1_70' title="bbox 176 2473 965 2514; baseline -0.011 -6"><span class='ocrx_word' id='word_1_530' title='bbox 176 2481 247 2514; x_wconf 80' lang='lat' dir='ltr'><strong>Opus</strong></span> <span class='ocrx_word' id='word_1_531' title='bbox 258 2480 324 2507; x_wconf 80' lang='lat' dir='ltr'><strong>enim</strong></span> <span class='ocrx_word' id='word_1_532' title='bbox 340 2478 441 2506; x_wconf 81' lang='lat' dir='ltr'><strong>Domini</strong></span> <span class='ocrx_word' id='word_1_533' title='bbox 455 2482 585 2513; x_wconf 81' lang='lat' dir='ltr'><strong>operatur.</strong></span> <span class='ocrx_word' id='word_1_534' title='bbox 597 2475 654 2503; x_wconf 83' lang='lat' dir='ltr'><strong>Hoc</strong></span> <span class='ocrx_word' id='word_1_535' title='bbox 666 2478 755 2502; x_wconf 80' lang='lat' dir='ltr'><strong>autem</strong></span> <span class='ocrx_word' id='word_1_536' title='bbox 766 2474 790 2502; x_wconf 89' lang='lat' dir='ltr'><strong>ei</strong></span> <span class='ocrx_word' id='word_1_537' title='bbox 805 2473 902 2502; x_wconf 86' lang='lat' dir='ltr'><strong>sufficit</strong></span> <span class='ocrx_word' id='word_1_538' title='bbox 916 2480 965 2507; x_wconf 91' lang='lat' dir='ltr'><strong>pro</strong></span> 
     </span>
    </p>
   </div>
   <div class='ocr_carea' id='block_1_71' title="bbox 174 2516 964 2556">
    <p class='ocr_par' dir='ltr' id='par_1_71' title="bbox 174 2516 964 2556">
     <span class='ocr_line' id='line_1_71' title="bbox 174 2516 964 2556; baseline -0.01 -2"><span class='ocrx_word' id='word_1_539' title='bbox 174 2527 246 2555; x_wconf 75' lang='lat' dir='ltr'><strong>muni</strong></span> <span class='ocrx_word' id='word_1_540' title='bbox 262 2530 290 2553; x_wconf 88' lang='lat' dir='ltr'><strong>et</strong></span> <span class='ocrx_word' id='word_1_541' title='bbox 305 2525 444 2553; x_wconf 90' lang='lat' dir='ltr'><strong>nobilitate</strong></span> <span class='ocrx_word' id='word_1_542' title='bbox 462 2528 490 2552; x_wconf 90' lang='lat' dir='ltr'><strong>et</strong></span> <span class='ocrx_word' id='word_1_543' title='bbox 511 2516 611 2551; x_wconf 85' lang='lat' dir='ltr'><strong>divitiis</strong></span> <span class='ocrx_word' id='word_1_544' title='bbox 624 2527 652 2550; x_wconf 93' lang='lat' dir='ltr'><strong>et</strong></span> <span class='ocrx_word' id='word_1_545' title='bbox 671 2526 751 2549; x_wconf 85' lang='lat' dir='ltr'><strong>aetate</strong></span> <span class='ocrx_word' id='word_1_546' title='bbox 772 2525 801 2549; x_wconf 92' lang='lat' dir='ltr'><strong>et</strong></span> <span class='ocrx_word' id='word_1_547' title='bbox 822 2520 964 2556; x_wconf 86' lang='lat' dir='ltr'><strong>sapientia.</strong></span> 
     </span>
    </p>
   </div>
   <div class='ocr_carea' id='block_1_72' title="bbox 175 2567 965 2602">
    <p class='ocr_par' dir='ltr' id='par_1_72' title="bbox 175 2567 965 2602">
     <span class='ocr_line' id='line_1_72' title="bbox 175 2567 965 2602; baseline -0.01 -2"><span class='ocrx_word' id='word_1_548' title='bbox 175 2573 228 2600; x_wconf 80' lang='lat' dir='ltr'><strong>Nec</strong></span> <span class='ocrx_word' id='word_1_549' title='bbox 250 2572 301 2599; x_wconf 91' lang='lat' dir='ltr'><strong>hoc</strong></span> <span class='ocrx_word' id='word_1_550' title='bbox 321 2571 368 2598; x_wconf 94' lang='lat' dir='ltr'><strong>fuit</strong></span> <span class='ocrx_word' id='word_1_551' title='bbox 386 2574 545 2600; x_wconf 87' lang='lat' dir='ltr'><strong>contentus,</strong></span> <span class='ocrx_word' id='word_1_552' title='bbox 566 2568 612 2597; x_wconf 88' lang='lat' dir='ltr'><strong>sed</strong></span> <span class='ocrx_word' id='word_1_553' title='bbox 634 2567 754 2600; x_wconf 88' lang='lat' dir='ltr'><strong>addidit,</strong></span> <span class='ocrx_word' id='word_1_554' title='bbox 775 2567 849 2594; x_wconf 81' lang='lat' dir='ltr'><strong>Sicut</strong></span> <span class='ocrx_word' id='word_1_555' title='bbox 860 2572 884 2593; x_wconf 83' lang='lat' dir='ltr'><strong>et</strong></span> <span class='ocrx_word' id='word_1_556' title='bbox 898 2574 965 2602; x_wconf 82' lang='lat' dir='ltr'><strong>ego;</strong></span> 
     </span>
    </p>
   </div>
   <div class='ocr_carea' id='block_1_73' title="bbox 175 2612 966 2653">
    <p class='ocr_par' dir='ltr' id='par_1_73' title="bbox 175 2612 966 2653">
     <span class='ocr_line' id='line_1_73' title="bbox 175 2612 966 2653; baseline -0.009 -8"><span class='ocrx_word' id='word_1_557' title='bbox 175 2624 200 2645; x_wconf 84' lang='lat' dir='ltr'><strong>et</strong></span> <span class='ocrx_word' id='word_1_558' title='bbox 223 2617 364 2653; x_wconf 86' lang='lat' dir='ltr'><strong>superius,</strong></span> <span class='ocrx_word' id='word_1_559' title='bbox 387 2616 437 2650; x_wconf 83' lang='lat' dir='ltr'><strong>Qui</strong></span> <span class='ocrx_word' id='word_1_560' title='bbox 452 2620 489 2643; x_wconf 87' lang='lat' dir='ltr'><strong>est</strong></span> <span class='ocrx_word' id='word_1_561' title='bbox 510 2615 572 2642; x_wconf 79' lang='lat' dir='ltr'><strong>mihi</strong></span> <span class='ocrx_word' id='word_1_562' title='bbox 587 2614 657 2649; x_wconf 82' lang='lat' dir='ltr'><strong>ﬁlius</strong></span> <span class='ocrx_word' id='word_1_563' title='bbox 671 2613 776 2641; x_wconf 80' lang='lat' dir='ltr'><strong>dilectus</strong></span> <span class='ocrx_word' id='word_1_564' title='bbox 796 2617 818 2640; x_wconf 88' lang='lat' dir='ltr'><strong>et</strong></span> <span class='ocrx_word' id='word_1_565' title='bbox 834 2612 918 2647; x_wconf 78' lang='lat' dir='ltr'><strong>ﬁdelis</strong></span> <span class='ocrx_word' id='word_1_566' title='bbox 940 2613 966 2638; x_wconf 92' lang='lat' dir='ltr'><strong>in</strong></span> 
     </span>
    </p>
   </div>
   <div class='ocr_carea' id='block_1_74' title="bbox 176 2659 967 2696">
    <p class='ocr_par' dir='ltr' id='par_1_74' title="bbox 176 2659 967 2696">
     <span class='ocr_line' id='line_1_74' title="bbox 176 2659 967 2696; baseline -0.008 -6"><span class='ocrx_word' id='word_1_567' title='bbox 176 2662 306 2695; x_wconf 85' lang='lat' dir='ltr'><strong>Domino;</strong></span> <span class='ocrx_word' id='word_1_568' title='bbox 326 2662 381 2696; x_wconf 83' lang='lat' dir='ltr'><strong>ipse</strong></span> <span class='ocrx_word' id='word_1_569' title='bbox 394 2661 463 2688; x_wconf 78' lang='lat' dir='ltr'><strong>vobis</strong></span> <span class='ocrx_word' id='word_1_570' title='bbox 476 2661 503 2688; x_wconf 86' lang='lat' dir='ltr'><strong>in</strong></span> <span class='ocrx_word' id='word_1_571' title='bbox 521 2660 668 2687; x_wconf 84' lang='lat' dir='ltr'><strong>memoriam</strong></span> <span class='ocrx_word' id='word_1_572' title='bbox 682 2659 805 2686; x_wconf 82' lang='lat' dir='ltr'><strong>revocabit</strong></span> <span class='ocrx_word' id='word_1_573' title='bbox 827 2659 880 2686; x_wconf 79' lang='lat' dir='ltr'><strong>vias</strong></span> <span class='ocrx_word' id='word_1_574' title='bbox 898 2666 967 2684; x_wconf 85' lang='lat' dir='ltr'><strong>meas</strong></span> 
     </span>
    </p>
   </div>
   <div class='ocr_carea' id='block_1_75' title="bbox 176 2705 965 2743">
    <p class='ocr_par' dir='ltr' id='par_1_75' title="bbox 176 2705 965 2743">
     <span class='ocr_line' id='line_1_75' title="bbox 176 2705 965 2743; baseline -0.008 -7"><span class='ocrx_word' id='word_1_575' title='bbox 176 2709 202 2736; x_wconf 87' lang='lat' dir='ltr'><strong>in</strong></span> <span class='ocrx_word' id='word_1_576' title='bbox 210 2709 309 2736; x_wconf 81' lang='lat' dir='ltr'><strong>Christo</strong></span> <span class='ocrx_word' id='word_1_577' title='bbox 321 2708 360 2743; x_wconf 83' lang='lat' dir='ltr'><strong>(t.</strong></span> <span class='ocrx_word' id='word_1_578' title='bbox 375 2707 434 2735; x_wconf 84' lang='lat' dir='ltr'><strong>Cor.</strong></span> <span class='ocrx_word' id='word_1_579' title='bbox 450 2707 477 2734; x_wconf 72' lang='grc' dir='ltr'><strong>Δ.</strong></span> <span class='ocrx_word' id='word_1_580' title='bbox 489 2707 544 2740; x_wconf 78' lang='lat' dir='ltr'><strong>i7).</strong></span> <span class='ocrx_word' id='word_1_581' title='bbox 555 2705 686 2740; x_wconf 86' lang='lat' dir='ltr'><strong>Quoniam</strong></span> <span class='ocrx_word' id='word_1_582' title='bbox 702 2713 767 2740; x_wconf 87' lang='lat' dir='ltr'><strong>ergo</strong></span> <span class='ocrx_word' id='word_1_583' title='bbox 779 2705 884 2739; x_wconf 87' lang='lat' dir='ltr'><strong>juvenis</strong></span> <span class='ocrx_word' id='word_1_584' title='bbox 897 2709 965 2736; x_wconf 90' lang='lat' dir='ltr'><strong>erat,</strong></span> 
     </span>
    </p>
   </div>
   <div class='ocr_carea' id='block_1_76' title="bbox 176 2750 967 2789">
    <p class='ocr_par' dir='ltr' id='par_1_76' title="bbox 176 2750 967 2789">
     <span class='ocr_line' id='line_1_76' title="bbox 176 2750 967 2789; baseline -0.006 -7"><span class='ocrx_word' id='word_1_585' title='bbox 176 2759 204 2782; x_wconf 86' lang='lat' dir='ltr'><strong>et</strong></span> <span class='ocrx_word' id='word_1_586' title='bbox 214 2754 264 2789; x_wconf 83' lang='lat' dir='ltr'><strong>ipsi</strong></span> <span class='ocrx_word' id='word_1_587' title='bbox 271 2753 426 2781; x_wconf 80' lang='lat' dir='ltr'><strong>concredita</strong></span> <span class='ocrx_word' id='word_1_588' title='bbox 435 2753 520 2780; x_wconf 82' lang='lat' dir='ltr'><strong>fuerat</strong></span> <span class='ocrx_word' id='word_1_589' title='bbox 535 2751 600 2779; x_wconf 87' lang='lat' dir='ltr'><strong>tanti</strong></span> <span class='ocrx_word' id='word_1_590' title='bbox 612 2751 701 2786; x_wconf 89' lang='lat' dir='ltr'><strong>populi</strong></span> <span class='ocrx_word' id='word_1_591' title='bbox 714 2750 855 2783; x_wconf 85' lang='lat' dir='ltr'><strong>correctio,</strong></span> <span class='ocrx_word' id='word_1_592' title='bbox 866 2754 967 2777; x_wconf 90' lang='lat' dir='ltr'><strong>utrum-</strong></span> 
     </span>
    </p>
   </div>
   <div class='ocr_carea' id='block_1_77' title="bbox 178 2796 967 2834">
    <p class='ocr_par' dir='ltr' id='par_1_77' title="bbox 178 2796 967 2834">
     <span class='ocr_line' id='line_1_77' title="bbox 178 2796 967 2834; baseline -0.005 -7"><span class='ocrx_word' id='word_1_593' title='bbox 178 2807 230 2834; x_wconf 82' lang='lat' dir='ltr'><strong>que</strong></span> <span class='ocrx_word' id='word_1_594' title='bbox 243 2804 332 2827; x_wconf 85' lang='lat' dir='ltr'><strong>autem</strong></span> <span class='ocrx_word' id='word_1_595' title='bbox 346 2799 432 2834; x_wconf 81' lang='lat' dir='ltr'><strong>ipsum</strong></span> <span class='ocrx_word' id='word_1_596' title='bbox 446 2798 473 2825; x_wconf 90' lang='lat' dir='ltr'><strong>in</strong></span> <span class='ocrx_word' id='word_1_597' title='bbox 488 2801 670 2832; x_wconf 89' lang='lat' dir='ltr'><strong>contemptum</strong></span> <span class='ocrx_word' id='word_1_598' title='bbox 684 2796 850 2829; x_wconf 83' lang='lat' dir='ltr'><strong>adducebat;</strong></span> <span class='ocrx_word' id='word_1_599' title='bbox 871 2796 967 2824; x_wconf 88' lang='lat' dir='ltr'><strong>merito</strong></span> 
     </span>
    </p>
   </div>
   <div class='ocr_carea' id='block_1_78' title="bbox 176 2843 968 2882">
    <p class='ocr_par' dir='ltr' id='par_1_78' title="bbox 176 2843 968 2882">
     <span class='ocr_line' id='line_1_78' title="bbox 176 2843 968 2882; baseline -0.005 -7"><span class='ocrx_word' id='word_1_600' title='bbox 176 2846 312 2882; x_wconf 73' lang='lat' dir='ltr'><strong>subiungit</strong></span> <span class='ocrx_word' id='word_1_601' title='bbox 327 2855 335 2873; x_wconf 91' lang='lat'>:</span> <span class='ocrx_word' id='word_1_602' title='bbox 349 2846 394 2873; x_wconf 82' lang='grc' dir='ltr'><strong>Η.</strong></span> <span class='ocrx_word' id='word_1_603' title='bbox 409 2845 450 2873; x_wconf 79' lang='lat' dir='ltr'><strong>Ne</strong></span> <span class='ocrx_word' id='word_1_604' title='bbox 464 2845 521 2880; x_wconf 81' lang='lat' dir='ltr'><strong>quis</strong></span> <span class='ocrx_word' id='word_1_605' title='bbox 532 2852 592 2880; x_wconf 75' lang='lat' dir='ltr'><strong>ergo</strong></span> <span class='ocrx_word' id='word_1_606' title='bbox 604 2844 678 2871; x_wconf 78' lang='lat' dir='ltr'><strong>illum</strong></span> <span class='ocrx_word' id='word_1_607' title='bbox 690 2849 802 2880; x_wconf 80' lang='lat' dir='ltr'><strong>spernat.</strong></span> <span class='ocrx_word' id='word_1_608' title='bbox 815 2843 904 2879; x_wconf 84' lang='lat' dir='ltr'><strong>Neque</strong></span> <span class='ocrx_word' id='word_1_609' title='bbox 916 2843 968 2872; x_wconf 65' lang='lat' dir='ltr'><strong>huc</strong></span> 
     </span>
    </p>
   </div>
   <div class='ocr_carea' id='block_1_79' title="bbox 341 2894 652 2926">
    <p class='ocr_par' dir='ltr' id='par_1_79' title="bbox 341 2894 652 2926">
     <span class='ocr_line' id='line_1_79' title="bbox 341 2894 652 2926; baseline 0.006 -2"><span class='ocrx_word' id='word_1_610' title='bbox 341 2894 475 2925; x_wconf 74' lang='lat' dir='ltr'><strong>PATROL.</strong></span> <span class='ocrx_word' id='word_1_611' title='bbox 492 2895 551 2924; x_wconf 82' lang='lat' dir='ltr'><strong>Gn.</strong></span> <span class='ocrx_word' id='word_1_612' title='bbox 575 2895 652 2926; x_wconf 71' lang='lat' dir='ltr'><strong>LXI.</strong></span> 
     </span>
    </p>
   </div>
   <div class='ocr_carea' id='block_1_80' title="bbox 1005 1046 1802 1085">
    <p class='ocr_par' dir='ltr' id='par_1_80' title="bbox 1005 1046 1802 1085">
     <span class='ocr_line' id='line_1_80' title="bbox 1005 1046 1802 1085; baseline 0.005 -13"><span class='ocrx_word' id='word_1_613' title='bbox 1005 1046 1092 1073; x_wconf 88' lang='lat' dir='ltr'><strong>solum</strong></span> <span class='ocrx_word' id='word_1_614' title='bbox 1107 1047 1207 1082; x_wconf 86' lang='lat' dir='ltr'><strong>exigit,</strong></span> <span class='ocrx_word' id='word_1_615' title='bbox 1222 1048 1269 1076; x_wconf 88' lang='lat' dir='ltr'><strong>sed</strong></span> <span class='ocrx_word' id='word_1_616' title='bbox 1290 1049 1370 1076; x_wconf 80' lang='lat' dir='ltr'><strong>etiam</strong></span> <span class='ocrx_word' id='word_1_617' title='bbox 1392 1049 1522 1083; x_wconf 84' lang='lat' dir='ltr'><strong>majorem</strong></span> <span class='ocrx_word' id='word_1_618' title='bbox 1539 1049 1689 1076; x_wconf 74' lang='lat' dir='ltr'><strong>honorem:</strong></span> <span class='ocrx_word' id='word_1_619' title='bbox 1706 1057 1802 1085; x_wconf 84' lang='lat' dir='ltr'><strong>quam-</strong></span> 
     </span>
    </p>
   </div>
   <div class='ocr_carea' id='block_1_81' title="bbox 1007 1092 1805 1131">
    <p class='ocr_par' dir='ltr' id='par_1_81' title="bbox 1007 1092 1805 1131">
     <span class='ocr_line' id='line_1_81' title="bbox 1007 1092 1805 1131; baseline 0.004 -11"><span class='ocrx_word' id='word_1_620' title='bbox 1007 1092 1101 1120; x_wconf 88' lang='lat' dir='ltr'><strong>obrem</strong></span> <span class='ocrx_word' id='word_1_621' title='bbox 1114 1094 1196 1121; x_wconf 86' lang='lat' dir='ltr'><strong>etiam</strong></span> <span class='ocrx_word' id='word_1_622' title='bbox 1209 1094 1285 1127; x_wconf 89' lang='lat' dir='ltr'><strong>dicit,</strong></span> <span class='ocrx_word' id='word_1_623' title='bbox 1300 1094 1423 1122; x_wconf 78' lang='lat' dir='ltr'><strong>Deducite</strong></span> <span class='ocrx_word' id='word_1_624' title='bbox 1435 1099 1524 1122; x_wconf 78' lang='lat' dir='ltr'><strong>autem</strong></span> <span class='ocrx_word' id='word_1_625' title='bbox 1537 1095 1609 1122; x_wconf 83' lang='lat' dir='ltr'><strong>illum</strong></span> <span class='ocrx_word' id='word_1_626' title='bbox 1624 1096 1651 1122; x_wconf 87' lang='lat' dir='ltr'><strong>in</strong></span> <span class='ocrx_word' id='word_1_627' title='bbox 1666 1105 1737 1131; x_wconf 76' lang='lat' dir='ltr'><strong>pace.</strong></span> <span class='ocrx_word' id='word_1_628' title='bbox 1748 1097 1805 1124; x_wconf 88' lang='lat' dir='ltr'><strong>lloc</strong></span> 
     </span>
    </p>
   </div>
   <div class='ocr_carea' id='block_1_82' title="bbox 1006 1139 1802 1176">
    <p class='ocr_par' dir='ltr' id='par_1_82' title="bbox 1006 1139 1802 1176">
     <span class='ocr_line' id='line_1_82' title="bbox 1006 1139 1802 1176; baseline 0.004 -10"><span class='ocrx_word' id='word_1_629' title='bbox 1006 1143 1064 1172; x_wconf 90' lang='lat' dir='ltr'><strong>est,</strong></span> <span class='ocrx_word' id='word_1_630' title='bbox 1077 1139 1136 1167; x_wconf 87' lang='lat' dir='ltr'><strong>sine</strong></span> <span class='ocrx_word' id='word_1_631' title='bbox 1150 1139 1264 1168; x_wconf 88' lang='lat' dir='ltr'><strong>timore:</strong></span> <span class='ocrx_word' id='word_1_632' title='bbox 1286 1147 1339 1168; x_wconf 91' lang='lat' dir='ltr'><strong>non</strong></span> <span class='ocrx_word' id='word_1_633' title='bbox 1354 1148 1456 1176; x_wconf 83' lang='lat' dir='ltr'><strong>pugnas</strong></span> <span class='ocrx_word' id='word_1_634' title='bbox 1469 1141 1615 1169; x_wconf 82' lang='lat' dir='ltr'><strong>inferentes</strong></span> <span class='ocrx_word' id='word_1_635' title='bbox 1634 1146 1661 1169; x_wconf 89' lang='lat' dir='ltr'><strong>et</strong></span> <span class='ocrx_word' id='word_1_636' title='bbox 1681 1147 1802 1170; x_wconf 84' lang='lat' dir='ltr'><strong>conten-</strong></span> 
     </span>
    </p>
   </div>
   <div class='ocr_carea' id='block_1_83' title="bbox 1006 1183 1803 1222">
    <p class='ocr_par' dir='ltr' id='par_1_83' title="bbox 1006 1183 1803 1222">
     <span class='ocr_line' id='line_1_83' title="bbox 1006 1183 1803 1222; baseline 0.005 -11"><span class='ocrx_word' id='word_1_637' title='bbox 1006 1183 1110 1218; x_wconf 88' lang='lat' dir='ltr'><strong>tiones,</strong></span> <span class='ocrx_word' id='word_1_638' title='bbox 1126 1192 1180 1213; x_wconf 90' lang='lat' dir='ltr'><strong>non</strong></span> <span class='ocrx_word' id='word_1_639' title='bbox 1194 1185 1255 1213; x_wconf 85' lang='lat' dir='ltr'><strong>odia</strong></span> <span class='ocrx_word' id='word_1_640' title='bbox 1270 1191 1298 1213; x_wconf 89' lang='lat' dir='ltr'><strong>et</strong></span> <span class='ocrx_word' id='word_1_641' title='bbox 1311 1186 1465 1214; x_wconf 82' lang='lat' dir='ltr'><strong>inimicitias</strong></span> <span class='ocrx_word' id='word_1_642' title='bbox 1475 1208 1482 1219; x_wconf 94' lang='lat'><strong>,</strong></span> <span class='ocrx_word' id='word_1_643' title='bbox 1501 1187 1549 1215; x_wconf 88' lang='lat' dir='ltr'><strong>sed</strong></span> <span class='ocrx_word' id='word_1_644' title='bbox 1564 1187 1760 1222; x_wconf 89' lang='lat' dir='ltr'><strong>subjectionem</strong></span> <span class='ocrx_word' id='word_1_645' title='bbox 1775 1193 1803 1215; x_wconf 87' lang='lat' dir='ltr'><strong>et</strong></span> 
     </span>
    </p>
   </div>
   <div class='ocr_carea' id='block_1_84' title="bbox 1007 1229 1804 1269">
    <p class='ocr_par' dir='ltr' id='par_1_84' title="bbox 1007 1229 1804 1269">
     <span class='ocr_line' id='line_1_84' title="bbox 1007 1229 1804 1269; baseline 0.006 -12"><span class='ocrx_word' id='word_1_646' title='bbox 1007 1229 1158 1264; x_wconf 83' lang='lat' dir='ltr'><strong>honorem,</strong></span> <span class='ocrx_word' id='word_1_647' title='bbox 1183 1231 1353 1260; x_wconf 87' lang='lat' dir='ltr'><strong>attendentes</strong></span> <span class='ocrx_word' id='word_1_648' title='bbox 1375 1232 1426 1267; x_wconf 89' lang='lat' dir='ltr'><strong>ipsi</strong></span> <span class='ocrx_word' id='word_1_649' title='bbox 1442 1237 1576 1268; x_wconf 90' lang='lat' dir='ltr'><strong>tamquam</strong></span> <span class='ocrx_word' id='word_1_650' title='bbox 1601 1234 1739 1269; x_wconf 79' lang='lat' dir='ltr'><strong>magistro.</strong></span> <span class='ocrx_word' id='word_1_651' title='bbox 1769 1234 1804 1262; x_wconf 91' lang='lat' dir='ltr'><strong>Ut</strong></span> 
     </span>
    </p>
   </div>
   <div class='ocr_carea' id='block_1_85' title="bbox 1008 1276 1807 1316">
    <p class='ocr_par' dir='ltr' id='par_1_85' title="bbox 1008 1276 1807 1316">
     <span class='ocr_line' id='line_1_85' title="bbox 1008 1276 1807 1316; baseline 0.008 -14"><span class='ocrx_word' id='word_1_652' title='bbox 1008 1276 1089 1302; x_wconf 80' lang='lat' dir='ltr'><strong>ueniat</strong></span> <span class='ocrx_word' id='word_1_653' title='bbox 1103 1276 1138 1303; x_wconf 84' lang='lat' dir='ltr'><strong>ad</strong></span> <span class='ocrx_word' id='word_1_654' title='bbox 1151 1284 1207 1310; x_wconf 84' lang='lat' dir='ltr'><strong>me;</strong></span> <span class='ocrx_word' id='word_1_655' title='bbox 1227 1283 1344 1313; x_wconf 73' lang='lat' dir='ltr'><strong>exspecto</strong></span> <span class='ocrx_word' id='word_1_656' title='bbox 1359 1278 1426 1306; x_wconf 81' lang='lat' dir='ltr'><strong>enim</strong></span> <span class='ocrx_word' id='word_1_657' title='bbox 1447 1278 1522 1305; x_wconf 86' lang='lat' dir='ltr'><strong>illum</strong></span> <span class='ocrx_word' id='word_1_658' title='bbox 1541 1287 1599 1306; x_wconf 85' lang='lat' dir='ltr'><strong>cum</strong></span> <span class='ocrx_word' id='word_1_659' title='bbox 1615 1279 1748 1316; x_wconf 75' lang='lat' dir='ltr'><strong>fratribus.</strong></span> <span class='ocrx_word' id='word_1_660' title='bbox 1772 1280 1807 1308; x_wconf 82' lang='lat' dir='ltr'><strong>Et</strong></span> 
     </span>
    </p>
   </div>
   <div class='ocr_carea' id='block_1_86' title="bbox 1009 1322 1806 1354">
    <p class='ocr_par' dir='ltr' id='par_1_86' title="bbox 1009 1322 1806 1354">
     <span class='ocr_line' id='line_1_86' title="bbox 1009 1322 1806 1354; baseline 0.006 -5"><span class='ocrx_word' id='word_1_661' title='bbox 1009 1322 1059 1350; x_wconf 92' lang='lat' dir='ltr'><strong>hoc</strong></span> <span class='ocrx_word' id='word_1_662' title='bbox 1072 1328 1131 1352; x_wconf 87' lang='lat' dir='ltr'><strong>erat</strong></span> <span class='ocrx_word' id='word_1_663' title='bbox 1146 1324 1274 1352; x_wconf 86' lang='lat' dir='ltr'><strong>terrentis</strong></span> <span class='ocrx_word' id='word_1_664' title='bbox 1295 1334 1302 1352; x_wconf 88' lang='lat'><strong>:</strong></span> <span class='ocrx_word' id='word_1_665' title='bbox 1328 1332 1390 1353; x_wconf 90' lang='lat' dir='ltr'><strong>nam</strong></span> <span class='ocrx_word' id='word_1_666' title='bbox 1405 1331 1434 1352; x_wconf 94' lang='lat' dir='ltr'><strong>ut</strong></span> <span class='ocrx_word' id='word_1_667' title='bbox 1455 1333 1517 1353; x_wconf 88' lang='lat' dir='ltr'><strong>cum</strong></span> <span class='ocrx_word' id='word_1_668' title='bbox 1536 1326 1634 1354; x_wconf 88' lang='lat' dir='ltr'><strong>scirent</strong></span> <span class='ocrx_word' id='word_1_669' title='bbox 1650 1326 1739 1354; x_wconf 83' lang='lat' dir='ltr'><strong>omnia</strong></span> <span class='ocrx_word' id='word_1_670' title='bbox 1754 1327 1806 1354; x_wconf 89' lang='lat' dir='ltr'><strong>sibi</strong></span> 
     </span>
    </p>
   </div>
   <div class='ocr_carea' id='block_1_87' title="bbox 1007 1368 1805 1406">
    <p class='ocr_par' dir='ltr' id='par_1_87' title="bbox 1007 1368 1805 1406">
     <span class='ocr_line' id='line_1_87' title="bbox 1007 1368 1805 1406; baseline 0.005 -10"><span class='ocrx_word' id='word_1_671' title='bbox 1007 1368 1119 1397; x_wconf 90' lang='lat' dir='ltr'><strong>dicenda</strong></span> <span class='ocrx_word' id='word_1_672' title='bbox 1147 1377 1207 1404; x_wconf 71' lang='lat' dir='ltr'><strong>quze</strong></span> <span class='ocrx_word' id='word_1_673' title='bbox 1235 1377 1331 1405; x_wconf 86' lang='lat' dir='ltr'><strong>passus</strong></span> <span class='ocrx_word' id='word_1_674' title='bbox 1362 1376 1454 1405; x_wconf 88' lang='lat' dir='ltr'><strong>esset,</strong></span> <span class='ocrx_word' id='word_1_675' title='bbox 1485 1371 1582 1399; x_wconf 88' lang='lat' dir='ltr'><strong>fierent</strong></span> <span class='ocrx_word' id='word_1_676' title='bbox 1605 1371 1805 1406; x_wconf 84' lang='lat' dir='ltr'><strong>modestiores,</strong></span> 
     </span>
    </p>
   </div>
   <div class='ocr_carea' id='block_1_88' title="bbox 1009 1415 1804 1453">
    <p class='ocr_par' dir='ltr' id='par_1_88' title="bbox 1009 1415 1804 1453">
     <span class='ocr_line' id='line_1_88' title="bbox 1009 1415 1804 1453; baseline 0.005 -12"><span class='ocrx_word' id='word_1_677' title='bbox 1009 1419 1151 1449; x_wconf 85' lang='lat' dir='ltr'><strong>propterea</strong></span> <span class='ocrx_word' id='word_1_678' title='bbox 1173 1415 1277 1444; x_wconf 81' lang='lat' dir='ltr'><strong>addidit</strong></span> <span class='ocrx_word' id='word_1_679' title='bbox 1299 1425 1305 1443; x_wconf 92' lang='lat'><strong>:</strong></span> <span class='ocrx_word' id='word_1_680' title='bbox 1335 1415 1464 1452; x_wconf 66' lang='lat' dir='ltr'><strong>Exspecto</strong></span> <span class='ocrx_word' id='word_1_681' title='bbox 1482 1418 1550 1444; x_wconf 83' lang='lat' dir='ltr'><strong>enim</strong></span> <span class='ocrx_word' id='word_1_682' title='bbox 1570 1417 1654 1445; x_wconf 80' lang='lat' dir='ltr'><strong>illum.</strong></span> <span class='ocrx_word' id='word_1_683' title='bbox 1677 1418 1804 1453; x_wconf 79' lang='lat' dir='ltr'><strong>Alioquin</strong></span> 
     </span>
    </p>
   </div>
   <div class='ocr_carea' id='block_1_89' title="bbox 1007 1461 1805 1498">
    <p class='ocr_par' dir='ltr' id='par_1_89' title="bbox 1007 1461 1805 1498">
     <span class='ocr_line' id='line_1_89' title="bbox 1007 1461 1805 1498; baseline 0.006 -12"><span class='ocrx_word' id='word_1_684' title='bbox 1007 1464 1096 1487; x_wconf 90' lang='lat' dir='ltr'><strong>autem</strong></span> <span class='ocrx_word' id='word_1_685' title='bbox 1112 1467 1174 1488; x_wconf 92' lang='lat' dir='ltr'><strong>eum</strong></span> <span class='ocrx_word' id='word_1_686' title='bbox 1189 1468 1295 1496; x_wconf 84' lang='lat' dir='ltr'><strong>quoque</strong></span> <span class='ocrx_word' id='word_1_687' title='bbox 1308 1461 1371 1490; x_wconf 87' lang='lat' dir='ltr'><strong>hinc</strong></span> <span class='ocrx_word' id='word_1_688' title='bbox 1388 1462 1451 1490; x_wconf 88' lang='lat' dir='ltr'><strong>facit</strong></span> <span class='ocrx_word' id='word_1_689' title='bbox 1466 1462 1520 1490; x_wconf 81' lang='lat' dir='ltr'><strong>fide</strong></span> <span class='ocrx_word' id='word_1_690' title='bbox 1534 1463 1654 1498; x_wconf 85' lang='lat' dir='ltr'><strong>dignum.</strong></span> <span class='ocrx_word' id='word_1_691' title='bbox 1669 1463 1805 1498; x_wconf 90' lang='lat' dir='ltr'><strong>Siquidem</strong></span> 
     </span>
    </p>
   </div>
   <div class='ocr_carea' id='block_1_90' title="bbox 1008 1506 1805 1542">
    <p class='ocr_par' dir='ltr' id='par_1_90' title="bbox 1008 1506 1805 1542">
     <span class='ocr_line' id='line_1_90' title="bbox 1008 1506 1805 1542; baseline 0.003 -8"><span class='ocrx_word' id='word_1_692' title='bbox 1008 1506 1131 1534; x_wconf 85' lang='lat' dir='ltr'><strong>exiturus</strong></span> <span class='ocrx_word' id='word_1_693' title='bbox 1151 1507 1239 1542; x_wconf 86' lang='lat' dir='ltr'><strong>ipsum</strong></span> <span class='ocrx_word' id='word_1_694' title='bbox 1258 1512 1415 1542; x_wconf 88' lang='lat' dir='ltr'><strong>exspectat,</strong></span> <span class='ocrx_word' id='word_1_695' title='bbox 1437 1512 1465 1535; x_wconf 90' lang='lat' dir='ltr'><strong>et</strong></span> <span class='ocrx_word' id='word_1_696' title='bbox 1484 1515 1560 1535; x_wconf 88' lang='lat' dir='ltr'><strong>suam</strong></span> <span class='ocrx_word' id='word_1_697' title='bbox 1582 1508 1609 1535; x_wconf 94' lang='lat' dir='ltr'><strong>in</strong></span> <span class='ocrx_word' id='word_1_698' title='bbox 1632 1508 1695 1535; x_wconf 90' lang='lat' dir='ltr'><strong>illos</strong></span> <span class='ocrx_word' id='word_1_699' title='bbox 1712 1513 1805 1536; x_wconf 58' lang='lat' dir='ltr'><strong>esten.</strong></span> 
     </span>
    </p>
   </div>
   <div class='ocr_carea' id='block_1_91' title="bbox 1008 1552 1805 1590">
    <p class='ocr_par' dir='ltr' id='par_1_91' title="bbox 1008 1552 1805 1590">
     <span class='ocr_line' id='line_1_91' title="bbox 1008 1552 1805 1590; baseline 0.005 -10"><span class='ocrx_word' id='word_1_700' title='bbox 1008 1552 1049 1580; x_wconf 87' lang='lat' dir='ltr'><strong>dit</strong></span> <span class='ocrx_word' id='word_1_701' title='bbox 1067 1553 1207 1581; x_wconf 82' lang='lat' dir='ltr'><strong>caritatem</strong></span> <span class='ocrx_word' id='word_1_702' title='bbox 1220 1573 1229 1587; x_wconf 91' lang='lat'><strong>,</strong></span> <span class='ocrx_word' id='word_1_703' title='bbox 1245 1554 1352 1589; x_wconf 88' lang='lat' dir='ltr'><strong>quando</strong></span> <span class='ocrx_word' id='word_1_704' title='bbox 1372 1562 1435 1583; x_wconf 88' lang='lat' dir='ltr'><strong>eum</strong></span> <span class='ocrx_word' id='word_1_705' title='bbox 1455 1554 1501 1590; x_wconf 89' lang='lat' dir='ltr'><strong>qui</strong></span> <span class='ocrx_word' id='word_1_706' title='bbox 1523 1559 1595 1583; x_wconf 88' lang='lat' dir='ltr'><strong>esset</strong></span> <span class='ocrx_word' id='word_1_707' title='bbox 1619 1555 1688 1584; x_wconf 87' lang='lat' dir='ltr'><strong>adeo</strong></span> <span class='ocrx_word' id='word_1_708' title='bbox 1711 1556 1783 1584; x_wconf 89' lang='lat' dir='ltr'><strong>utilis</strong></span> <span class='ocrx_word' id='word_1_709' title='bbox 1795 1577 1805 1590; x_wconf 87' lang='lat'><strong>,</strong></span> 
     </span>
    </p>
   </div>
   <div class='ocr_carea' id='block_1_92' title="bbox 1009 1599 1807 1636">
    <p class='ocr_par' dir='ltr' id='par_1_92' title="bbox 1009 1599 1807 1636">
     <span class='ocr_line' id='line_1_92' title="bbox 1009 1599 1807 1636; baseline 0.005 -11"><span class='ocrx_word' id='word_1_710' title='bbox 1009 1602 1119 1633; x_wconf 88' lang='lat' dir='ltr'><strong>propter</strong></span> <span class='ocrx_word' id='word_1_711' title='bbox 1133 1599 1208 1633; x_wconf 90' lang='lat' dir='ltr'><strong>ipsos</strong></span> <span class='ocrx_word' id='word_1_712' title='bbox 1221 1599 1328 1628; x_wconf 85' lang='lat' dir='ltr'><strong>misisse</strong></span> <span class='ocrx_word' id='word_1_713' title='bbox 1343 1605 1510 1628; x_wconf 87' lang='lat' dir='ltr'><strong>cerneretur.</strong></span> <span class='ocrx_word' id='word_1_714' title='bbox 1534 1601 1578 1628; x_wconf 76' lang='lat' dir='ltr'><strong>l2.</strong></span> <span class='ocrx_word' id='word_1_715' title='bbox 1601 1600 1641 1628; x_wconf 88' lang='lat' dir='ltr'><strong>De</strong></span> <span class='ocrx_word' id='word_1_716' title='bbox 1653 1601 1745 1636; x_wconf 78' lang='lat' dir='ltr'><strong>Apollo</strong></span> <span class='ocrx_word' id='word_1_717' title='bbox 1758 1610 1807 1629; x_wconf 84' lang='lat' dir='ltr'><strong>au-</strong></span> 
     </span>
    </p>
   </div>
   <div class='ocr_carea' id='block_1_93' title="bbox 1009 1644 1806 1682">
    <p class='ocr_par' dir='ltr' id='par_1_93' title="bbox 1009 1644 1806 1682">
     <span class='ocr_line' id='line_1_93' title="bbox 1009 1644 1806 1682; baseline 0.005 -12"><span class='ocrx_word' id='word_1_718' title='bbox 1009 1649 1059 1671; x_wconf 86' lang='lat' dir='ltr'><strong>tem</strong></span> <span class='ocrx_word' id='word_1_719' title='bbox 1070 1644 1151 1678; x_wconf 82' lang='lat' dir='ltr'><strong>fratre</strong></span> <span class='ocrx_word' id='word_1_720' title='bbox 1163 1645 1231 1673; x_wconf 78' lang='lat' dir='ltr'><strong>vobis</strong></span> <span class='ocrx_word' id='word_1_721' title='bbox 1245 1650 1333 1673; x_wconf 89' lang='lat' dir='ltr'><strong>notum</strong></span> <span class='ocrx_word' id='word_1_722' title='bbox 1350 1646 1430 1682; x_wconf 71' lang='lat' dir='ltr'><strong>facio,</strong></span> <span class='ocrx_word' id='word_1_723' title='bbox 1438 1646 1506 1681; x_wconf 82' lang='lat' dir='ltr'><strong>quod</strong></span> <span class='ocrx_word' id='word_1_724' title='bbox 1516 1647 1625 1674; x_wconf 76' lang='lat' dir='ltr'><strong>multum</strong></span> <span class='ocrx_word' id='word_1_725' title='bbox 1637 1648 1725 1682; x_wconf 75' lang='lat' dir='ltr'><strong>rogavi</strong></span> <span class='ocrx_word' id='word_1_726' title='bbox 1737 1656 1806 1681; x_wconf 81' lang='lat' dir='ltr'><strong>eunt,</strong></span> 
     </span>
    </p>
   </div>
   <div class='ocr_carea' id='block_1_94' title="bbox 1009 1692 1808 1728">
    <p class='ocr_par' dir='ltr' id='par_1_94' title="bbox 1009 1692 1808 1728">
     <span class='ocr_line' id='line_1_94' title="bbox 1009 1692 1808 1728; baseline 0.005 -10"><span class='ocrx_word' id='word_1_727' title='bbox 1009 1696 1038 1718; x_wconf 87' lang='lat' dir='ltr'><strong>ut</strong></span> <span class='ocrx_word' id='word_1_728' title='bbox 1059 1692 1093 1718; x_wconf 82' lang='lat' dir='ltr'><strong>ad</strong></span> <span class='ocrx_word' id='word_1_729' title='bbox 1108 1700 1153 1720; x_wconf 81' lang='lat' dir='ltr'><strong>vos</strong></span> <span class='ocrx_word' id='word_1_730' title='bbox 1166 1693 1260 1720; x_wconf 81' lang='lat' dir='ltr'><strong>veniret</strong></span> <span class='ocrx_word' id='word_1_731' title='bbox 1278 1701 1336 1720; x_wconf 80' lang='lat' dir='ltr'><strong>eum</strong></span> <span class='ocrx_word' id='word_1_732' title='bbox 1350 1693 1483 1728; x_wconf 78' lang='lat' dir='ltr'><strong>fratribus.</strong></span> <span class='ocrx_word' id='word_1_733' title='bbox 1505 1693 1555 1721; x_wconf 83' lang='lat' dir='ltr'><strong>Hic</strong></span> <span class='ocrx_word' id='word_1_734' title='bbox 1568 1693 1674 1722; x_wconf 78' lang='lat' dir='ltr'><strong>videtur</strong></span> <span class='ocrx_word' id='word_1_735' title='bbox 1696 1701 1757 1722; x_wconf 86' lang='lat' dir='ltr'><strong>esse</strong></span> <span class='ocrx_word' id='word_1_736' title='bbox 1778 1699 1808 1722; x_wconf 87' lang='lat' dir='ltr'><strong>et</strong></span> 
     </span>
    </p>
   </div>
   <div class='ocr_carea' id='block_1_95' title="bbox 1009 1738 1808 1775">
    <p class='ocr_par' dir='ltr' id='par_1_95' title="bbox 1009 1738 1808 1775">
     <span class='ocr_line' id='line_1_95' title="bbox 1009 1738 1808 1775; baseline 0.001 -9"><span class='ocrx_word' id='word_1_737' title='bbox 1009 1739 1079 1766; x_wconf 84' lang='lat' dir='ltr'><strong>bene</strong></span> <span class='ocrx_word' id='word_1_738' title='bbox 1098 1739 1231 1773; x_wconf 88' lang='lat' dir='ltr'><strong>eruditus,</strong></span> <span class='ocrx_word' id='word_1_739' title='bbox 1251 1743 1281 1767; x_wconf 89' lang='lat' dir='ltr'><strong>et</strong></span> <span class='ocrx_word' id='word_1_740' title='bbox 1301 1738 1388 1774; x_wconf 85' lang='lat' dir='ltr'><strong>major</strong></span> <span class='ocrx_word' id='word_1_741' title='bbox 1408 1743 1487 1767; x_wconf 67' lang='lat' dir='ltr'><strong>aetate</strong></span> <span class='ocrx_word' id='word_1_742' title='bbox 1508 1739 1662 1768; x_wconf 88' lang='lat' dir='ltr'><strong>Timotheo.</strong></span> <span class='ocrx_word' id='word_1_743' title='bbox 1685 1740 1724 1768; x_wconf 85' lang='lat' dir='ltr'><strong>Ne</strong></span> <span class='ocrx_word' id='word_1_744' title='bbox 1743 1749 1808 1775; x_wconf 86' lang='lat' dir='ltr'><strong>ergo</strong></span> 
     </span>
    </p>
   </div>
   <div class='ocr_carea' id='block_1_96' title="bbox 1011 1784 1809 1821">
    <p class='ocr_par' dir='ltr' id='par_1_96' title="bbox 1011 1784 1809 1821">
     <span class='ocr_line' id='line_1_96' title="bbox 1011 1784 1809 1821; baseline 0.004 -10"><span class='ocrx_word' id='word_1_745' title='bbox 1011 1784 1152 1812; x_wconf 89' lang='lat' dir='ltr'><strong>dicerent:</strong></span> <span class='ocrx_word' id='word_1_746' title='bbox 1182 1784 1236 1813; x_wconf 91' lang='lat' dir='ltr'><strong>Cur</strong></span> <span class='ocrx_word' id='word_1_747' title='bbox 1256 1785 1343 1812; x_wconf 94' lang='lat' dir='ltr'><strong>virum</strong></span> <span class='ocrx_word' id='word_1_748' title='bbox 1363 1785 1471 1820; x_wconf 92' lang='lat' dir='ltr'><strong>quidem</strong></span> <span class='ocrx_word' id='word_1_749' title='bbox 1499 1793 1552 1812; x_wconf 91' lang='lat' dir='ltr'><strong>non</strong></span> <span class='ocrx_word' id='word_1_750' title='bbox 1579 1786 1669 1818; x_wconf 88' lang='lat' dir='ltr'><strong>misit,</strong></span> <span class='ocrx_word' id='word_1_751' title='bbox 1688 1786 1736 1814; x_wconf 90' lang='lat' dir='ltr'><strong>sed</strong></span> <span class='ocrx_word' id='word_1_752' title='bbox 1759 1794 1809 1821; x_wconf 80' lang='lat' dir='ltr'><strong>pm</strong></span> 
     </span>
    </p>
   </div>
   <div class='ocr_carea' id='block_1_97' title="bbox 1011 1830 1808 1866">
    <p class='ocr_par' dir='ltr' id='par_1_97' title="bbox 1011 1830 1808 1866">
     <span class='ocr_line' id='line_1_97' title="bbox 1011 1830 1808 1866; baseline 0.003 -8"><span class='ocrx_word' id='word_1_753' title='bbox 1011 1830 1058 1859; x_wconf 90' lang='lat' dir='ltr'><strong>illo</strong></span> <span class='ocrx_word' id='word_1_754' title='bbox 1076 1831 1224 1866; x_wconf 74' lang='lat' dir='ltr'><strong>juvenem?</strong></span> <span class='ocrx_word' id='word_1_755' title='bbox 1239 1831 1303 1859; x_wconf 88' lang='lat' dir='ltr'><strong>vide</strong></span> <span class='ocrx_word' id='word_1_756' title='bbox 1317 1831 1452 1866; x_wconf 89' lang='lat' dir='ltr'><strong>quomodo</strong></span> <span class='ocrx_word' id='word_1_757' title='bbox 1467 1831 1547 1859; x_wconf 90' lang='lat' dir='ltr'><strong>etiam</strong></span> <span class='ocrx_word' id='word_1_758' title='bbox 1563 1830 1614 1859; x_wconf 90' lang='lat' dir='ltr'><strong>hoc</strong></span> <span class='ocrx_word' id='word_1_759' title='bbox 1635 1832 1722 1865; x_wconf 89' lang='lat' dir='ltr'><strong>levet,</strong></span> <span class='ocrx_word' id='word_1_760' title='bbox 1745 1840 1808 1860; x_wconf 89' lang='lat' dir='ltr'><strong>eum</strong></span> 
     </span>
    </p>
   </div>
   <div class='ocr_carea' id='block_1_98' title="bbox 1012 1875 1809 1909">
    <p class='ocr_par' dir='ltr' id='par_1_98' title="bbox 1012 1875 1809 1909">
     <span class='ocr_line' id='line_1_98' title="bbox 1012 1875 1809 1909; baseline 0.003 -6"><span class='ocrx_word' id='word_1_761' title='bbox 1012 1880 1039 1903; x_wconf 88' lang='lat' dir='ltr'><strong>et</strong></span> <span class='ocrx_word' id='word_1_762' title='bbox 1058 1875 1168 1904; x_wconf 85' lang='lat' dir='ltr'><strong>fratrem</strong></span> <span class='ocrx_word' id='word_1_763' title='bbox 1189 1884 1306 1909; x_wconf 81' lang='lat' dir='ltr'><strong>vocans,</strong></span> <span class='ocrx_word' id='word_1_764' title='bbox 1321 1881 1350 1904; x_wconf 85' lang='lat' dir='ltr'><strong>et</strong></span> <span class='ocrx_word' id='word_1_765' title='bbox 1369 1877 1464 1904; x_wconf 88' lang='lat' dir='ltr'><strong>dicens</strong></span> <span class='ocrx_word' id='word_1_766' title='bbox 1479 1884 1509 1904; x_wconf 86' lang='lat' dir='ltr'><strong>se</strong></span> <span class='ocrx_word' id='word_1_767' title='bbox 1530 1877 1642 1905; x_wconf 89' lang='lat' dir='ltr'><strong>multum</strong></span> <span class='ocrx_word' id='word_1_768' title='bbox 1666 1878 1739 1905; x_wconf 87' lang='lat' dir='ltr'><strong>illum</strong></span> <span class='ocrx_word' id='word_1_769' title='bbox 1761 1886 1809 1905; x_wconf 90' lang='lat' dir='ltr'><strong>ro-</strong></span> 
     </span>
    </p>
   </div>
   <div class='ocr_carea' id='block_1_99' title="bbox 1011 1922 1808 1958">
    <p class='ocr_par' dir='ltr' id='par_1_99' title="bbox 1011 1922 1808 1958">
     <span class='ocr_line' id='line_1_99' title="bbox 1011 1922 1808 1958; baseline 0.003 -9"><span class='ocrx_word' id='word_1_770' title='bbox 1011 1928 1089 1956; x_wconf 75' lang='lat' dir='ltr'><strong>gasse</strong></span> <span class='ocrx_word' id='word_1_771' title='bbox 1102 1926 1132 1949; x_wconf 91' lang='lat' dir='ltr'><strong>ut</strong></span> <span class='ocrx_word' id='word_1_772' title='bbox 1144 1922 1259 1950; x_wconf 85' lang='lat' dir='ltr'><strong>veniret.</strong></span> <span class='ocrx_word' id='word_1_773' title='bbox 1279 1922 1318 1950; x_wconf 85' lang='lat' dir='ltr'><strong>Ne</strong></span> <span class='ocrx_word' id='word_1_774' title='bbox 1336 1922 1408 1950; x_wconf 89' lang='lat' dir='ltr'><strong>enim</strong></span> <span class='ocrx_word' id='word_1_775' title='bbox 1424 1922 1560 1950; x_wconf 85' lang='lat' dir='ltr'><strong>videretur</strong></span> <span class='ocrx_word' id='word_1_776' title='bbox 1574 1923 1755 1958; x_wconf 75' lang='lat' dir='ltr'><strong>praeposuisse</strong></span> <span class='ocrx_word' id='word_1_777' title='bbox 1769 1924 1808 1952; x_wconf 91' lang='lat' dir='ltr'><strong>illi</strong></span> 
     </span>
    </p>
   </div>
   <div class='ocr_carea' id='block_1_100' title="bbox 1012 1967 1809 2006">
    <p class='ocr_par' dir='ltr' id='par_1_100' title="bbox 1012 1967 1809 2006">
     <span class='ocr_line' id='line_1_100' title="bbox 1012 1967 1809 2006; baseline 0.006 -12"><span class='ocrx_word' id='word_1_778' title='bbox 1012 1967 1194 2001; x_wconf 88' lang='lat' dir='ltr'><strong>Timotheum,</strong></span> <span class='ocrx_word' id='word_1_779' title='bbox 1212 1972 1240 1997; x_wconf 88' lang='lat' dir='ltr'><strong>et</strong></span> <span class='ocrx_word' id='word_1_780' title='bbox 1258 1968 1359 1997; x_wconf 87' lang='lat' dir='ltr'><strong>idcirco</strong></span> <span class='ocrx_word' id='word_1_781' title='bbox 1380 1976 1441 1996; x_wconf 90' lang='lat' dir='ltr'><strong>eum</strong></span> <span class='ocrx_word' id='word_1_782' title='bbox 1462 1976 1516 1997; x_wconf 91' lang='lat' dir='ltr'><strong>non</strong></span> <span class='ocrx_word' id='word_1_783' title='bbox 1539 1969 1647 1998; x_wconf 87' lang='lat' dir='ltr'><strong>misisse</strong></span> <span class='ocrx_word' id='word_1_784' title='bbox 1661 1991 1671 2004; x_wconf 91' lang='lat'><strong>,</strong></span> <span class='ocrx_word' id='word_1_785' title='bbox 1694 1970 1809 2006; x_wconf 85' lang='lat' dir='ltr'><strong>hincque</strong></span> 
     </span>
    </p>
   </div>
   <div class='ocr_carea' id='block_1_101' title="bbox 1012 2015 1809 2051">
    <p class='ocr_par' dir='ltr' id='par_1_101' title="bbox 1012 2015 1809 2051">
     <span class='ocr_line' id='line_1_101' title="bbox 1012 2015 1809 2051; baseline 0.005 -10"><span class='ocrx_word' id='word_1_786' title='bbox 1012 2015 1142 2050; x_wconf 88' lang='lat' dir='ltr'><strong>majorem</strong></span> <span class='ocrx_word' id='word_1_787' title='bbox 1164 2015 1324 2044; x_wconf 88' lang='lat' dir='ltr'><strong>accenderet</strong></span> <span class='ocrx_word' id='word_1_788' title='bbox 1344 2016 1492 2051; x_wconf 84' lang='lat' dir='ltr'><strong>invidiam,</strong></span> <span class='ocrx_word' id='word_1_789' title='bbox 1514 2017 1670 2051; x_wconf 88' lang='lat' dir='ltr'><strong>subjunxit:</strong></span> <span class='ocrx_word' id='word_1_790' title='bbox 1696 2017 1809 2045; x_wconf 74' lang='lat' dir='ltr'><strong>Multum</strong></span> 
     </span>
    </p>
   </div>
   <div class='ocr_carea' id='block_1_102' title="bbox 1013 2061 1809 2098">
    <p class='ocr_par' dir='ltr' id='par_1_102' title="bbox 1013 2061 1809 2098">
     <span class='ocr_line' id='line_1_102' title="bbox 1013 2061 1809 2098; baseline 0.004 -10"><span class='ocrx_word' id='word_1_791' title='bbox 1013 2061 1088 2088; x_wconf 84' lang='lat' dir='ltr'><strong>illum</strong></span> <span class='ocrx_word' id='word_1_792' title='bbox 1107 2062 1215 2096; x_wconf 73' lang='lat' dir='ltr'><strong>rogavi,</strong></span> <span class='ocrx_word' id='word_1_793' title='bbox 1235 2066 1264 2089; x_wconf 87' lang='lat' dir='ltr'><strong>ut</strong></span> <span class='ocrx_word' id='word_1_794' title='bbox 1284 2062 1390 2089; x_wconf 80' lang='lat' dir='ltr'><strong>veniret.</strong></span> <span class='ocrx_word' id='word_1_795' title='bbox 1405 2062 1475 2095; x_wconf 84' lang='lat' dir='ltr'><strong>Quid</strong></span> <span class='ocrx_word' id='word_1_796' title='bbox 1490 2063 1574 2098; x_wconf 82' lang='lat' dir='ltr'><strong>ergo?</strong></span> <span class='ocrx_word' id='word_1_797' title='bbox 1595 2071 1648 2090; x_wconf 94' lang='lat' dir='ltr'><strong>non</strong></span> <span class='ocrx_word' id='word_1_798' title='bbox 1663 2064 1746 2091; x_wconf 82' lang='lat' dir='ltr'><strong>cessit</strong></span> <span class='ocrx_word' id='word_1_799' title='bbox 1764 2064 1809 2092; x_wconf 79' lang='lat' dir='ltr'><strong>ille</strong></span> 
     </span>
    </p>
   </div>
   <div class='ocr_carea' id='block_1_103' title="bbox 1014 2107 1807 2143">
    <p class='ocr_par' dir='ltr' id='par_1_103' title="bbox 1014 2107 1807 2143">
     <span class='ocr_line' id='line_1_103' title="bbox 1014 2107 1807 2143; baseline 0.004 -9"><span class='ocrx_word' id='word_1_800' title='bbox 1014 2114 1101 2142; x_wconf 90' lang='lat' dir='ltr'><strong>neque</strong></span> <span class='ocrx_word' id='word_1_801' title='bbox 1110 2108 1216 2140; x_wconf 85' lang='lat' dir='ltr'><strong>annuit,</strong></span> <span class='ocrx_word' id='word_1_802' title='bbox 1226 2107 1275 2136; x_wconf 84' lang='lat' dir='ltr'><strong>sed</strong></span> <span class='ocrx_word' id='word_1_803' title='bbox 1284 2107 1383 2136; x_wconf 91' lang='lat' dir='ltr'><strong>restitit</strong></span> <span class='ocrx_word' id='word_1_804' title='bbox 1393 2112 1421 2136; x_wconf 87' lang='lat' dir='ltr'><strong>et</strong></span> <span class='ocrx_word' id='word_1_805' title='bbox 1431 2108 1570 2136; x_wconf 87' lang='lat' dir='ltr'><strong>contendit</strong></span> <span class='ocrx_word' id='word_1_806' title='bbox 1577 2109 1589 2136; x_wconf 68' lang='grc' dir='ltr'><strong>ἲ</strong></span> <span class='ocrx_word' id='word_1_807' title='bbox 1597 2109 1654 2137; x_wconf 87' lang='grc' dir='ltr'><strong>Νοη</strong></span> <span class='ocrx_word' id='word_1_808' title='bbox 1669 2109 1720 2137; x_wconf 92' lang='lat' dir='ltr'><strong>hoc</strong></span> <span class='ocrx_word' id='word_1_809' title='bbox 1733 2109 1807 2143; x_wconf 88' lang='lat' dir='ltr'><strong>dicit,</strong></span> 
     </span>
    </p>
   </div>
   <div class='ocr_carea' id='block_1_104' title="bbox 1014 2153 1808 2190">
    <p class='ocr_par' dir='ltr' id='par_1_104' title="bbox 1014 2153 1808 2190">
     <span class='ocr_line' id='line_1_104' title="bbox 1014 2153 1808 2190; baseline 0.004 -9"><span class='ocrx_word' id='word_1_810' title='bbox 1014 2153 1061 2181; x_wconf 90' lang='lat' dir='ltr'><strong>sed</strong></span> <span class='ocrx_word' id='word_1_811' title='bbox 1081 2158 1111 2181; x_wconf 92' lang='lat' dir='ltr'><strong>ut</strong></span> <span class='ocrx_word' id='word_1_812' title='bbox 1130 2161 1217 2189; x_wconf 89' lang='lat' dir='ltr'><strong>neque</strong></span> <span class='ocrx_word' id='word_1_813' title='bbox 1232 2154 1307 2182; x_wconf 92' lang='lat' dir='ltr'><strong>illum</strong></span> <span class='ocrx_word' id='word_1_814' title='bbox 1326 2155 1547 2190; x_wconf 87' lang='lat' dir='ltr'><strong>reprehenderet,</strong></span> <span class='ocrx_word' id='word_1_815' title='bbox 1564 2161 1591 2184; x_wconf 88' lang='lat' dir='ltr'><strong>et</strong></span> <span class='ocrx_word' id='word_1_816' title='bbox 1604 2164 1634 2184; x_wconf 87' lang='lat' dir='ltr'><strong>se</strong></span> <span class='ocrx_word' id='word_1_817' title='bbox 1646 2162 1786 2184; x_wconf 80' lang='lat' dir='ltr'><strong>excusaret</strong></span> <span class='ocrx_word' id='word_1_818' title='bbox 1799 2177 1808 2189; x_wconf 85' lang='lat'><strong>,</strong></span> 
     </span>
    </p>
   </div>
   <div class='ocr_carea' id='block_1_105' title="bbox 1015 2199 1810 2236">
    <p class='ocr_par' dir='ltr' id='par_1_105' title="bbox 1015 2199 1810 2236">
     <span class='ocr_line' id='line_1_105' title="bbox 1015 2199 1810 2236; baseline 0.003 -9"><span class='ocrx_word' id='word_1_819' title='bbox 1015 2199 1100 2227; x_wconf 87' lang='lat' dir='ltr'><strong>dicit:</strong></span> <span class='ocrx_word' id='word_1_820' title='bbox 1117 2199 1150 2227; x_wconf 87' lang='lat' dir='ltr'><strong>Et</strong></span> <span class='ocrx_word' id='word_1_821' title='bbox 1169 2200 1255 2234; x_wconf 86' lang='lat' dir='ltr'><strong>utique</strong></span> <span class='ocrx_word' id='word_1_822' title='bbox 1275 2208 1325 2227; x_wconf 88' lang='lat' dir='ltr'><strong>non</strong></span> <span class='ocrx_word' id='word_1_823' title='bbox 1346 2200 1396 2236; x_wconf 76' lang='lat' dir='ltr'><strong>fuit</strong></span> <span class='ocrx_word' id='word_1_824' title='bbox 1414 2201 1531 2228; x_wconf 80' lang='lat' dir='ltr'><strong>uoluntas</strong></span> <span class='ocrx_word' id='word_1_825' title='bbox 1550 2203 1607 2236; x_wconf 87' lang='lat' dir='ltr'><strong>ejus</strong></span> <span class='ocrx_word' id='word_1_826' title='bbox 1627 2207 1654 2229; x_wconf 83' lang='lat' dir='ltr'><strong>ut</strong></span> <span class='ocrx_word' id='word_1_827' title='bbox 1677 2210 1743 2229; x_wconf 89' lang='lat' dir='ltr'><strong>nunc</strong></span> <span class='ocrx_word' id='word_1_828' title='bbox 1767 2210 1810 2229; x_wconf 76' lang='lat' dir='ltr'><strong>ve-</strong></span> 
     </span>
    </p>
   </div>
   <div class='ocr_carea' id='block_1_106' title="bbox 1015 2244 1811 2276">
    <p class='ocr_par' dir='ltr' id='par_1_106' title="bbox 1015 2244 1811 2276">
     <span class='ocr_line' id='line_1_106' title="bbox 1015 2244 1811 2276; baseline 0.004 -4"><span class='ocrx_word' id='word_1_829' title='bbox 1015 2245 1090 2272; x_wconf 83' lang='lat' dir='ltr'><strong>niret.</strong></span> <span class='ocrx_word' id='word_1_830' title='bbox 1119 2244 1222 2273; x_wconf 88' lang='lat' dir='ltr'><strong>Deinde</strong></span> <span class='ocrx_word' id='word_1_831' title='bbox 1249 2253 1283 2273; x_wconf 87' lang='lat' dir='ltr'><strong>ne</strong></span> <span class='ocrx_word' id='word_1_832' title='bbox 1308 2245 1430 2274; x_wconf 88' lang='lat' dir='ltr'><strong>dicerent</strong></span> <span class='ocrx_word' id='word_1_833' title='bbox 1449 2246 1507 2274; x_wconf 65' lang='lat' dir='ltr'><strong>haec</strong></span> <span class='ocrx_word' id='word_1_834' title='bbox 1533 2254 1594 2275; x_wconf 88' lang='lat' dir='ltr'><strong>esse</strong></span> <span class='ocrx_word' id='word_1_835' title='bbox 1619 2247 1760 2275; x_wconf 86' lang='lat' dir='ltr'><strong>obtentum</strong></span> <span class='ocrx_word' id='word_1_836' title='bbox 1783 2253 1811 2276; x_wconf 91' lang='lat' dir='ltr'><strong>et</strong></span> 
     </span>
    </p>
   </div>
   <div class='ocr_carea' id='block_1_107' title="bbox 1015 2291 1811 2327">
    <p class='ocr_par' dir='ltr' id='par_1_107' title="bbox 1015 2291 1811 2327">
     <span class='ocr_line' id='line_1_107' title="bbox 1015 2291 1811 2327; baseline 0.003 -9"><span class='ocrx_word' id='word_1_837' title='bbox 1015 2291 1221 2326; x_wconf 78' lang='lat' dir='ltr'><strong>subterfugium,</strong></span> <span class='ocrx_word' id='word_1_838' title='bbox 1231 2291 1368 2327; x_wconf 74' lang='lat' dir='ltr'><strong>subiunxit</strong></span> <span class='ocrx_word' id='word_1_839' title='bbox 1380 2301 1386 2318; x_wconf 75' lang='grc' dir='ltr'>ε</span> <span class='ocrx_word' id='word_1_840' title='bbox 1401 2291 1486 2319; x_wconf 84' lang='lat' dir='ltr'><strong>Veniet</strong></span> <span class='ocrx_word' id='word_1_841' title='bbox 1497 2297 1590 2326; x_wconf 88' lang='lat' dir='ltr'><strong>autem,</strong></span> <span class='ocrx_word' id='word_1_842' title='bbox 1602 2301 1659 2320; x_wconf 81' lang='lat' dir='ltr'><strong>cum</strong></span> <span class='ocrx_word' id='word_1_843' title='bbox 1672 2293 1696 2320; x_wconf 77' lang='lat' dir='ltr'><strong>ei</strong></span> <span class='ocrx_word' id='word_1_844' title='bbox 1705 2301 1811 2320; x_wconf 75' lang='lat' dir='ltr'><strong>saeuum</strong></span> 
     </span>
    </p>
   </div>
   <div class='ocr_carea' id='block_1_108' title="bbox 1016 2337 1812 2375">
    <p class='ocr_par' dir='ltr' id='par_1_108' title="bbox 1016 2337 1812 2375">
     <span class='ocr_line' id='line_1_108' title="bbox 1016 2337 1812 2375; baseline 0.005 -12"><span class='ocrx_word' id='word_1_845' title='bbox 1016 2337 1103 2372; x_wconf 80' lang='lat' dir='ltr'><strong>fuerit.</strong></span> <span class='ocrx_word' id='word_1_846' title='bbox 1113 2337 1160 2364; x_wconf 88' lang='lat' dir='ltr'><strong>Sic</strong></span> <span class='ocrx_word' id='word_1_847' title='bbox 1174 2341 1201 2364; x_wconf 88' lang='lat' dir='ltr'><strong>et</strong></span> <span class='ocrx_word' id='word_1_848' title='bbox 1210 2337 1284 2365; x_wconf 92' lang='lat' dir='ltr'><strong>illum</strong></span> <span class='ocrx_word' id='word_1_849' title='bbox 1295 2337 1414 2365; x_wconf 88' lang='lat' dir='ltr'><strong>defendit</strong></span> <span class='ocrx_word' id='word_1_850' title='bbox 1425 2345 1457 2365; x_wconf 88' lang='lat' dir='ltr'><strong>ac</strong></span> <span class='ocrx_word' id='word_1_851' title='bbox 1466 2339 1614 2372; x_wconf 86' lang='lat' dir='ltr'><strong>excusavit,</strong></span> <span class='ocrx_word' id='word_1_852' title='bbox 1626 2343 1653 2367; x_wconf 90' lang='lat' dir='ltr'><strong>et</strong></span> <span class='ocrx_word' id='word_1_853' title='bbox 1662 2346 1755 2367; x_wconf 90' lang='lat' dir='ltr'><strong>eorum</strong></span> <span class='ocrx_word' id='word_1_854' title='bbox 1765 2339 1812 2375; x_wconf 87' lang='lat' dir='ltr'><strong>qui</strong></span> 
     </span>
    </p>
   </div>
   <div class='ocr_carea' id='block_1_109' title="bbox 1017 2383 1812 2419">
    <p class='ocr_par' dir='ltr' id='par_1_109' title="bbox 1017 2383 1812 2419">
     <span class='ocr_line' id='line_1_109' title="bbox 1017 2383 1812 2419; baseline 0.004 -9"><span class='ocrx_word' id='word_1_855' title='bbox 1017 2384 1103 2419; x_wconf 91' lang='lat' dir='ltr'><strong>ipsum</strong></span> <span class='ocrx_word' id='word_1_856' title='bbox 1131 2383 1319 2412; x_wconf 86' lang='lat' dir='ltr'><strong>desiderabant</strong></span> <span class='ocrx_word' id='word_1_857' title='bbox 1341 2385 1397 2419; x_wconf 85' lang='lat' dir='ltr'><strong>spei</strong></span> <span class='ocrx_word' id='word_1_858' title='bbox 1421 2384 1561 2412; x_wconf 81' lang='lat' dir='ltr'><strong>satisfecit.</strong></span> <span class='ocrx_word' id='word_1_859' title='bbox 1589 2385 1690 2413; x_wconf 88' lang='lat' dir='ltr'><strong>Deinde</strong></span> <span class='ocrx_word' id='word_1_860' title='bbox 1717 2390 1812 2414; x_wconf 83' lang='lat' dir='ltr'><strong>osten-</strong></span> 
     </span>
    </p>
   </div>
   <div class='ocr_carea' id='block_1_110' title="bbox 1016 2430 1813 2467">
    <p class='ocr_par' dir='ltr' id='par_1_110' title="bbox 1016 2430 1813 2467">
     <span class='ocr_line' id='line_1_110' title="bbox 1016 2430 1813 2467; baseline 0.003 -9"><span class='ocrx_word' id='word_1_861' title='bbox 1016 2430 1084 2458; x_wconf 84' lang='lat' dir='ltr'><strong>dens</strong></span> <span class='ocrx_word' id='word_1_862' title='bbox 1107 2430 1180 2465; x_wconf 84' lang='lat' dir='ltr'><strong>ipsos</strong></span> <span class='ocrx_word' id='word_1_863' title='bbox 1202 2437 1255 2458; x_wconf 93' lang='lat' dir='ltr'><strong>non</strong></span> <span class='ocrx_word' id='word_1_864' title='bbox 1276 2430 1302 2458; x_wconf 92' lang='lat' dir='ltr'><strong>in</strong></span> <span class='ocrx_word' id='word_1_865' title='bbox 1325 2430 1478 2466; x_wconf 85' lang='lat' dir='ltr'><strong>magistris,</strong></span> <span class='ocrx_word' id='word_1_866' title='bbox 1500 2431 1548 2459; x_wconf 87' lang='lat' dir='ltr'><strong>sed</strong></span> <span class='ocrx_word' id='word_1_867' title='bbox 1564 2432 1590 2458; x_wconf 91' lang='lat' dir='ltr'><strong>in</strong></span> <span class='ocrx_word' id='word_1_868' title='bbox 1603 2431 1699 2467; x_wconf 84' lang='lat' dir='ltr'><strong>seipsis</strong></span> <span class='ocrx_word' id='word_1_869' title='bbox 1712 2431 1813 2460; x_wconf 79' lang='lat' dir='ltr'><strong>debere</strong></span> 
     </span>
    </p>
   </div>
   <div class='ocr_carea' id='block_1_111' title="bbox 1017 2476 1811 2513">
    <p class='ocr_par' dir='ltr' id='par_1_111' title="bbox 1017 2476 1811 2513">
     <span class='ocr_line' id='line_1_111' title="bbox 1017 2476 1811 2513; baseline 0 -9"><span class='ocrx_word' id='word_1_870' title='bbox 1017 2484 1092 2511; x_wconf 90' lang='lat' dir='ltr'><strong>spem</strong></span> <span class='ocrx_word' id='word_1_871' title='bbox 1106 2476 1200 2504; x_wconf 83' lang='lat' dir='ltr'><strong>salutis</strong></span> <span class='ocrx_word' id='word_1_872' title='bbox 1215 2476 1325 2509; x_wconf 79' lang='lat' dir='ltr'><strong>habere,</strong></span> <span class='ocrx_word' id='word_1_873' title='bbox 1340 2477 1426 2505; x_wconf 86' lang='lat' dir='ltr'><strong>dicit:</strong></span> <span class='ocrx_word' id='word_1_874' title='bbox 1439 2477 1482 2505; x_wconf 80' lang='lat' dir='ltr'><strong>l3.</strong></span> <span class='ocrx_word' id='word_1_875' title='bbox 1500 2476 1618 2513; x_wconf 82' lang='lat' dir='ltr'><strong>Vigilate,</strong></span> <span class='ocrx_word' id='word_1_876' title='bbox 1635 2482 1699 2505; x_wconf 78' lang='lat' dir='ltr'><strong>state</strong></span> <span class='ocrx_word' id='word_1_877' title='bbox 1712 2478 1740 2504; x_wconf 86' lang='lat' dir='ltr'><strong>in</strong></span> <span class='ocrx_word' id='word_1_878' title='bbox 1749 2478 1811 2512; x_wconf 73' lang='lat' dir='ltr'><strong>ﬁde.</strong></span> 
     </span>
    </p>
   </div>
   <div class='ocr_carea' id='block_1_112' title="bbox 1016 2522 1812 2557">
    <p class='ocr_par' dir='ltr' id='par_1_112' title="bbox 1016 2522 1812 2557">
     <span class='ocr_line' id='line_1_112' title="bbox 1016 2522 1812 2557; baseline 0.001 -8"><span class='ocrx_word' id='word_1_879' title='bbox 1016 2522 1075 2550; x_wconf 92' lang='lat' dir='ltr'><strong>Non</strong></span> <span class='ocrx_word' id='word_1_880' title='bbox 1091 2522 1118 2549; x_wconf 91' lang='lat' dir='ltr'><strong>in</strong></span> <span class='ocrx_word' id='word_1_881' title='bbox 1136 2527 1246 2550; x_wconf 87' lang='lat' dir='ltr'><strong>externa</strong></span> <span class='ocrx_word' id='word_1_882' title='bbox 1260 2522 1408 2557; x_wconf 82' lang='lat' dir='ltr'><strong>sapientia;</strong></span> <span class='ocrx_word' id='word_1_883' title='bbox 1422 2530 1476 2550; x_wconf 91' lang='lat' dir='ltr'><strong>non</strong></span> <span class='ocrx_word' id='word_1_884' title='bbox 1498 2527 1540 2550; x_wconf 89' lang='lat' dir='ltr'><strong>est</strong></span> <span class='ocrx_word' id='word_1_885' title='bbox 1562 2523 1634 2550; x_wconf 87' lang='lat' dir='ltr'><strong>enim</strong></span> <span class='ocrx_word' id='word_1_886' title='bbox 1659 2522 1714 2550; x_wconf 88' lang='lat' dir='ltr'><strong>illic</strong></span> <span class='ocrx_word' id='word_1_887' title='bbox 1728 2528 1812 2556; x_wconf 83' lang='lat' dir='ltr'><strong>stare,</strong></span> 
     </span>
    </p>
   </div>
   <div class='ocr_carea' id='block_1_113' title="bbox 1017 2569 1814 2604">
    <p class='ocr_par' dir='ltr' id='par_1_113' title="bbox 1017 2569 1814 2604">
     <span class='ocr_line' id='line_1_113' title="bbox 1017 2569 1814 2604; baseline -0.001 -8"><span class='ocrx_word' id='word_1_888' title='bbox 1017 2569 1065 2596; x_wconf 84' lang='lat' dir='ltr'><strong>sed</strong></span> <span class='ocrx_word' id='word_1_889' title='bbox 1077 2569 1139 2596; x_wconf 92' lang='lat' dir='ltr'><strong>ferri</strong></span> <span class='ocrx_word' id='word_1_890' title='bbox 1149 2590 1156 2602; x_wconf 90' lang='lat'><strong>,</strong></span> <span class='ocrx_word' id='word_1_891' title='bbox 1167 2569 1236 2596; x_wconf 90' lang='lat' dir='ltr'><strong>sicut</strong></span> <span class='ocrx_word' id='word_1_892' title='bbox 1244 2569 1350 2604; x_wconf 88' lang='lat' dir='ltr'><strong>quidem</strong></span> <span class='ocrx_word' id='word_1_893' title='bbox 1359 2574 1432 2597; x_wconf 86' lang='lat' dir='ltr'><strong>certe</strong></span> <span class='ocrx_word' id='word_1_894' title='bbox 1440 2574 1512 2597; x_wconf 85' lang='lat' dir='ltr'><strong>stare</strong></span> <span class='ocrx_word' id='word_1_895' title='bbox 1521 2570 1548 2596; x_wconf 92' lang='lat' dir='ltr'><strong>in</strong></span> <span class='ocrx_word' id='word_1_896' title='bbox 1559 2569 1612 2597; x_wconf 89' lang='lat' dir='ltr'><strong>fide</strong></span> <span class='ocrx_word' id='word_1_897' title='bbox 1621 2569 1756 2598; x_wconf 86' lang='lat' dir='ltr'><strong>convenit.</strong></span> <span class='ocrx_word' id='word_1_898' title='bbox 1772 2569 1814 2595; x_wconf 72' lang='grc' dir='ltr'><strong>Η-</strong></span> 
     </span>
    </p>
   </div>
   <div class='ocr_carea' id='block_1_114' title="bbox 1018 2615 1814 2650">
    <p class='ocr_par' dir='ltr' id='par_1_114' title="bbox 1018 2615 1814 2650">
     <span class='ocr_line' id='line_1_114' title="bbox 1018 2615 1814 2650; baseline -0.001 -8"><span class='ocrx_word' id='word_1_899' title='bbox 1018 2616 1099 2642; x_wconf 85' lang='lat' dir='ltr'><strong>riliter</strong></span> <span class='ocrx_word' id='word_1_900' title='bbox 1112 2616 1180 2650; x_wconf 76' lang='lat' dir='ltr'><strong>agite</strong></span> <span class='ocrx_word' id='word_1_901' title='bbox 1196 2620 1220 2642; x_wconf 85' lang='lat' dir='ltr'><strong>et</strong></span> <span class='ocrx_word' id='word_1_902' title='bbox 1234 2616 1424 2648; x_wconf 78' lang='lat' dir='ltr'><strong>confortamini.</strong></span> <span class='ocrx_word' id='word_1_903' title='bbox 1440 2615 1484 2643; x_wconf 73' lang='grc' dir='ltr'>Η.</span> <span class='ocrx_word' id='word_1_904' title='bbox 1500 2615 1595 2643; x_wconf 72' lang='lat' dir='ltr'><strong>Omnia</strong></span> <span class='ocrx_word' id='word_1_905' title='bbox 1608 2620 1690 2642; x_wconf 71' lang='lat' dir='ltr'><strong>vestra</strong></span> <span class='ocrx_word' id='word_1_906' title='bbox 1703 2616 1730 2642; x_wconf 83' lang='lat' dir='ltr'><strong>in</strong></span> <span class='ocrx_word' id='word_1_907' title='bbox 1748 2615 1814 2642; x_wconf 78' lang='lat' dir='ltr'><strong>cari-</strong></span> 
     </span>
    </p>
   </div>
   <div class='ocr_carea' id='block_1_115' title="bbox 1019 2659 1814 2696">
    <p class='ocr_par' dir='ltr' id='par_1_115' title="bbox 1019 2659 1814 2696">
     <span class='ocr_line' id='line_1_115' title="bbox 1019 2659 1814 2696; baseline -0.001 -8"><span class='ocrx_word' id='word_1_908' title='bbox 1019 2666 1070 2688; x_wconf 81' lang='lat' dir='ltr'><strong>tate</strong></span> <span class='ocrx_word' id='word_1_909' title='bbox 1090 2662 1167 2696; x_wconf 81' lang='lat' dir='ltr'><strong>ﬁant.</strong></span> <span class='ocrx_word' id='word_1_910' title='bbox 1188 2660 1252 2688; x_wconf 60' lang='lat' dir='ltr'><strong>Haec</strong></span> <span class='ocrx_word' id='word_1_911' title='bbox 1266 2666 1354 2688; x_wconf 88' lang='lat' dir='ltr'><strong>autem</strong></span> <span class='ocrx_word' id='word_1_912' title='bbox 1370 2661 1464 2689; x_wconf 87' lang='lat' dir='ltr'><strong>dicens</strong></span> <span class='ocrx_word' id='word_1_913' title='bbox 1478 2661 1584 2688; x_wconf 86' lang='lat' dir='ltr'><strong>videtur</strong></span> <span class='ocrx_word' id='word_1_914' title='bbox 1596 2660 1705 2696; x_wconf 79' lang='lat' dir='ltr'><strong>quidem</strong></span> <span class='ocrx_word' id='word_1_915' title='bbox 1720 2659 1814 2688; x_wconf 91' lang='lat' dir='ltr'><strong>admo-</strong></span> 
     </span>
    </p>
   </div>
   <div class='ocr_carea' id='block_1_116' title="bbox 1021 2705 1814 2742">
    <p class='ocr_par' dir='ltr' id='par_1_116' title="bbox 1021 2705 1814 2742">
     <span class='ocr_line' id='line_1_116' title="bbox 1021 2705 1814 2742; baseline -0.003 -8"><span class='ocrx_word' id='word_1_916' title='bbox 1021 2715 1103 2738; x_wconf 84' lang='lat' dir='ltr'><strong>nere;</strong></span> <span class='ocrx_word' id='word_1_917' title='bbox 1120 2707 1180 2734; x_wconf 87' lang='lat' dir='ltr'><strong>illos</strong></span> <span class='ocrx_word' id='word_1_918' title='bbox 1192 2711 1282 2734; x_wconf 88' lang='lat' dir='ltr'><strong>autem</strong></span> <span class='ocrx_word' id='word_1_919' title='bbox 1296 2707 1380 2742; x_wconf 79' lang='lat' dir='ltr'><strong>tangit</strong></span> <span class='ocrx_word' id='word_1_920' title='bbox 1394 2711 1530 2742; x_wconf 88' lang='lat' dir='ltr'><strong>tamquam</strong></span> <span class='ocrx_word' id='word_1_921' title='bbox 1546 2707 1637 2742; x_wconf 85' lang='lat' dir='ltr'><strong>pigros</strong></span> <span class='ocrx_word' id='word_1_922' title='bbox 1654 2711 1681 2734; x_wconf 90' lang='lat' dir='ltr'><strong>et</strong></span> <span class='ocrx_word' id='word_1_923' title='bbox 1695 2705 1814 2733; x_wconf 87' lang='lat' dir='ltr'><strong>desides.</strong></span> 
     </span>
    </p>
   </div>
   <div class='ocr_carea' id='block_1_117' title="bbox 1023 2751 1813 2789">
    <p class='ocr_par' dir='ltr' id='par_1_117' title="bbox 1023 2751 1813 2789">
     <span class='ocr_line' id='line_1_117' title="bbox 1023 2751 1813 2789; baseline -0.003 -9"><span class='ocrx_word' id='word_1_924' title='bbox 1023 2753 1056 2780; x_wconf 87' lang='lat' dir='ltr'><strong>Et</strong></span> <span class='ocrx_word' id='word_1_925' title='bbox 1070 2753 1130 2780; x_wconf 90' lang='lat' dir='ltr'><strong>ideo</strong></span> <span class='ocrx_word' id='word_1_926' title='bbox 1144 2752 1222 2786; x_wconf 89' lang='lat' dir='ltr'><strong>dicit,</strong></span> <span class='ocrx_word' id='word_1_927' title='bbox 1244 2752 1368 2789; x_wconf 72' lang='lat' dir='ltr'><strong>Vigilate,</strong></span> <span class='ocrx_word' id='word_1_928' title='bbox 1383 2757 1518 2788; x_wconf 75' lang='lat' dir='ltr'><strong>tamquam</strong></span> <span class='ocrx_word' id='word_1_929' title='bbox 1538 2753 1578 2780; x_wconf 80' lang='lat' dir='ltr'><strong>eis</strong></span> <span class='ocrx_word' id='word_1_930' title='bbox 1597 2751 1813 2783; x_wconf 84' lang='lat' dir='ltr'><strong>dormientibus;</strong></span> 
     </span>
    </p>
   </div>
   <div class='ocr_carea' id='block_1_118' title="bbox 1024 2798 1816 2835">
    <p class='ocr_par' dir='ltr' id='par_1_118' title="bbox 1024 2798 1816 2835">
     <span class='ocr_line' id='line_1_118' title="bbox 1024 2798 1816 2835; baseline -0.004 -8"><span class='ocrx_word' id='word_1_931' title='bbox 1024 2800 1112 2832; x_wconf 83' lang='lat' dir='ltr'><strong>State,</strong></span> <span class='ocrx_word' id='word_1_932' title='bbox 1128 2803 1262 2834; x_wconf 81' lang='lat' dir='ltr'><strong>tamquam</strong></span> <span class='ocrx_word' id='word_1_933' title='bbox 1283 2799 1450 2832; x_wconf 80' lang='lat' dir='ltr'><strong>labantibus;</strong></span> <span class='ocrx_word' id='word_1_934' title='bbox 1476 2799 1589 2826; x_wconf 84' lang='lat' dir='ltr'><strong>Viriliter</strong></span> <span class='ocrx_word' id='word_1_935' title='bbox 1606 2800 1673 2835; x_wconf 85' lang='lat' dir='ltr'><strong>agite</strong></span> <span class='ocrx_word' id='word_1_936' title='bbox 1692 2803 1715 2825; x_wconf 84' lang='lat' dir='ltr'><strong>ct</strong></span> <span class='ocrx_word' id='word_1_937' title='bbox 1737 2798 1816 2832; x_wconf 78' lang='lat' dir='ltr'><strong>fortes</strong></span> 
     </span>
    </p>
   </div>
   <div class='ocr_carea' id='block_1_119' title="bbox 1026 2844 1818 2881">
    <p class='ocr_par' dir='ltr' id='par_1_119' title="bbox 1026 2844 1818 2881">
     <span class='ocr_line' id='line_1_119' title="bbox 1026 2844 1818 2881; baseline -0.008 -8"><span class='ocrx_word' id='word_1_938' title='bbox 1026 2850 1112 2879; x_wconf 79' lang='lat' dir='ltr'><strong>estote,</strong></span> <span class='ocrx_word' id='word_1_939' title='bbox 1128 2850 1157 2872; x_wconf 92' lang='lat' dir='ltr'><strong>ut</strong></span> <span class='ocrx_word' id='word_1_940' title='bbox 1174 2845 1217 2881; x_wconf 93' lang='lat' dir='ltr'><strong>qui</strong></span> <span class='ocrx_word' id='word_1_941' title='bbox 1233 2849 1323 2873; x_wconf 87' lang='lat' dir='ltr'><strong>essent</strong></span> <span class='ocrx_word' id='word_1_942' title='bbox 1341 2845 1455 2880; x_wconf 87' lang='lat' dir='ltr'><strong>molles;</strong></span> <span class='ocrx_word' id='word_1_943' title='bbox 1474 2845 1566 2873; x_wconf 84' lang='lat' dir='ltr'><strong>Omnia</strong></span> <span class='ocrx_word' id='word_1_944' title='bbox 1579 2851 1660 2872; x_wconf 73' lang='lat' dir='ltr'><strong>vestra</strong></span> <span class='ocrx_word' id='word_1_945' title='bbox 1673 2846 1698 2872; x_wconf 87' lang='lat' dir='ltr'><strong>in</strong></span> <span class='ocrx_word' id='word_1_946' title='bbox 1711 2844 1818 2870; x_wconf 80' lang='lat' dir='ltr'><strong>caritate</strong></span> 
     </span>
    </p>
   </div>
   <div class='ocr_carea' id='block_1_120' title="bbox 1600 2891 1637 2920">
    <p class='ocr_par' dir='ltr' id='par_1_120' title="bbox 1600 2891 1637 2920">
     <span class='ocr_line' id='line_1_120' title="bbox 1600 2891 1637 2920; baseline 0 0"><span class='ocrx_word' id='word_1_947' title='bbox 1600 2891 1637 2920; x_wconf 66' lang='lat' dir='ltr'><strong>2h</strong></span> 
     </span>
    </p>
   </div>
  </div>
