2021 3117
225 125 277 153 375

223 182 305 216 fiant,
327 183 356 208 ut
377 180 424 216 qui
443 179 602 208 seditionem
626 179 736 214 agilem.
764 176 797 204 Et
820 175 949 204 adversus
970 182 1019 202 eos

224 226 333 262 quidetn
347 226 393 262 qui
407 225 561 261 decipiunt,
576 229 617 252 est
633 224 698 251 illud
709 244 718 258 ,
738 222 859 258 Vigilate,
876 227 955 254 state;
968 221 1018 249 ad-

223 279 321 300 versus
334 279 381 300 eos
395 277 484 299 autem
499 271 544 307 qui
563 270 737 302 insidiantur,
758 275 800 297 est
822 270 887 302 hoc,
908 268 1020 295 Viriliter

226 319 314 353 agite,-
331 318 463 346 adversus
477 325 524 345 eos
542 325 607 344 vero
620 316 664 352 qui
686 316 846 344 seditionem
867 316 968 350 agitant
991 320 1020 341 et

226 369 358 392 enitantur
379 364 507 391 divellere
524 370 556 391 ac
576 362 743 394 distrahere,
760 366 801 390 est
823 361 905 394 illud,
926 361 1019 388 Omnia

221 416 305 438 vestra
320 411 347 437 in
366 411 472 437 caritate
493 410 574 442 ﬁant;
596 409 666 444 quod
689 409 796 444 quidem
819 413 861 436 est
882 408 1018 435 vinculum

222 455 414 490 perfectionis,
435 460 462 483 et
482 455 556 483 radix
579 454 692 490 fossque
710 457 854 483 bonorum.
884 454 951 487 Quid
976 459 1018 482 est

221 507 311 529 autent
327 502 410 534 illud,
431 501 525 529 Omnia
539 502 566 528 in
588 501 714 529 caritate?
735 501 797 530 Sive
819 502 950 537 quispiam
975 501 1017 528 in-

221 553 336 583 crepat,
361 548 466 583 inquit,
492 548 550 576 sive
567 548 699 583 imperat,
720 547 778 576 sive
797 552 872 583 paret
892 547 1015 582 imperio,

220 595 277 622 sive
302 594 397 626 discit,
420 594 477 622 sive
497 594 593 628 docet,
609 595 700 622 omnia
720 602 782 622 cum
803 594 923 622 caritate.
949 593 1016 621 Nam

220 646 247 668 et
266 647 363 669 cuneta
378 649 438 676 qua:
460 642 529 669 dicta
551 646 630 674 sunt,
651 642 713 669 ideo
734 641 918 676 contigerant,
944 640 1015 674 quod

219 688 317 716 caritas
337 689 456 724 neglecta
474 688 576 716 fuisset.
601 687 666 715 Nam
686 687 708 715 si
723 694 755 715 ea
771 694 824 715 non
838 691 910 714 esset
925 686 1017 721 negle-

218 739 272 768 cta,
294 742 347 762 non
364 734 478 762 fuissent
495 735 579 762 inflati
590 755 597 767 ,
617 741 670 762 non
684 733 830 766 dixissent,
847 732 902 768 Ego
915 732 1016 767 quidem

220 789 276 807 sum
298 779 394 812 Pauli,
412 789 458 816 ego
477 789 535 807 vero
550 780 642 816 Apollo
661 780 704 816 (1.
719 779 778 807 Cor.
795 779 819 807 1.
835 778 906 815 12);
922 778 944 806 si
959 779 1015 814 ipsa

220 827 368 860 adfuisset,
385 834 438 854 non
459 826 523 854 foris
541 826 644 861 judicio
663 825 879 858 contendissent,
903 825 958 853 imo
981 833 1016 852 ne

218 873 420 901 contendissent
436 873 542 908 quidem
556 881 563 899 :
588 873 609 900 si
626 872 682 908 ipsa
697 871 835 903 adfuisset.
848 871 893 898 ille
903 878 1014 898 uxorem

219 919 303 954 patris
324 926 377 946 non
393 919 558 953 accepisset,
575 925 626 945 non
649 918 745 946 fratres
760 918 880 945 infirmos
895 922 1015 945 contem-

217 966 346 1000 psissent,
360 965 477 992 hmreses
491 973 544 992 non
559 965 725 996 habuissent,
736 970 846 999 propter
853 963 1014 991 charismata

218 1012 324 1038 inanem
345 1011 457 1046 gloriam
480 1019 532 1038 non
555 1011 753 1045 concepissent.
769 1010 914 1045 Propterea
929 1009 1013 1061 dum,

217 1057 312 1087 Omnia
327 1066 387 1086 cum
404 1059 515 1086 caritate
529 1058 604 1085 fiant.
617 1058 661 1085 15.
675 1057 783 1085 Obsecro
796 1062 879 1084 autem
892 1057 1015 1093 uosffra-

218 1108 286 1136 tres,
310 1105 392 1131 nostis
416 1105 519 1131 domum
542 1104 701 1140 Stephants,
723 1103 792 1138 quod
811 1108 870 1130 sunt
895 1102 1016 1137 primitite

217 1151 331 1184 Achaia,
340 1157 364 1179 et
374 1153 402 1179 in
413 1153 553 1179 ministerio
562 1157 707 1180 sanctorum
715 1152 896 1179 ordinaverunt
905 1151 1012 1184 κέρεος.

255 1197 283 1224 2.
300 1197 388 1225 Etiam
405 1199 430 1225 in
455 1199 532 1226 initio
557 1199 634 1234 hujus
649 1199 771 1226 metninit
789 1198 898 1230 dit-ens,
922 1196 1014 1231 Bapti-

217 1243 273 1270 zavi
287 1248 371 1271 autem
393 1249 416 1270 et
431 1243 570 1279 Stephants
593 1244 695 1271 domum
717 1244 725 1279 (
741 1245 765 1272 1.
781 1243 840 1272 Cor.
854 1243 938 1278 1.16)
960 1251 966 1270 :
987 1246 1015 1270 et

220 1295 292 1316 nunc
303 1296 362 1316 eam
375 1290 441 1317 dicit
455 1297 516 1317 esse
530 1290 660 1325 primitias
673 1310 681 1323 ,
702 1297 754 1317 non
772 1289 858 1316 solum
873 1288 1011 1321 Corinthi,

219 1334 266 1362 scd
291 1340 319 1362 et
344 1337 426 1363 totius
444 1335 568 1364 Graeciaa.
584 1335 642 1364 Non
663 1340 706 1363 est
724 1341 813 1363 autem
834 1335 885 1363 hoc
906 1342 1013 1370 quoque

217 1388 327 1415 parvum
343 1382 504 1414 encomium,
520 1383 669 1410 accessisse
683 1382 798 1417 primum
811 1381 845 1408 ad
861 1381 1011 1409 Christum.

217 1427 395 1460 Quamobrem
411 1428 492 1455 etiam
518 1429 544 1456 in
571 1428 691 1464 Epistola
706 1429 739 1456 ad
764 1429 901 1456 Romanos
924 1436 956 1456 ex
981 1435 1014 1456 eo

217 1473 347 1508 quosdam
359 1474 472 1501 laudans
486 1473 594 1502 dicebat
609 1483 617 1501 :
634 1475 686 1508 Qui
704 1475 779 1501 etiam
805 1479 863 1500 ante
884 1482 923 1500 me
936 1475 1014 1509 geniti

217 1519 311 1546 suntin
325 1519 428 1547 Christo
446 1520 533 1556 (Rom.
550 1520 594 1547 16.
610 1520 649 1556 7).
670 1520 725 1547 Nec
749 1520 816 1547 dixit
842 1527 889 1548 eos
912 1520 1013 1556 primos

219 1564 378 1598 credidisse,
391 1565 437 1593 sed
450 1565 532 1593 fuisse
547 1566 692 1600 primitias,
706 1566 862 1598 ostendens,
879 1573 939 1593 cum
962 1565 1014 1593 fide

220 1610 303 1638 vitam
314 1611 395 1638 etiam
405 1612 533 1647 optimam
542 1611 706 1644 exhibuisse,
719 1616 852 1647 tamquam
868 1619 901 1638 ex
918 1611 1013 1638 fructi-

223 1657 283 1690 bus,
291 1665 321 1686 se
333 1659 406 1686 omni
416 1666 448 1686 ex
461 1663 534 1694 parte
544 1659 638 1694 dignos
649 1659 810 1694 pra-bentes.
821 1658 933 1694 Oportet
943 1659 1014 1686 enim

220 1705 353 1739 primitias
361 1712 421 1733 esse
429 1706 554 1733 meliores
563 1706 678 1738 czeteris,
686 1714 798 1741 quorum
807 1710 869 1734 sunt
879 1705 1013 1741 primitiae:

220 1751 291 1786 quod
307 1751 350 1779 his
362 1759 469 1787 quoque
488 1759 536 1788 per
551 1752 620 1780 hanc
638 1752 783 1780 dictionem
798 1760 847 1779 suo
863 1751 1015 1780 testimonio

219 1797 313 1825 tribuit
329 1797 435 1826 Paulus.
448 1798 504 1826 Non
520 1799 593 1826 enim
609 1798 695 1826 solum
706 1819 713 1832 ,
727 1799 797 1825 sicut
811 1798 865 1825 dixi
879 1819 886 1828 ,
902 1805 965 1826 vere
987 1803 1014 1826 et

220 1844 325 1871 sincere
340 1844 522 1878 crediderunt,
535 1844 582 1872 scd
598 1845 678 1872 ctiam
705 1844 816 1872 multam
838 1844 1015 1872 ostenderunt

222 1891 357 1926 pietatem,
368 1897 542 1926 vegetamque
553 1891 688 1923 virtutem,
696 1891 757 1918 etin
764 1891 943 1926 eleemosynis
953 1890 1015 1918 dan-

218 1937 259 1964 dis
271 1936 492 1965 munificentiam.
505 1937 562 1965 Non
585 1937 672 1965 solum
681 1942 770 1965 autem
781 1937 857 1972 hinc,
873 1938 920 1965 sed
934 1941 1014 1965 etlam

218 1983 328 2010 aliunde
349 1991 442 2010 eorum
458 1983 574 2011 ostendit
586 1984 728 2019 pietatem,
744 1991 777 2011 ex
798 1991 831 2011 eo
848 1983 919 2019 quod
932 1988 1014 2012 totam

218 2028 327 2056 domum
340 2029 708 2064 pietaleimpleverint.Quod
721 2034 810 2057 autem
822 2031 896 2058 bouis
909 2037 1016 2066 quoque

218 2075 345 2109 operibus
357 2080 385 2103 et
396 2080 470 2103 recte
484 2075 560 2103 factis
572 2080 663 2104 essent
676 2075 772 2108 ornati,
786 2076 917 2111 signiﬁcat
928 2084 975 2112 per
983 2084 1015 2105 ea

217 2128 280 2156 qua:
288 2120 415 2156 deinceps
428 2126 586 2156 sequuntur,
597 2121 688 2149 dicens
701 2130 708 2148 :
719 2121 751 2148 In
766 2122 904 2149 ministerio
913 2128 1016 2150 sancto-

222 2169 280 2196 rum
308 2169 488 2196 ordinaverunt
521 2169 628 2203 seipsos.
657 2169 802 2196 Audivistis
828 2168 1016 2205 hospitalitatis

219 2219 317 2250 quatita
331 2215 385 2242 sint
395 2215 515 2242 encomia
525 2215 537 2241 ?
547 2214 605 2242 Non
614 2216 685 2242 enim
697 2214 774 2248 dixit,
787 2215 947 2249 Ministrant,
956 2216 1014 2249 sed,

224 2261 415 2288 Ordinauerunt
429 2261 524 2295 seipsos
533 2260 620 2287 :hanc
633 2260 714 2287 vitam
728 2265 858 2296 perpetuo
865 2262 1014 2296 elegerunt,

223 2308 249 2334 in
264 2307 315 2335 hac
330 2314 360 2334 se
373 2311 500 2335 exercent
510 2307 694 2334 meditatione.
709 2307 752 2334 16.
769 2306 803 2335 Ut
816 2312 839 2334 et
862 2315 907 2334 vos
921 2308 1016 2334 subditi

219 2354 276 2380 sitis
291 2352 427 2386 ejusmodi.
443 2352 499 2380 Hoc
521 2357 572 2386 est,
589 2358 618 2380 ut
630 2353 698 2380 alter
712 2353 788 2381 alteri
810 2361 889 2388 opem
906 2353 1014 2388 feratis,

221 2403 249 2426 et
263 2398 297 2426 ad
311 2399 446 2433 impensas
456 2399 576 2434 pecuniae
584 2403 611 2426 et
624 2399 657 2426 ad
670 2399 822 2427 obeundum
837 2399 1014 2427 ministerium

220 2444 353 2479 corporis,
369 2448 398 2470 ut
411 2445 626 2472 communicetis.
636 2444 702 2472 Nam
717 2445 770 2472 illis
785 2445 862 2472 labor
875 2445 926 2473 erit
938 2445 1014 2479 levis,

225 2489 333 2524 quando
356 2489 499 2517 habuerint
522 2491 627 2524 socios,
642 2495 669 2518 et
691 2490 724 2517 ad
748 2491 839 2525 plures
861 2492 1016 2519 transiverlt

222 2536 393 2564 beneficium.
412 2537 445 2564 Et
459 2545 510 2564 non
522 2537 590 2565 dixit
603 2537 736 2569 absolute,
750 2536 937 2572 Cooperamini
949 2559 955 2570 ,
968 2538 1015 2566 sed

226 2583 307 2609 etiam
328 2583 354 2610 in
370 2583 402 2610 iis
417 2591 476 2618 qum
487 2584 615 2619 jusserint
630 2588 720 2618 parete
730 2603 737 2615 ,
751 2588 902 2611 accuratam
926 2589 1015 2611 osten-

221 2628 288 2656 dens
302 2628 492 2656 obedientiam.
509 2630 541 2656 Et
556 2637 590 2656 ne
604 2629 644 2657 eis
663 2629 785 2656 videatur
797 2629 951 2664 gratificari,
969 2629 1016 2656 ad-

223 2673 290 2701 didit
301 2683 308 2701 :
321 2674 356 2701 Et
368 2675 437 2702 omni
447 2675 594 2710 cooperanti
607 2674 847 2702 etlaborantiJltcc
858 2675 902 2705 sit.
917 2675 1013 2710 inquit,

224 2722 266 2748 lex
292 2721 465 2749 communis:
489 2728 576 2756 neque
599 2722 670 2748 enirn
691 2721 815 2756 privatim
837 2729 869 2748 ac
893 2728 1014 2749 seorsum

224 2768 285 2795 dico
299 2768 333 2795 de
346 2768 398 2795 illis
408 2789 415 2801 ,
437 2767 484 2795 sed
498 2768 520 2795 si
535 2768 595 2803 quis
608 2773 646 2795 est
662 2768 714 2795 illis
727 2768 839 2800 similis,
854 2768 894 2795 his
909 2776 1015 2804 quoque

222 2814 335 2841 fruatur.
360 2813 504 2849 Propterea
529 2818 556 2842 et
577 2821 625 2841 eos
649 2814 778 2849 incipiens
805 2814 1012 2848 commendare,

221 2861 297 2895 ipsos
315 2868 423 2896 quoque
437 2864 531 2888 evocat
555 2865 649 2894 testes,
665 2860 768 2889 ‘diccus
782 2869 789 2887 :
805 2859 914 2888 Obsecro
931 2867 1015 2889 autem

554 121 582 150 s.
601 120 740 150 JOANNlS
757 116 994 148 cnnvsosront
1017 115 1176 146 sncnIEP.
1196 116 1463 147 consum-xor.

1813 119 1866 146 376

1074 181 1118 201 nos
1128 197 1134 207 ,
1151 175 1230 202 nostis
1244 175 1346 203 domum
1370 175 1520 211 Stephanus.
1533 174 1613 205 Scitis
1629 197 1636 210 ,
1662 177 1764 214 inquit,
1778 184 1805 207 et
1818 188 1867 208 vos

1072 221 1208 255 quomodo
1223 220 1356 256 laborant,
1373 230 1462 257 neque
1477 230 1546 258 opus
1560 223 1643 252 estut
1660 232 1674 251 a
1690 225 1768 252 nobis
1779 225 1866 253 discn-

1073 267 1116 294 tis.
1134 267 1176 294 17.
1190 267 1300 296 Gavisus
1313 276 1371 296 sunt
1382 273 1467 296 autent
1495 270 1521 296 in
1537 271 1674 305 pauentia
1690 270 1829 306 Stephanw
1843 277 1867 299 et

1073 312 1209 340 Fortunati
1230 319 1255 341 et
1277 314 1402 348 Achaici,
1418 315 1539 350 quoniam
1553 316 1581 343 id
1608 317 1677 351 quod
1691 317 1759 344 vobis
1781 317 1868 345 deerat

1071 358 1121 393 ipsi
1135 359 1335 395 suppleverunt:
1348 360 1391 389 l8.
1406 363 1550 396 refecerunt
1563 363 1630 389 enim
1650 371 1733 390 meum
1747 364 1866 398 spiritum

1071 408 1095 430 et
1107 409 1226 432 vestrum.
1253 406 1385 440 Quoniam
1409 412 1468 434 erat
1491 407 1636 436 verisimile
1666 416 1713 436 cos
1737 409 1867 437 adversus

1072 450 1145 487 ipsos
1164 459 1225 481 esse
1247 453 1383 487 irritatos;
1404 454 1421 482 ii
1435 454 1508 482 cnim
1529 460 1606 483 erant
1621 456 1665 491 qui
1689 461 1819 484 venerant
1839 461 1868 484 et

1070 497 1232 526 seditionem
1247 499 1271 527 ei
1290 500 1526 534 significaveranl;
1541 508 1590 536 per
1605 501 1677 537 ipsos
1690 503 1761 529 cnim
1785 504 1867 530 etiam

1070 544 1236 579 scripserant
1254 545 1288 575 de
1303 546 1453 582 virginibus
1465 552 1493 575 et
1507 547 1684 576 matrimonio
1691 549 1842 584 conjunctis
1858 559 1865 576 :

1069 590 1130 618 vide
1148 591 1284 626 quomodo
1297 599 1344 620 eos
1355 593 1469 629 mitigat,
1484 594 1510 621 in
1532 595 1664 631 principio
1677 596 1784 630 quidem
1805 597 1866 631 epi-

1068 637 1145 665 stola:
1157 638 1252 667 dicens
1265 650 1272 668 :
1285 639 1467 675 Signiﬁcatum
1481 646 1518 668 est
1528 642 1601 669 enim
1613 663 1620 674 ,
1640 642 1742 677 inquit,
1758 643 1820 670 mihi
1836 643 1867 670 de

1068 682 1137 710 vobis
1150 684 1180 711 ab
1202 684 1234 712 iis
1256 686 1301 720 qui
1323 691 1383 713 sunt
1405 685 1498 714 Chloe:
1515 687 1552 724 (1.
1567 687 1627 715 Cor.
1641 689 1665 715 l.
1679 689 1743 724 ll);
1767 695 1793 717 et
1816 689 1867 717 hos

1068 732 1160 760 celans
1174 737 1201 760 et
1215 733 1276 761 illos
1290 734 1316 761 in
1331 733 1447 762 medium
1461 735 1616 767 adducens:
1633 741 1691 763 crat
1705 737 1777 764 enim
1792 737 1866 764 veri-

1069 778 1158 806 simile
1172 779 1235 807 illos
1251 787 1300 814 per
1313 779 1362 808 hos
1374 780 1529 809 declarasse
1542 790 1548 808 :
1563 781 1606 810 hic
1620 787 1710 810 autem
1720 804 1727 815 ,
1748 782 1784 810 Id
1797 783 1867 818 quod

1067 825 1137 852 vobis
1160 826 1264 858 deerat,
1294 827 1344 862 ipsi
1365 827 1564 863 suppleverunt,
1580 834 1603 856 et
1624 831 1764 864 refecerunt
1782 838 1867 856 mrum

1067 872 1188 905 spiritum
1200 877 1223 900 et
1238 880 1366 906 vestrum,-
1379 874 1527 902 ostendens
1538 882 1585 902 eos
1598 875 1704 903 venisse
1719 883 1768 910 pro
1779 876 1867 903 omni-

1068 917 1129 951 bus,
1137 922 1164 945 et
1171 923 1324 954 suasponte
1335 924 1435 948 tantam
1444 921 1596 955 suscepisse
1608 922 1864 957 peregrinationem.

1068 962 1209 997 Quomodo
1222 971 1287 999 ergo
1300 965 1372 999 quod
1383 970 1425 992 est
1443 966 1580 1001 proprium
1596 967 1642 994 fiet
1659 968 1820 995 commune?
1835 967 1866 995 Si

1066 1008 1137 1043 quod
1152 1010 1228 1038 vobis
1243 1009 1330 1040 defuit
1345 1013 1475 1046 reparctis
1491 1020 1538 1047 per
1553 1017 1670 1040 vestram
1683 1014 1709 1041 in
1722 1021 1770 1041 eos
1783 1014 1867 1042 bene-

1067 1054 1223 1087 volentiam,
1240 1055 1262 1083 si
1274 1063 1321 1083 eos
1336 1055 1488 1090 ltonoretis,
1505 1057 1528 1085 si
1552 1058 1702 1093 excipiatis,
1716 1059 1738 1086 si
1760 1059 1865 1087 benefi-

1066 1101 1164 1128 centia:
1177 1102 1383 1130 Communicetis
1395 1111 1404 1130 :
1419 1102 1533 1138 ideoque
1545 1104 1626 1137 dicit,
1640 1104 1790 1140 Cognoscite
1801 1114 1866 1142 ergo

1065 1146 1110 1182 qui
1129 1147 1255 1182 ejusmodi
1269 1153 1338 1175 sunt.
1356 1148 1390 1176 Et
1405 1149 1516 1177 laudans
1528 1158 1576 1178 eos
1595 1151 1638 1186 qui
1654 1157 1839 1179 conveneram
1851 1173 1859 1185 ,

1065 1199 1114 1219 eos
1127 1200 1233 1228 quoque
1247 1201 1308 1221 cum
1323 1193 1402 1222 laude
1414 1195 1552 1231 coniungit
1566 1197 1611 1232 qui
1634 1197 1707 1224 missi
1728 1201 1822 1230 erant,
1837 1202 1866 1225 et

1066 1237 1111 1272 qui
1125 1238 1254 1266 miserant
1266 1260 1274 1273 ,
1287 1239 1380 1267 dicens
1402 1250 1408 1268 :
1424 1239 1577 1276 Refecerunt
1599 1250 1680 1269 meum
1702 1243 1821 1277 spiritum
1841 1248 1867 1270 et

1066 1288 1186 1311 vestrum.
1202 1284 1351 1320 Cognoscite
1369 1294 1430 1322 ergo
1450 1287 1494 1322 qui
1506 1292 1565 1314 sunt
1579 1288 1719 1323 ejusmodi,
1736 1288 1866 1324 quoniam

1065 1335 1177 1364 propter
1204 1338 1254 1358 vos
1283 1331 1395 1366 patriam
1417 1337 1445 1360 et
1469 1332 1580 1361 domum
1609 1334 1784 1369 reliquerunt.
1811 1333 1862 1362 Vi-

1066 1375 1156 1404 distin'
1168 1377 1339 1412 prudentiam
1351 1378 1363 1405 2
1377 1386 1430 1406 non
1447 1379 1534 1409 solum
1550 1380 1643 1414 Paulo,
1658 1380 1705 1409 sed
1720 1381 1772 1408 illis
1781 1381 1866 1410 etiam

1065 1429 1114 1450 eos
1128 1423 1247 1450 ostendit
1258 1431 1320 1452 esse
1339 1425 1502 1459 gratificatos
1514 1447 1521 1458 ,
1543 1425 1615 1461 quod
1631 1431 1712 1454 totam
1726 1427 1868 1455 civitatem

1067 1468 1094 1495 in
1115 1475 1146 1496 se
1167 1469 1360 1497 circumferant
1376 1480 1383 1498 :
1399 1471 1471 1506 quod
1490 1479 1537 1499 eos
1561 1473 1642 1500 etiam
1657 1473 1787 1501 reddebat
1810 1473 1868 1503 fide

1065 1514 1161 1550 dignos
1172 1537 1179 1549 ,
1194 1521 1221 1543 et
1240 1524 1294 1544 non
1318 1517 1423 1545 sinebat
1450 1526 1497 1546 eos
1512 1519 1546 1546 ab
1562 1519 1616 1546 illis
1634 1519 1774 1552 abscindi,
1790 1525 1871 1548 tam.

1065 1569 1144 1596 quam
1159 1562 1206 1596 qui
1227 1570 1276 1597 per
1295 1563 1367 1598 ipsos
1386 1563 1420 1591 ad
1445 1565 1554 1592 Paulum
1579 1570 1671 1593 essent
1684 1566 1802 1594 adducti.
1818 1567 1867 1595 l9.

1066 1607 1188 1635 Salutant
1199 1615 1243 1635 vos
1263 1617 1350 1636 omnes
1374 1609 1497 1638 Ecclesite
1510 1611 1588 1639 Asiaz.
1602 1611 1716 1647 Semper
1738 1614 1811 1648 cogit
1835 1619 1867 1642 et

1065 1655 1232 1690 conglutinat
1255 1656 1375 1684 membra
1400 1665 1449 1692 per
1462 1657 1665 1686 salutationem.
1679 1659 1801 1687 Salutant
1820 1668 1867 1688 vos

1065 1702 1092 1729 in
1119 1702 1231 1730 Domino
1257 1704 1367 1731 multum
1389 1704 1484 1739 Aquila
1508 1710 1531 1732 et
1559 1704 1692 1733 Priscilla.
1713 1706 1791 1740 Apud
1815 1714 1866 1734 eos

1066 1748 1137 1775 enim
1154 1749 1289 1780 manebat,
1302 1757 1362 1776 cum
1376 1755 1448 1777 esset
1461 1755 1556 1778 contex
1562 1756 1603 1778 tor
1618 1752 1865 1781 tabernaculorum.

1066 1793 1129 1822 Cum
1151 1795 1289 1822 domestica
1317 1804 1363 1823 sua
1384 1796 1500 1824 ecclesia.
1516 1797 1573 1825 Hoc
1587 1805 1694 1833 quoque
1708 1806 1764 1826 non
1779 1807 1862 1834 parva

1067 1845 1108 1868 est
1130 1842 1233 1875 virtus,
1258 1842 1329 1877 quod
1354 1842 1463 1870 domum
1493 1843 1622 1871 fecisssnt
1645 1845 1799 1872 ecclesiam.
1815 1845 1864 1874 20.

1067 1887 1189 1915 Salutant
1203 1896 1246 1915 vos
1258 1896 1343 1916 omnes
1355 1890 1457 1925 fratres.
1473 1890 1591 1917 Salutate
1608 1891 1713 1918 invicem
1729 1892 1756 1918 in
1775 1893 1864 1920 osculo

1066 1939 1164 1961 sancto.
1176 1934 1232 1961 Hoc
1247 1935 1332 1961 sancti
1348 1936 1431 1963 osculi
1445 1935 1489 1963 hic
1503 1936 1590 1964 solum
1604 1937 1679 1972 ponit
1693 1937 1865 1966 additamen-

1067 1980 1352 2014 tum.Qu:tmobrem?
1376 1981 1461 2010 Valde
1482 1982 1552 2010 inter
1574 1990 1603 2010 se
1622 1983 1804 2017 dissidebant,
1830 1993 1864 2012 eo

1067 2027 1139 2062 quod
1165 2027 1287 2055 dicerent
1303 2036 1310 2054 :
1326 2027 1383 2063 Ego
1404 2028 1504 2062 quidem
1525 2037 1581 2055 sum
1598 2028 1695 2063 Pauli,
1711 2037 1756 2065 ego
1778 2035 1866 2058 autem

1067 2072 1171 2108 Apollo,
1179 2081 1225 2109 ego
1237 2078 1322 2100 autem
1330 2073 1432 2108 (Iephte,
1440 2083 1485 2110 ego
1494 2082 1551 2101 vero
1558 2074 1652 2102 Christi
1659 2076 1682 2110 (1
1691 2094 1698 2101 .
1707 2075 1845 2110 Cor.l.i‘2)
1855 2086 1862 2103 :

1067 2127 1100 2147 eo
1106 2119 1178 2155 quod
1187 2119 1254 2147 alius
1262 2120 1369 2155 quidem
1383 2122 1508 2154 esuriret,
1521 2121 1590 2148 alius
1599 2129 1663 2149 vero
1673 2126 1747 2150 esset
1754 2122 1845 2150 ebrius
1855 2132 1864 2151 :

1067 2174 1101 2194 eo
1113 2166 1184 2201 quod
1200 2166 1330 2194 haberent
1351 2174 1452 2202 pugnas
1467 2173 1493 2195 et
1516 2168 1702 2196 aemulationes
1717 2173 1745 2196 et
1759 2169 1819 2197 lites
1833 2177 1864 2197 ac

1066 2214 1185 2249 judicia,
1207 2218 1235 2241 et
1258 2221 1291 2242 ex
1316 2214 1394 2241 donis
1419 2222 1516 2250 magna
1537 2219 1594 2242 erat
1619 2215 1738 2248 invidia,
1767 2223 1862 2251 magna

1067 2261 1191 2296 superbia
1205 2265 1232 2288 et
1245 2261 1408 2296 arrogantia.
1421 2261 1567 2296 Postquam
1586 2269 1651 2297 ergo
1663 2269 1712 2290 eos
1725 2262 1864 2297 conjunxit

1069 2313 1116 2341 per
1128 2305 1354 2340 exhortationem,
1370 2307 1466 2334 merito
1478 2307 1559 2334 etiam
1577 2307 1655 2342 jubet
1667 2307 1797 2343 conjungi
1813 2316 1860 2342 per

1067 2353 1190 2382 osculum
1209 2357 1343 2381 sanctum.
1361 2353 1416 2381 Hoc
1429 2353 1501 2381 enim
1515 2354 1591 2387 ttnit,
1614 2359 1642 2382 et
1656 2362 1739 2381 unum
1763 2361 1861 2389 corpus

1068 2398 1130 2426 facit
1144 2408 1150 2425 :
1164 2398 1215 2426 hoc
1235 2403 1413 2426 estsancth
1426 2419 1434 2432 ,
1448 2399 1519 2434 quod
1540 2406 1593 2426 non
1608 2405 1650 2427 est
1672 2408 1732 2427 cum
1753 2399 1818 2427 dolo
1837 2404 1863 2427 et

1067 2443 1248 2471 simulatione.
1261 2444 1306 2471 2L
1325 2443 1453 2472 Salutan
1465 2452 1520 2471 mea
1544 2453 1622 2471 manu
1637 2444 1726 2472 Pauli.
1740 2445 1862 2472 Ostendit

1069 2498 1166 2526 magno
1180 2490 1269 2518 studio
1291 2491 1468 2526 composilam
1485 2491 1568 2518 fuisse
1583 2491 1724 2525 epistolam
1739 2500 1745 2518 :
1760 2496 1788 2518 et
1803 2491 1862 2518 ideo

1069 2537 1119 2564 hoc
1133 2537 1230 2571 adjecit
1250 2546 1256 2564 :
1270 2536 1314 2564 29.
1326 2537 1356 2564 Si
1368 2538 1424 2571 quis
1444 2545 1494 2564 non
1505 2542 1575 2564 ornat
1590 2537 1729 2564 Dominum
1751 2543 1862 2565 nostrum

1067 2582 1156 2610 Jesum
1169 2582 1307 2614 Christum,
1317 2583 1349 2609 sit
1358 2583 1505 2610 anathema.

1103 2629 1130 2656 5.
1149 2629 1241 2657 Fastus
1260 2634 1320 2663 quot
1342 2630 1467 2657 malorum
1489 2637 1577 2657 causa.
1589 2629 1688 2657 —Pcr
1708 2637 1791 2657 unum
1813 2629 1860 2656 hoc

1067 2677 1178 2704 verbum
1203 2684 1298 2704 omnes
1322 2677 1434 2709 terruit,
1459 2678 1504 2711 qui
1525 2678 1645 2704 membra
1659 2685 1706 2704 sua
1730 2677 1860 2705 faciebant

1068 2723 1189 2750 ntembra
1202 2723 1371 2754 meretricis;
1387 2730 1434 2750 eos
1449 2723 1495 2758 qui
1517 2723 1615 2751 fratres
1628 2723 1803 2751 offendebat“
1816 2730 1859 2758 per

1068 2769 1205 2797 immolata
1215 2769 1307 2800 idolis,
1320 2776 1367 2797 eos
1377 2770 1422 2804 qui
1435 2769 1640 2797 nominabantur
1651 2777 1686 2796 ex
1699 2769 1859 2800 hominibus,

1068 2822 1115 2842 eos
1141 2815 1187 2850 qui
1212 2821 1266 2841 non
1291 2813 1437 2842 credebant
1464 2815 1668 2842 resurrectioni.
1694 2814 1754 2843 Non
1776 2815 1858 2842 solum

1071 2867 1161 2889 autem
1177 2861 1291 2894 terruit,
1308 2860 1355 2889 sed
1371 2862 1451 2889 etiam
1467 2861 1583 2890 ostendit
1604 2862 1673 2889 viam
1689 2862 1796 2889 virtutis
1807 2882 1814 2896 ,
1833 2863 1858 2886 ct
