  <div class='ocr_page' id='page_1' title='image "/cluster/home/n/w/nwhite01/storage/ocr_20150623/61/njp.32101077772679/385.png"; bbox 0 0 2021 3117; ppageno 0'>
   <div class='ocr_carea' id='block_1_1' title="bbox 181 136 292 165">
    <p class='ocr_par' dir='ltr' id='par_1_1' title="bbox 181 136 292 165">
     <span class='ocr_line' id='line_1_1' title="bbox 181 136 292 165; baseline 0.009 -1"><span class='ocrx_word' id='word_1_1' title='bbox 181 136 244 165; x_wconf 60' lang='grc' dir='ltr'><strong>3ῒῖ</strong></span> <span class='ocrx_word' id='word_1_2' title='bbox 289 152 292 154; x_wconf 91' lang='grc'><strong>-</strong></span> 
     </span>
    </p>
   </div>
   <div class='ocr_carea' id='block_1_2' title="bbox 187 193 973 229">
    <p class='ocr_par' dir='ltr' id='par_1_2' title="bbox 187 193 973 229">
     <span class='ocr_line' id='line_1_2' title="bbox 187 193 973 229; baseline 0 -7"><span class='ocrx_word' id='word_1_3' title='bbox 187 194 312 228; x_wconf 73' lang='grc' dir='ltr'><strong>ὶίζοντας</strong></span> <span class='ocrx_word' id='word_1_4' title='bbox 319 193 381 227; x_wconf 72' lang='grc' dir='ltr'><strong>τοὺς</strong></span> <span class='ocrx_word' id='word_1_5' title='bbox 389 194 522 229; x_wconf 69' lang='grc' dir='ltr'><strong>ἀδελφοὺς</strong></span> <span class='ocrx_word' id='word_1_6' title='bbox 530 195 575 222; x_wconf 80' lang='grc' dir='ltr'><strong>διὰ</strong></span> <span class='ocrx_word' id='word_1_7' title='bbox 584 196 637 223; x_wconf 85' lang='grc' dir='ltr'><strong>τῶν</strong></span> <span class='ocrx_word' id='word_1_8' title='bbox 648 195 842 229; x_wconf 78' lang='grc' dir='ltr'><strong>εἰδωλοθύτων,</strong></span> <span class='ocrx_word' id='word_1_9' title='bbox 854 196 918 228; x_wconf 71' lang='grc' dir='ltr'><strong>τοὺς</strong></span> <span class='ocrx_word' id='word_1_10' title='bbox 927 195 973 222; x_wconf 78' lang='grc' dir='ltr'><strong>ἀπ’</strong></span> 
     </span>
    </p>
   </div>
   <div class='ocr_carea' id='block_1_3' title="bbox 187 239 974 277">
    <p class='ocr_par' dir='ltr' id='par_1_3' title="bbox 187 239 974 277">
     <span class='ocr_line' id='line_1_3' title="bbox 187 239 974 277; baseline 0 -11"><span class='ocrx_word' id='word_1_11' title='bbox 187 239 339 275; x_wconf 85' lang='grc' dir='ltr'><strong>ἀνθρώπων</strong></span> <span class='ocrx_word' id='word_1_12' title='bbox 352 240 581 276; x_wconf 78' lang='grc' dir='ltr'><strong>ὀνομαζομένους,</strong></span> <span class='ocrx_word' id='word_1_13' title='bbox 597 241 660 272; x_wconf 75' lang='grc' dir='ltr'><strong>τοὺς</strong></span> <span class='ocrx_word' id='word_1_14' title='bbox 675 242 707 277; x_wconf 82' lang='grc' dir='ltr'><strong>τῇ</strong></span> <span class='ocrx_word' id='word_1_15' title='bbox 722 241 869 268; x_wconf 82' lang='grc' dir='ltr'><strong>ἀναστάσει</strong></span> <span class='ocrx_word' id='word_1_16' title='bbox 883 241 974 268; x_wconf 86' lang='grc' dir='ltr'><strong>διαπι-</strong></span> 
     </span>
    </p>
   </div>
   <div class='ocr_carea' id='block_1_4' title="bbox 187 285 975 321">
    <p class='ocr_par' dir='ltr' id='par_1_4' title="bbox 187 285 975 321">
     <span class='ocr_line' id='line_1_4' title="bbox 187 285 975 321; baseline 0 -9"><span class='ocrx_word' id='word_1_17' title='bbox 187 286 327 319; x_wconf 87' lang='grc' dir='ltr'><strong>στοῦντας.</strong></span> <span class='ocrx_word' id='word_1_18' title='bbox 346 286 403 313; x_wconf 82' lang='grc' dir='ltr'><strong>οὐκ</strong></span> <span class='ocrx_word' id='word_1_19' title='bbox 415 286 530 321; x_wconf 69' lang='grc' dir='ltr'><strong>ἐφόϐησε</strong></span> <span class='ocrx_word' id='word_1_20' title='bbox 543 286 571 312; x_wconf 79' lang='grc' dir='ltr'><strong>δὲ</strong></span> <span class='ocrx_word' id='word_1_21' title='bbox 585 286 674 321; x_wconf 84' lang='grc' dir='ltr'><strong>μόνον⁹</strong></span> <span class='ocrx_word' id='word_1_22' title='bbox 687 286 756 312; x_wconf 89' lang='grc' dir='ltr'><strong>ἀλλά</strong></span> <span class='ocrx_word' id='word_1_23' title='bbox 771 286 817 313; x_wconf 74' lang='grc' dir='ltr'><strong>καὶ</strong></span> <span class='ocrx_word' id='word_1_24' title='bbox 831 285 915 318; x_wconf 74' lang='grc' dir='ltr'><strong>ἔδειξε</strong></span> <span class='ocrx_word' id='word_1_25' title='bbox 926 286 975 321; x_wconf 83' lang='grc' dir='ltr'><strong>τῆς</strong></span> 
     </span>
    </p>
   </div>
   <div class='ocr_carea' id='block_1_5' title="bbox 186 332 975 368">
    <p class='ocr_par' dir='ltr' id='par_1_5' title="bbox 186 332 975 368">
     <span class='ocr_line' id='line_1_5' title="bbox 186 332 975 368; baseline 0 -10"><span class='ocrx_word' id='word_1_26' title='bbox 186 332 288 368; x_wconf 83' lang='grc' dir='ltr'><strong>ἀρετῆς</strong></span> <span class='ocrx_word' id='word_1_27' title='bbox 299 333 349 368; x_wconf 84' lang='grc' dir='ltr'><strong>τὴν</strong></span> <span class='ocrx_word' id='word_1_28' title='bbox 364 332 432 363; x_wconf 80' lang='grc' dir='ltr'><strong>ὁδὸν,</strong></span> <span class='ocrx_word' id='word_1_29' title='bbox 447 333 494 359; x_wconf 78' lang='grc' dir='ltr'><strong>καὶ</strong></span> <span class='ocrx_word' id='word_1_30' title='bbox 508 332 558 367; x_wconf 82' lang='grc' dir='ltr'><strong>τῆς</strong></span> <span class='ocrx_word' id='word_1_31' title='bbox 572 332 671 363; x_wconf 82' lang='grc' dir='ltr'>κακίας</span> <span class='ocrx_word' id='word_1_32' title='bbox 685 332 734 368; x_wconf 79' lang='grc' dir='ltr'><strong>τὴν</strong></span> <span class='ocrx_word' id='word_1_33' title='bbox 750 332 854 368; x_wconf 90' lang='grc' dir='ltr'><strong>πηγήν.</strong></span> <span class='ocrx_word' id='word_1_34' title='bbox 871 332 975 367; x_wconf 81' lang='grc' dir='ltr'><strong>Ὠσπερ</strong></span> 
     </span>
    </p>
   </div>
   <div class='ocr_carea' id='block_1_6' title="bbox 186 377 976 413">
    <p class='ocr_par' dir='ltr' id='par_1_6' title="bbox 186 377 976 413">
     <span class='ocr_line' id='line_1_6' title="bbox 186 377 976 413; baseline -0.001 -8"><span class='ocrx_word' id='word_1_35' title='bbox 186 378 241 413; x_wconf 86' lang='grc' dir='ltr'><strong>γὰρ</strong></span> <span class='ocrx_word' id='word_1_36' title='bbox 261 377 364 413; x_wconf 78' lang='grc' dir='ltr'><strong>σφοδρά</strong></span> <span class='ocrx_word' id='word_1_37' title='bbox 386 377 452 412; x_wconf 76' lang='grc' dir='ltr'><strong>περὶ</strong></span> <span class='ocrx_word' id='word_1_38' title='bbox 471 377 551 404; x_wconf 81' lang='grc' dir='ltr'><strong>αὑτὸν</strong></span> <span class='ocrx_word' id='word_1_39' title='bbox 569 378 585 412; x_wconf 88' lang='grc' dir='ltr'><strong>ἡ</strong></span> <span class='ocrx_word' id='word_1_40' title='bbox 602 377 697 413; x_wconf 82' lang='grc' dir='ltr'><strong>ἀγάπη</strong></span> <span class='ocrx_word' id='word_1_41' title='bbox 720 377 865 413; x_wconf 81' lang='grc' dir='ltr'><strong>γενομένη,</strong></span> <span class='ocrx_word' id='word_1_42' title='bbox 887 377 976 404; x_wconf 83' lang='grc' dir='ltr'><strong>πάντα</strong></span> 
     </span>
    </p>
   </div>
   <div class='ocr_carea' id='block_1_7' title="bbox 186 423 974 459">
    <p class='ocr_par' dir='ltr' id='par_1_7' title="bbox 186 423 974 459">
     <span class='ocr_line' id='line_1_7' title="bbox 186 423 974 459; baseline 0 -10"><span class='ocrx_word' id='word_1_43' title='bbox 186 423 240 450; x_wconf 80' lang='grc' dir='ltr'><strong>τῶν</strong></span> <span class='ocrx_word' id='word_1_44' title='bbox 258 423 467 459; x_wconf 76' lang='grc' dir='ltr'><strong>ἁμαρτημάτων</strong></span> <span class='ocrx_word' id='word_1_45' title='bbox 477 423 511 450; x_wconf 78' lang='grc' dir='ltr'><strong>τά</strong></span> <span class='ocrx_word' id='word_1_46' title='bbox 523 423 580 458; x_wconf 81' lang='grc' dir='ltr'><strong>εἴδη</strong></span> <span class='ocrx_word' id='word_1_47' title='bbox 597 424 796 451; x_wconf 78' lang='grc' dir='ltr'><strong>κατασϐέννυσι</strong></span> <span class='ocrx_word' id='word_1_48' title='bbox 808 424 855 450; x_wconf 76' lang='grc' dir='ltr'><strong>καὶ</strong></span> <span class='ocrx_word' id='word_1_49' title='bbox 869 423 974 456; x_wconf 81' lang='grc' dir='ltr'><strong>ἐξωθεῖ·</strong></span> 
     </span>
    </p>
   </div>
   <div class='ocr_carea' id='block_1_8' title="bbox 185 468 974 506">
    <p class='ocr_par' dir='ltr' id='par_1_8' title="bbox 185 468 974 506">
     <span class='ocr_line' id='line_1_8' title="bbox 185 468 974 506; baseline 0.001 -10"><span class='ocrx_word' id='word_1_50' title='bbox 185 469 273 502; x_wconf 76' lang='grc' dir='ltr'><strong>οὕτως</strong></span> <span class='ocrx_word' id='word_1_51' title='bbox 291 470 356 496; x_wconf 79' lang='grc' dir='ltr'><strong>ὅταν</strong></span> <span class='ocrx_word' id='word_1_52' title='bbox 369 469 551 505; x_wconf 81' lang='grc' dir='ltr'><strong>ἀσθενεστέρα</strong></span> <span class='ocrx_word' id='word_1_53' title='bbox 572 468 601 506; x_wconf 83' lang='grc' dir='ltr'><strong>ᾖ,</strong></span> <span class='ocrx_word' id='word_1_54' title='bbox 615 470 775 505; x_wconf 78' lang='grc' dir='ltr'><strong>βλαστάνειν</strong></span> <span class='ocrx_word' id='word_1_55' title='bbox 791 470 876 498; x_wconf 85' lang='grc' dir='ltr'><strong>ταῦτα</strong></span> <span class='ocrx_word' id='word_1_56' title='bbox 892 470 974 497; x_wconf 88' lang='grc' dir='ltr'><strong>ποιεῖ.</strong></span> 
     </span>
    </p>
   </div>
   <div class='ocr_carea' id='block_1_9' title="bbox 186 515 976 552">
    <p class='ocr_par' dir='ltr' id='par_1_9' title="bbox 186 515 976 552">
     <span class='ocr_line' id='line_1_9' title="bbox 186 515 976 552; baseline -0.001 -10"><span class='ocrx_word' id='word_1_57' title='bbox 186 515 356 549; x_wconf 73' lang='grc' dir='ltr'><strong>Μαραναθά.</strong></span> <span class='ocrx_word' id='word_1_58' title='bbox 378 515 458 547; x_wconf 80' lang='grc' dir='ltr'>Τίνος</span> <span class='ocrx_word' id='word_1_59' title='bbox 474 515 568 542; x_wconf 72' lang='grc' dir='ltr'><strong>ἕνεκεν</strong></span> <span class='ocrx_word' id='word_1_60' title='bbox 586 516 665 543; x_wconf 82' lang='grc' dir='ltr'><strong>τοῦτο</strong></span> <span class='ocrx_word' id='word_1_61' title='bbox 688 517 816 552; x_wconf 82' lang='grc' dir='ltr'><strong>εῖρηται;</strong></span> <span class='ocrx_word' id='word_1_62' title='bbox 833 516 860 542; x_wconf 89' lang='grc' dir='ltr'><strong>τί</strong></span> <span class='ocrx_word' id='word_1_63' title='bbox 876 516 976 551; x_wconf 84' lang='grc' dir='ltr'><strong>δήποτε</strong></span> 
     </span>
    </p>
   </div>
   <div class='ocr_carea' id='block_1_10' title="bbox 185 561 977 598">
    <p class='ocr_par' dir='ltr' id='par_1_10' title="bbox 185 561 977 598">
     <span class='ocr_line' id='line_1_10' title="bbox 185 561 977 598; baseline 0.003 -12"><span class='ocrx_word' id='word_1_64' title='bbox 185 561 233 586; x_wconf 79' lang='grc' dir='ltr'><strong>καὶ</strong></span> <span class='ocrx_word' id='word_1_65' title='bbox 262 561 382 596; x_wconf 74' lang='grc' dir='ltr'><strong>Ἐϐραΐδι</strong></span> <span class='ocrx_word' id='word_1_66' title='bbox 399 563 493 598; x_wconf 80' lang='grc' dir='ltr'>φωνῇ;</span> <span class='ocrx_word' id='word_1_67' title='bbox 520 562 630 598; x_wconf 81' lang='grc' dir='ltr'><strong>Ἐπειδὴ</strong></span> <span class='ocrx_word' id='word_1_68' title='bbox 652 563 763 590; x_wconf 86' lang='grc' dir='ltr'><strong>πάντων</strong></span> <span class='ocrx_word' id='word_1_69' title='bbox 784 562 839 589; x_wconf 83' lang='grc' dir='ltr'><strong>τῶν</strong></span> <span class='ocrx_word' id='word_1_70' title='bbox 853 562 946 590; x_wconf 90' lang='grc' dir='ltr'><strong>κακῶν</strong></span> <span class='ocrx_word' id='word_1_71' title='bbox 962 562 977 588; x_wconf 85' lang='grc' dir='ltr'><strong>ό</strong></span> 
     </span>
    </p>
   </div>
   <div class='ocr_carea' id='block_1_11' title="bbox 184 605 975 644">
    <p class='ocr_par' dir='ltr' id='par_1_11' title="bbox 184 605 975 644">
     <span class='ocr_line' id='line_1_11' title="bbox 184 605 975 644; baseline 0.003 -12"><span class='ocrx_word' id='word_1_72' title='bbox 184 607 270 641; x_wconf 87' lang='grc' dir='ltr'><strong>τῦφος</strong></span> <span class='ocrx_word' id='word_1_73' title='bbox 282 607 368 639; x_wconf 73' lang='grc' dir='ltr'><strong>αἴτιος</strong></span> <span class='ocrx_word' id='word_1_74' title='bbox 381 605 427 643; x_wconf 75' lang='grc' dir='ltr'><strong>ἦν·</strong></span> <span class='ocrx_word' id='word_1_75' title='bbox 439 608 534 635; x_wconf 84' lang='grc' dir='ltr'><strong>τοῦτον</strong></span> <span class='ocrx_word' id='word_1_76' title='bbox 551 608 579 635; x_wconf 68' lang='grc' dir='ltr'><strong>δὲ</strong></span> <span class='ocrx_word' id='word_1_77' title='bbox 595 609 639 635; x_wconf 81' lang='grc' dir='ltr'><strong>τὸν</strong></span> <span class='ocrx_word' id='word_1_78' title='bbox 653 607 737 642; x_wconf 86' lang='grc' dir='ltr'><strong>τῦφον</strong></span> <span class='ocrx_word' id='word_1_79' title='bbox 750 609 766 644; x_wconf 92' lang='grc' dir='ltr'><strong>ἡ</strong></span> <span class='ocrx_word' id='word_1_80' title='bbox 781 608 880 641; x_wconf 75' lang='grc' dir='ltr'><strong>ἔξωθεν</strong></span> <span class='ocrx_word' id='word_1_81' title='bbox 895 608 975 642; x_wconf 83' lang='grc' dir='ltr'><strong>σοφία</strong></span> 
     </span>
    </p>
   </div>
   <div class='ocr_carea' id='block_1_12' title="bbox 185 652 976 690">
    <p class='ocr_par' dir='ltr' id='par_1_12' title="bbox 185 652 976 690">
     <span class='ocr_line' id='line_1_12' title="bbox 185 652 976 690; baseline 0.003 -12"><span class='ocrx_word' id='word_1_82' title='bbox 185 652 283 684; x_wconf 77' lang='grc' dir='ltr'><strong>ἐποίει,</strong></span> <span class='ocrx_word' id='word_1_83' title='bbox 307 653 354 679; x_wconf 77' lang='grc' dir='ltr'><strong>καὶ</strong></span> <span class='ocrx_word' id='word_1_84' title='bbox 378 653 457 680; x_wconf 86' lang='grc' dir='ltr'><strong>τοῦτο</strong></span> <span class='ocrx_word' id='word_1_85' title='bbox 476 653 507 680; x_wconf 79' lang='grc' dir='ltr'><strong>τὸ</strong></span> <span class='ocrx_word' id='word_1_86' title='bbox 528 653 676 688; x_wconf 84' lang='grc' dir='ltr'><strong>κεφάλαιον</strong></span> <span class='ocrx_word' id='word_1_87' title='bbox 697 653 753 680; x_wconf 87' lang='grc' dir='ltr'><strong>τῶν</strong></span> <span class='ocrx_word' id='word_1_88' title='bbox 771 653 865 680; x_wconf 82' lang='grc' dir='ltr'>κακῶν</span> <span class='ocrx_word' id='word_1_89' title='bbox 890 652 935 690; x_wconf 80' lang='grc' dir='ltr'><strong>ἦν,</strong></span> <span class='ocrx_word' id='word_1_90' title='bbox 961 653 976 679; x_wconf 79' lang='grc' dir='ltr'><strong>ὃ</strong></span> 
     </span>
    </p>
   </div>
   <div class='ocr_carea' id='block_1_13' title="bbox 184 697 976 735">
    <p class='ocr_par' dir='ltr' id='par_1_13' title="bbox 184 697 976 735">
     <span class='ocr_line' id='line_1_13' title="bbox 184 697 976 735; baseline 0.004 -12"><span class='ocrx_word' id='word_1_91' title='bbox 184 697 306 733; x_wconf 87' lang='grc' dir='ltr'><strong>μάλιστα</strong></span> <span class='ocrx_word' id='word_1_92' title='bbox 326 699 378 734; x_wconf 81' lang='grc' dir='ltr'><strong>τὴν</strong></span> <span class='ocrx_word' id='word_1_93' title='bbox 401 699 533 735; x_wconf 87' lang='grc' dir='ltr'><strong>Κόρινθον</strong></span> <span class='ocrx_word' id='word_1_94' title='bbox 550 699 697 726; x_wconf 81' lang='grc' dir='ltr'><strong>διέσπασε·</strong></span> <span class='ocrx_word' id='word_1_95' title='bbox 716 699 906 726; x_wconf 84' lang='grc' dir='ltr'><strong>καταστέλλων</strong></span> <span class='ocrx_word' id='word_1_96' title='bbox 927 699 976 726; x_wconf 80' lang='grc' dir='ltr'><strong>αὕ-</strong></span> 
     </span>
    </p>
   </div>
   <div class='ocr_carea' id='block_1_14' title="bbox 184 745 976 782">
    <p class='ocr_par' dir='ltr' id='par_1_14' title="bbox 184 745 976 782">
     <span class='ocr_line' id='line_1_14' title="bbox 184 745 976 782; baseline 0 -10"><span class='ocrx_word' id='word_1_97' title='bbox 184 745 239 772; x_wconf 86' lang='grc' dir='ltr'><strong>τῶν</strong></span> <span class='ocrx_word' id='word_1_98' title='bbox 253 745 299 773; x_wconf 76' lang='grc' dir='ltr'><strong>τὸν</strong></span> <span class='ocrx_word' id='word_1_99' title='bbox 315 745 409 781; x_wconf 77' lang='grc' dir='ltr'><strong>τῦφον,</strong></span> <span class='ocrx_word' id='word_1_100' title='bbox 425 746 486 773; x_wconf 86' lang='grc' dir='ltr'><strong>οὐδέ</strong></span> <span class='ocrx_word' id='word_1_101' title='bbox 509 745 614 773; x_wconf 83' lang='grc' dir='ltr'><strong>Ἑλλάδι</strong></span> <span class='ocrx_word' id='word_1_102' title='bbox 629 746 761 782; x_wconf 85' lang='grc' dir='ltr'><strong>κέχρηται</strong></span> <span class='ocrx_word' id='word_1_103' title='bbox 775 746 895 782; x_wconf 77' lang='grc' dir='ltr'><strong>γλώσσῃ,</strong></span> <span class='ocrx_word' id='word_1_104' title='bbox 908 746 976 773; x_wconf 80' lang='grc' dir='ltr'><strong>ἀλλά</strong></span> 
     </span>
    </p>
   </div>
   <div class='ocr_carea' id='block_1_15' title="bbox 184 791 976 828">
    <p class='ocr_par' dir='ltr' id='par_1_15' title="bbox 184 791 976 828">
     <span class='ocr_line' id='line_1_15' title="bbox 184 791 976 828; baseline -0.001 -9"><span class='ocrx_word' id='word_1_105' title='bbox 184 793 217 827; x_wconf 81' lang='grc' dir='ltr'><strong>τῇ</strong></span> <span class='ocrx_word' id='word_1_106' title='bbox 235 791 366 827; x_wconf 76' lang='grc' dir='ltr'><strong>Ἐϐραΐδι,</strong></span> <span class='ocrx_word' id='word_1_107' title='bbox 380 793 487 824; x_wconf 83' lang='grc' dir='ltr'><strong>δεικνὺς</strong></span> <span class='ocrx_word' id='word_1_108' title='bbox 499 792 539 819; x_wconf 80' lang='grc' dir='ltr'><strong>ὅτι</strong></span> <span class='ocrx_word' id='word_1_109' title='bbox 555 793 585 819; x_wconf 81' lang='grc' dir='ltr'><strong>οὐ</strong></span> <span class='ocrx_word' id='word_1_110' title='bbox 600 792 680 828; x_wconf 91' lang='grc' dir='ltr'><strong>μόνον</strong></span> <span class='ocrx_word' id='word_1_111' title='bbox 693 793 743 819; x_wconf 85' lang='grc' dir='ltr'><strong>οὐκ</strong></span> <span class='ocrx_word' id='word_1_112' title='bbox 758 792 914 828; x_wconf 75' lang='grc' dir='ltr'><strong>αἰσχύνεται</strong></span> <span class='ocrx_word' id='word_1_113' title='bbox 927 792 976 827; x_wconf 87' lang='grc' dir='ltr'><strong>τὴν</strong></span> 
     </span>
    </p>
   </div>
   <div class='ocr_carea' id='block_1_16' title="bbox 185 837 976 873">
    <p class='ocr_par' dir='ltr' id='par_1_16' title="bbox 185 837 976 873">
     <span class='ocr_line' id='line_1_16' title="bbox 185 837 976 873; baseline 0.001 -9"><span class='ocrx_word' id='word_1_114' title='bbox 185 837 329 869; x_wconf 81' lang='grc' dir='ltr'><strong>ίδιωτείαν.</strong></span> <span class='ocrx_word' id='word_1_115' title='bbox 353 838 422 865; x_wconf 86' lang='grc' dir='ltr'><strong>ἀλλά</strong></span> <span class='ocrx_word' id='word_1_116' title='bbox 449 839 497 865; x_wconf 60' lang='grc' dir='ltr'><strong>καὶ¹</strong></span> <span class='ocrx_word' id='word_1_117' title='bbox 526 839 595 873; x_wconf 87' lang='grc' dir='ltr'><strong>μετά</strong></span> <span class='ocrx_word' id='word_1_118' title='bbox 622 838 724 873; x_wconf 83' lang='grc' dir='ltr'><strong>πολλῆς</strong></span> <span class='ocrx_word' id='word_1_119' title='bbox 749 837 901 871; x_wconf 77' lang='grc' dir='ltr'><strong>ἀσπάζεται</strong></span> <span class='ocrx_word' id='word_1_120' title='bbox 925 838 976 873; x_wconf 82' lang='grc' dir='ltr'><strong>τῆς</strong></span> 
     </span>
    </p>
   </div>
   <div class='ocr_carea' id='block_1_17' title="bbox 183 883 976 921">
    <p class='ocr_par' dir='ltr' id='par_1_17' title="bbox 183 883 976 921">
     <span class='ocr_line' id='line_1_17' title="bbox 183 883 976 921; baseline -0.003 -9"><span class='ocrx_word' id='word_1_121' title='bbox 183 885 361 921; x_wconf 84' lang='grc' dir='ltr'><strong>θερμότητος.</strong></span> <span class='ocrx_word' id='word_1_122' title='bbox 375 884 408 911; x_wconf 87' lang='grc' dir='ltr'><strong>Τί</strong></span> <span class='ocrx_word' id='word_1_123' title='bbox 421 885 449 911; x_wconf 89' lang='grc' dir='ltr'><strong>δέ</strong></span> <span class='ocrx_word' id='word_1_124' title='bbox 459 885 516 911; x_wconf 80' lang='grc' dir='ltr'><strong>ἐστι</strong></span> <span class='ocrx_word' id='word_1_125' title='bbox 527 883 710 918; x_wconf 69' lang='grc' dir='ltr'><strong>Μαραναθάς</strong></span> <span class='ocrx_word' id='word_1_126' title='bbox 725 883 756 910; x_wconf 88' lang='lat'><strong>&#39;0</strong></span> <span class='ocrx_word' id='word_1_127' title='bbox 772 884 879 918; x_wconf 81' lang='grc' dir='ltr'><strong>Κύριος</strong></span> <span class='ocrx_word' id='word_1_128' title='bbox 891 883 976 918; x_wconf 74' lang='grc' dir='ltr'><strong>ἡμῶν</strong></span> 
     </span>
    </p>
   </div>
   <div class='ocr_carea' id='block_1_18' title="bbox 183 928 975 969">
    <p class='ocr_par' dir='ltr' id='par_1_18' title="bbox 183 928 975 969">
     <span class='ocr_line' id='line_1_18' title="bbox 183 928 975 969; baseline 0.001 -11"><span class='ocrx_word' id='word_1_129' title='bbox 183 928 268 966; x_wconf 84' lang='grc' dir='ltr'><strong>ἦλθε.</strong></span> <span class='ocrx_word' id='word_1_130' title='bbox 285 932 363 965; x_wconf 88' lang='grc' dir='ltr'><strong>Τίνος</strong></span> <span class='ocrx_word' id='word_1_131' title='bbox 387 931 433 959; x_wconf 78' lang='grc' dir='ltr'><strong>οὖν</strong></span> <span class='ocrx_word' id='word_1_132' title='bbox 458 933 552 960; x_wconf 74' lang='grc' dir='ltr'><strong>ἕνεκεν</strong></span> <span class='ocrx_word' id='word_1_133' title='bbox 571 933 637 960; x_wconf 74' lang='grc' dir='ltr'><strong>αὐτὸ</strong></span> <span class='ocrx_word' id='word_1_134' title='bbox 650 933 730 960; x_wconf 88' lang='grc' dir='ltr'><strong>τοῦτό</strong></span> <span class='ocrx_word' id='word_1_135' title='bbox 750 942 836 969; x_wconf 84' lang='grc' dir='ltr'><strong>φησι;</strong></span> <span class='ocrx_word' id='word_1_136' title='bbox 856 933 908 959; x_wconf 84' lang='grc' dir='ltr'><strong>Τὸν</strong></span> <span class='ocrx_word' id='word_1_137' title='bbox 925 932 975 967; x_wconf 80' lang='grc' dir='ltr'><strong>τῆς</strong></span> 
     </span>
    </p>
   </div>
   <div class='ocr_carea' id='block_1_19' title="bbox 183 976 976 1015">
    <p class='ocr_par' dir='ltr' id='par_1_19' title="bbox 183 976 976 1015">
     <span class='ocr_line' id='line_1_19' title="bbox 183 976 976 1015; baseline 0.003 -12"><span class='ocrx_word' id='word_1_138' title='bbox 183 977 339 1013; x_wconf 79' lang='grc' dir='ltr'>οἰκονομίας</span> <span class='ocrx_word' id='word_1_139' title='bbox 358 979 476 1014; x_wconf 73' lang='grc' dir='ltr'><strong>βεϐαιῶν</strong></span> <span class='ocrx_word' id='word_1_140' title='bbox 491 978 579 1014; x_wconf 78' lang='grc' dir='ltr'><strong>λόγον.</strong></span> <span class='ocrx_word' id='word_1_141' title='bbox 600 980 630 1012; x_wconf 77' lang='grc' dir='ltr'><strong>ἐξ</strong></span> <span class='ocrx_word' id='word_1_142' title='bbox 642 976 679 1006; x_wconf 83' lang='grc' dir='ltr'><strong>ὧν</strong></span> <span class='ocrx_word' id='word_1_143' title='bbox 702 980 820 1015; x_wconf 80' lang='grc' dir='ltr'><strong>μάλιστα</strong></span> <span class='ocrx_word' id='word_1_144' title='bbox 834 979 868 1006; x_wconf 77' lang='grc' dir='ltr'><strong>τὰ</strong></span> <span class='ocrx_word' id='word_1_145' title='bbox 893 979 976 1014; x_wconf 82' lang='grc' dir='ltr'><strong>σπέρ-</strong></span> 
     </span>
    </p>
   </div>
   <div class='ocr_carea' id='block_1_20' title="bbox 185 1024 974 1061">
    <p class='ocr_par' dir='ltr' id='par_1_20' title="bbox 185 1024 974 1061">
     <span class='ocr_line' id='line_1_20' title="bbox 185 1024 974 1061; baseline 0.001 -11"><span class='ocrx_word' id='word_1_146' title='bbox 185 1032 257 1059; x_wconf 89' lang='grc' dir='ltr'><strong>ματα</strong></span> <span class='ocrx_word' id='word_1_147' title='bbox 267 1024 316 1060; x_wconf 75' lang='grc' dir='ltr'><strong>τῆς</strong></span> <span class='ocrx_word' id='word_1_148' title='bbox 329 1025 505 1057; x_wconf 81' lang='grc' dir='ltr'><strong>ἀναστάσεως</strong></span> <span class='ocrx_word' id='word_1_149' title='bbox 517 1026 698 1053; x_wconf 80' lang='grc' dir='ltr'><strong>συντέθεικεν·</strong></span> <span class='ocrx_word' id='word_1_150' title='bbox 711 1026 741 1052; x_wconf 80' lang='grc' dir='ltr'><strong>οὐ</strong></span> <span class='ocrx_word' id='word_1_151' title='bbox 755 1024 834 1052; x_wconf 88' lang='grc' dir='ltr'><strong>τοῦτο</strong></span> <span class='ocrx_word' id='word_1_152' title='bbox 844 1025 873 1052; x_wconf 79' lang='grc' dir='ltr'><strong>δὲ</strong></span> <span class='ocrx_word' id='word_1_153' title='bbox 885 1026 974 1061; x_wconf 85' lang='grc' dir='ltr'><strong>μόνον,</strong></span> 
     </span>
    </p>
   </div>
   <div class='ocr_carea' id='block_1_21' title="bbox 184 1069 974 1109">
    <p class='ocr_par' dir='ltr' id='par_1_21' title="bbox 184 1069 974 1109">
     <span class='ocr_line' id='line_1_21' title="bbox 184 1069 974 1109; baseline 0.003 -13"><span class='ocrx_word' id='word_1_154' title='bbox 184 1069 253 1096; x_wconf 86' lang='grc' dir='ltr'><strong>ἀλλά</strong></span> <span class='ocrx_word' id='word_1_155' title='bbox 276 1071 322 1097; x_wconf 78' lang='grc' dir='ltr'><strong>καὶ</strong></span> <span class='ocrx_word' id='word_1_156' title='bbox 341 1071 463 1104; x_wconf 81' lang='grc' dir='ltr'><strong>ἐκείνους</strong></span> <span class='ocrx_word' id='word_1_157' title='bbox 486 1072 636 1107; x_wconf 85' lang='grc' dir='ltr'><strong>ἐντρέπων,</strong></span> <span class='ocrx_word' id='word_1_158' title='bbox 649 1072 689 1109; x_wconf 18' lang='grc' dir='ltr'><strong>νὼς</strong></span> <span class='ocrx_word' id='word_1_159' title='bbox 713 1072 747 1098; x_wconf 87' lang='grc' dir='ltr'><strong>ἂν</strong></span> <span class='ocrx_word' id='word_1_160' title='bbox 766 1072 791 1098; x_wconf 87' lang='grc' dir='ltr'><strong>εί</strong></span> <span class='ocrx_word' id='word_1_161' title='bbox 813 1071 923 1106; x_wconf 66' lang='grc' dir='ltr'><strong>ἔλεγεν·</strong></span> <span class='ocrx_word' id='word_1_162' title='bbox 946 1071 974 1098; x_wconf 82' lang='grc'><strong>’0</strong></span> 
     </span>
    </p>
   </div>
   <div class='ocr_carea' id='block_1_22' title="bbox 183 1116 976 1153">
    <p class='ocr_par' dir='ltr' id='par_1_22' title="bbox 183 1116 976 1153">
     <span class='ocr_line' id='line_1_22' title="bbox 183 1116 976 1153; baseline 0.003 -11"><span class='ocrx_word' id='word_1_163' title='bbox 183 1116 274 1148; x_wconf 82' lang='grc' dir='ltr'><strong>κοινὸς</strong></span> <span class='ocrx_word' id='word_1_164' title='bbox 297 1116 407 1143; x_wconf 85' lang='grc' dir='ltr'><strong>πάντων</strong></span> <span class='ocrx_word' id='word_1_165' title='bbox 427 1118 567 1153; x_wconf 78' lang='grc' dir='ltr'><strong>Δεσπότης</strong></span> <span class='ocrx_word' id='word_1_166' title='bbox 589 1117 742 1152; x_wconf 76' lang='grc' dir='ltr'><strong>καταόἦναι</strong></span> <span class='ocrx_word' id='word_1_167' title='bbox 762 1117 890 1144; x_wconf 79' lang='grc' dir='ltr'><strong>τοσοῦτον</strong></span> <span class='ocrx_word' id='word_1_168' title='bbox 910 1126 976 1144; x_wconf 81' lang='grc' dir='ltr'><strong>κατ-</strong></span> 
     </span>
    </p>
   </div>
   <div class='ocr_carea' id='block_1_23' title="bbox 183 1160 975 1198">
    <p class='ocr_par' dir='ltr' id='par_1_23' title="bbox 183 1160 975 1198">
     <span class='ocr_line' id='line_1_23' title="bbox 183 1160 975 1198; baseline 0.003 -11"><span class='ocrx_word' id='word_1_169' title='bbox 183 1160 294 1196; x_wconf 80' lang='grc' dir='ltr'><strong>ηξίωσε,</strong></span> <span class='ocrx_word' id='word_1_170' title='bbox 308 1162 354 1189; x_wconf 77' lang='grc' dir='ltr'><strong>καὶ</strong></span> <span class='ocrx_word' id='word_1_171' title='bbox 364 1162 446 1198; x_wconf 31' lang='grc' dir='ltr'><strong>’ὑμεῖς</strong></span> <span class='ocrx_word' id='word_1_172' title='bbox 460 1163 489 1188; x_wconf 85' lang='grc' dir='ltr'><strong>ἐν</strong></span> <span class='ocrx_word' id='word_1_173' title='bbox 503 1165 560 1195; x_wconf 85' lang='grc' dir='ltr'><strong>τοῖς</strong></span> <span class='ocrx_word' id='word_1_174' title='bbox 576 1164 668 1195; x_wconf 82' lang='grc' dir='ltr'><strong>αὐτοῖς</strong></span> <span class='ocrx_word' id='word_1_175' title='bbox 683 1164 756 1195; x_wconf 86' lang='grc' dir='ltr'><strong>ἐστε,</strong></span> <span class='ocrx_word' id='word_1_176' title='bbox 769 1163 816 1190; x_wconf 77' lang='grc' dir='ltr'><strong>καὶ</strong></span> <span class='ocrx_word' id='word_1_177' title='bbox 830 1163 975 1198; x_wconf 75' lang='grc' dir='ltr'><strong>ἐπιμένετε</strong></span> 
     </span>
    </p>
   </div>
   <div class='ocr_carea' id='block_1_24' title="bbox 184 1207 975 1244">
    <p class='ocr_par' dir='ltr' id='par_1_24' title="bbox 184 1207 975 1244">
     <span class='ocr_line' id='line_1_24' title="bbox 184 1207 975 1244; baseline 0.004 -12"><span class='ocrx_word' id='word_1_178' title='bbox 184 1207 406 1242; x_wconf 71' lang='grc' dir='ltr'><strong>ἀμαρτάνοντεςς</strong></span> <span class='ocrx_word' id='word_1_179' title='bbox 433 1207 482 1234; x_wconf 76' lang='grc' dir='ltr'><strong>καὶ</strong></span> <span class='ocrx_word' id='word_1_180' title='bbox 506 1208 536 1235; x_wconf 87' lang='grc' dir='ltr'><strong>οὐ</strong></span> <span class='ocrx_word' id='word_1_181' title='bbox 561 1209 688 1244; x_wconf 82' lang='grc' dir='ltr'><strong>φρίττετε</strong></span> <span class='ocrx_word' id='word_1_182' title='bbox 714 1209 762 1244; x_wconf 84' lang='grc' dir='ltr'><strong>τῆς</strong></span> <span class='ocrx_word' id='word_1_183' title='bbox 791 1208 901 1243; x_wconf 85' lang='grc' dir='ltr'><strong>ἀγάπης</strong></span> <span class='ocrx_word' id='word_1_184' title='bbox 926 1208 975 1243; x_wconf 86' lang='grc' dir='ltr'><strong>τὴν</strong></span> 
     </span>
    </p>
   </div>
   <div class='ocr_carea' id='block_1_25' title="bbox 184 1251 975 1291">
    <p class='ocr_par' dir='ltr' id='par_1_25' title="bbox 184 1251 975 1291">
     <span class='ocr_line' id='line_1_25' title="bbox 184 1251 975 1291; baseline 0.001 -13"><span class='ocrx_word' id='word_1_185' title='bbox 184 1251 347 1288; x_wconf 73' lang='grc' dir='ltr'><strong>ύπερὸολὴν,</strong></span> <span class='ocrx_word' id='word_1_186' title='bbox 360 1251 415 1279; x_wconf 91' lang='grc' dir='ltr'><strong>τῶν</strong></span> <span class='ocrx_word' id='word_1_187' title='bbox 425 1252 536 1291; x_wconf 79' lang='grc' dir='ltr'><strong>ἀγαθῶν</strong></span> <span class='ocrx_word' id='word_1_188' title='bbox 546 1253 576 1279; x_wconf 82' lang='grc' dir='ltr'><strong>τὺ</strong></span> <span class='ocrx_word' id='word_1_189' title='bbox 587 1253 734 1287; x_wconf 83' lang='grc' dir='ltr'><strong>κεφάλαιον</strong></span> <span class='ocrx_word' id='word_1_190' title='bbox 744 1261 751 1286; x_wconf 88' lang='lat'><strong>;</strong></span> <span class='ocrx_word' id='word_1_191' title='bbox 770 1253 911 1288; x_wconf 83' lang='grc' dir='ltr'><strong>Ἐννόησον</strong></span> <span class='ocrx_word' id='word_1_192' title='bbox 922 1253 975 1288; x_wconf 84' lang='grc' dir='ltr'><strong>γὰρ</strong></span> 
     </span>
    </p>
   </div>
   <div class='ocr_carea' id='block_1_26' title="bbox 184 1298 976 1334">
    <p class='ocr_par' dir='ltr' id='par_1_26' title="bbox 184 1298 976 1334">
     <span class='ocr_line' id='line_1_26' title="bbox 184 1298 976 1334; baseline 0.001 -10"><span class='ocrx_word' id='word_1_193' title='bbox 184 1298 263 1324; x_wconf 85' lang='grc' dir='ltr'><strong>τοῦτο</strong></span> <span class='ocrx_word' id='word_1_194' title='bbox 274 1298 364 1333; x_wconf 86' lang='grc' dir='ltr'><strong>μόνον,</strong></span> <span class='ocrx_word' id='word_1_195' title='bbox 384 1299 461 1333; x_wconf 76' lang='grc' dir='ltr'><strong>φησὶ,</strong></span> <span class='ocrx_word' id='word_1_196' title='bbox 474 1299 521 1325; x_wconf 74' lang='grc' dir='ltr'><strong>καὶ</strong></span> <span class='ocrx_word' id='word_1_197' title='bbox 535 1299 648 1334; x_wconf 80' lang='grc' dir='ltr'><strong>ἀρκέσει</strong></span> <span class='ocrx_word' id='word_1_198' title='bbox 664 1307 705 1325; x_wconf 93' lang='grc' dir='ltr'><strong>σοι</strong></span> <span class='ocrx_word' id='word_1_199' title='bbox 717 1299 758 1330; x_wconf 88' lang='grc' dir='ltr'><strong>είς</strong></span> <span class='ocrx_word' id='word_1_200' title='bbox 770 1299 861 1334; x_wconf 82' lang='grc' dir='ltr'><strong>πάσης</strong></span> <span class='ocrx_word' id='word_1_201' title='bbox 875 1298 976 1334; x_wconf 78' lang='grc' dir='ltr'><strong>ἀρετῆς</strong></span> 
     </span>
    </p>
   </div>
   <div class='ocr_carea' id='block_1_27' title="bbox 179 1344 974 1381">
    <p class='ocr_par' dir='ltr' id='par_1_27' title="bbox 179 1344 974 1381">
     <span class='ocr_line' id='line_1_27' title="bbox 179 1344 974 1381; baseline 0.001 -12"><span class='ocrx_word' id='word_1_202' title='bbox 179 1344 337 1379; x_wconf 71' lang='grc' dir='ltr'><strong>προκοπὴν,</strong></span> <span class='ocrx_word' id='word_1_203' title='bbox 349 1345 397 1371; x_wconf 83' lang='grc' dir='ltr'><strong>καὶ</strong></span> <span class='ocrx_word' id='word_1_204' title='bbox 416 1345 506 1371; x_wconf 78' lang='grc' dir='ltr'><strong>πᾶσαν</strong></span> <span class='ocrx_word' id='word_1_205' title='bbox 524 1344 626 1381; x_wconf 79' lang='grc' dir='ltr'><strong>δυνήσῃ</strong></span> <span class='ocrx_word' id='word_1_206' title='bbox 643 1344 810 1372; x_wconf 77' lang='grc' dir='ltr'><strong>κατασὸέσαι</strong></span> <span class='ocrx_word' id='word_1_207' title='bbox 827 1344 974 1380; x_wconf 81' lang='grc' dir='ltr'><strong>ἁμαρτίαν.</strong></span> 
     </span>
    </p>
   </div>
   <div class='ocr_carea' id='block_1_28' title="bbox 190 1388 976 1424">
    <p class='ocr_par' dir='ltr' id='par_1_28' title="bbox 190 1388 976 1424">
     <span class='ocr_line' id='line_1_28' title="bbox 190 1388 976 1424; baseline 0 -8"><span class='ocrx_word' id='word_1_208' title='bbox 190 1388 226 1416; x_wconf 81' lang='grc' dir='ltr'><em>Ἢ</em></span> <span class='ocrx_word' id='word_1_209' title='bbox 239 1388 326 1423; x_wconf 78' lang='grc' dir='ltr'><strong>χάρις</strong></span> <span class='ocrx_word' id='word_1_210' title='bbox 339 1389 393 1416; x_wconf 79' lang='grc' dir='ltr'><strong>τοῦ</strong></span> <span class='ocrx_word' id='word_1_211' title='bbox 408 1390 520 1423; x_wconf 84' lang='grc' dir='ltr'><strong>Κυρίου</strong></span> <span class='ocrx_word' id='word_1_212' title='bbox 535 1389 619 1424; x_wconf 75' lang='grc' dir='ltr'><strong>ἡμῶν</strong></span> <span class='ocrx_word' id='word_1_213' title='bbox 641 1389 738 1424; x_wconf 81' lang='grc' dir='ltr'><strong>Ἰησοῦ</strong></span> <span class='ocrx_word' id='word_1_214' title='bbox 758 1389 888 1424; x_wconf 81' lang='grc' dir='ltr'><strong>Χριστοῦ</strong></span> <span class='ocrx_word' id='word_1_215' title='bbox 910 1390 976 1424; x_wconf 75' lang='grc' dir='ltr'><strong>μεθ’</strong></span> 
     </span>
    </p>
   </div>
   <div class='ocr_carea' id='block_1_29' title="bbox 184 1435 975 1471">
    <p class='ocr_par' dir='ltr' id='par_1_29' title="bbox 184 1435 975 1471">
     <span class='ocr_line' id='line_1_29' title="bbox 184 1435 975 1471; baseline 0 -9"><span class='ocrx_word' id='word_1_216' title='bbox 184 1435 278 1470; x_wconf 72' lang='grc' dir='ltr'><strong>ὑμῶν.</strong></span> <span class='ocrx_word' id='word_1_217' title='bbox 294 1435 380 1462; x_wconf 84' lang='grc' dir='ltr'><strong>Τοῦτο</strong></span> <span class='ocrx_word' id='word_1_218' title='bbox 398 1435 571 1467; x_wconf 70' lang='grc' dir='ltr'><strong>διδασκάλου,</strong></span> <span class='ocrx_word' id='word_1_219' title='bbox 587 1435 618 1462; x_wconf 73' lang='grc' dir='ltr'><strong>τὸ</strong></span> <span class='ocrx_word' id='word_1_220' title='bbox 637 1435 675 1470; x_wconf 85' lang='grc' dir='ltr'><strong>μὴ</strong></span> <span class='ocrx_word' id='word_1_221' title='bbox 702 1435 782 1471; x_wconf 88' lang='grc' dir='ltr'><strong>μόνον</strong></span> <span class='ocrx_word' id='word_1_222' title='bbox 797 1435 975 1471; x_wconf 74' lang='grc' dir='ltr'><strong>συμϐουλαῖς,</strong></span> 
     </span>
    </p>
   </div>
   <div class='ocr_carea' id='block_1_30' title="bbox 185 1479 976 1516">
    <p class='ocr_par' dir='ltr' id='par_1_30' title="bbox 185 1479 976 1516">
     <span class='ocr_line' id='line_1_30' title="bbox 185 1479 976 1516; baseline 0.001 -10"><span class='ocrx_word' id='word_1_223' title='bbox 185 1479 254 1508; x_wconf 72' lang='grc' dir='ltr'><strong>ἀλλά</strong></span> <span class='ocrx_word' id='word_1_224' title='bbox 269 1481 320 1507; x_wconf 75' lang='grc' dir='ltr'><strong>καὶ</strong></span> <span class='ocrx_word' id='word_1_225' title='bbox 327 1481 426 1515; x_wconf 80' lang='grc' dir='ltr'><strong>εὐχαῖς</strong></span> <span class='ocrx_word' id='word_1_226' title='bbox 440 1479 559 1516; x_wconf 85' lang='grc' dir='ltr'><strong>βοηθεῖν.</strong></span> <span class='ocrx_word' id='word_1_227' title='bbox 580 1480 615 1507; x_wconf 82' lang='grc' dir='ltr'><em>Ἠ</em></span> <span class='ocrx_word' id='word_1_228' title='bbox 629 1479 730 1515; x_wconf 75' lang='grc' dir='ltr'><strong>ἀγάπη</strong></span> <span class='ocrx_word' id='word_1_229' title='bbox 742 1489 801 1514; x_wconf 84' lang='grc' dir='ltr'><strong>μου</strong></span> <span class='ocrx_word' id='word_1_230' title='bbox 815 1480 890 1515; x_wconf 78' lang='grc' dir='ltr'><strong>μετὰ</strong></span> <span class='ocrx_word' id='word_1_231' title='bbox 900 1479 976 1506; x_wconf 77' lang='grc' dir='ltr'><strong>πάν-</strong></span> 
     </span>
    </p>
   </div>
   <div class='ocr_carea' id='block_1_31' title="bbox 185 1526 976 1563">
    <p class='ocr_par' dir='ltr' id='par_1_31' title="bbox 185 1526 976 1563">
     <span class='ocr_line' id='line_1_31' title="bbox 185 1526 976 1563; baseline 0 -10"><span class='ocrx_word' id='word_1_232' title='bbox 185 1535 244 1553; x_wconf 75' lang='grc' dir='ltr'><strong>των</strong></span> <span class='ocrx_word' id='word_1_233' title='bbox 258 1526 343 1561; x_wconf 72' lang='grc' dir='ltr'><strong>ὑμῶν·</strong></span> <span class='ocrx_word' id='word_1_234' title='bbox 356 1527 392 1553; x_wconf 72' lang='grc' dir='ltr'><strong>ἐν·</strong></span> <span class='ocrx_word' id='word_1_235' title='bbox 405 1527 520 1562; x_wconf 81' lang='grc' dir='ltr'><strong>Χριστῷ</strong></span> <span class='ocrx_word' id='word_1_236' title='bbox 540 1527 652 1561; x_wconf 83' lang='grc' dir='ltr'><strong>Ἰησοῦ.</strong></span> <span class='ocrx_word' id='word_1_237' title='bbox 674 1527 774 1561; x_wconf 79' lang='grc' dir='ltr'><strong>Ἀμήν.</strong></span> <span class='ocrx_word' id='word_1_238' title='bbox 793 1527 850 1554; x_wconf 82' lang='grc' dir='ltr'><strong>ἰνα</strong></span> <span class='ocrx_word' id='word_1_239' title='bbox 865 1527 920 1563; x_wconf 87' lang='grc' dir='ltr'><strong>γὰρ</strong></span> <span class='ocrx_word' id='word_1_240' title='bbox 940 1526 976 1562; x_wconf 80' lang='grc' dir='ltr'><strong>μὴ</strong></span> 
     </span>
    </p>
   </div>
   <div class='ocr_carea' id='block_1_32' title="bbox 185 1572 975 1608">
    <p class='ocr_par' dir='ltr' id='par_1_32' title="bbox 185 1572 975 1608">
     <span class='ocr_line' id='line_1_32' title="bbox 185 1572 975 1608; baseline 0 -9"><span class='ocrx_word' id='word_1_241' title='bbox 185 1572 344 1607; x_wconf 75' lang='grc' dir='ltr'><strong>νομίσωσιν,</strong></span> <span class='ocrx_word' id='word_1_242' title='bbox 358 1573 399 1599; x_wconf 84' lang='grc' dir='ltr'><strong>ὅτι</strong></span> <span class='ocrx_word' id='word_1_243' title='bbox 414 1572 570 1599; x_wconf 76' lang='grc' dir='ltr'><strong>κολακεύων</strong></span> <span class='ocrx_word' id='word_1_244' title='bbox 581 1572 679 1604; x_wconf 78' lang='grc' dir='ltr'><strong>αὐτοὺς</strong></span> <span class='ocrx_word' id='word_1_245' title='bbox 692 1573 732 1604; x_wconf 88' lang='grc' dir='ltr'><strong>είς</strong></span> <span class='ocrx_word' id='word_1_246' title='bbox 743 1572 821 1599; x_wconf 87' lang='grc' dir='ltr'><strong>τοῦτο</strong></span> <span class='ocrx_word' id='word_1_247' title='bbox 832 1573 975 1608; x_wconf 80' lang='grc' dir='ltr'><strong>κατέληξε,</strong></span> 
     </span>
    </p>
   </div>
   <div class='ocr_carea' id='block_1_33' title="bbox 186 1616 978 1653">
    <p class='ocr_par' dir='ltr' id='par_1_33' title="bbox 186 1616 978 1653">
     <span class='ocr_line' id='line_1_33' title="bbox 186 1616 978 1653; baseline 0.001 -10"><span class='ocrx_word' id='word_1_248' title='bbox 186 1616 287 1652; x_wconf 76' lang='grc' dir='ltr'><strong>φησίν·</strong></span> <span class='ocrx_word' id='word_1_249' title='bbox 307 1617 356 1644; x_wconf 69' lang='grc' dir='ltr'><strong>Ἐν</strong></span> <span class='ocrx_word' id='word_1_250' title='bbox 368 1617 488 1652; x_wconf 70' lang='grc' dir='ltr'><strong>,Χριστῷ</strong></span> <span class='ocrx_word' id='word_1_251' title='bbox 513 1618 625 1651; x_wconf 82' lang='grc' dir='ltr'><strong>Ἰησοῦ.</strong></span> <span class='ocrx_word' id='word_1_252' title='bbox 642 1618 725 1644; x_wconf 81' lang='grc' dir='ltr'><strong>Οὐδὲν</strong></span> <span class='ocrx_word' id='word_1_253' title='bbox 739 1618 794 1653; x_wconf 91' lang='grc' dir='ltr'><strong>γάρ</strong></span> <span class='ocrx_word' id='word_1_254' title='bbox 808 1617 978 1653; x_wconf 84' lang='grc' dir='ltr'><strong>ἀνθρώπινον</strong></span> 
     </span>
    </p>
   </div>
   <div class='ocr_carea' id='block_1_34' title="bbox 187 1663 978 1699">
    <p class='ocr_par' dir='ltr' id='par_1_34' title="bbox 187 1663 978 1699">
     <span class='ocr_line' id='line_1_34' title="bbox 187 1663 978 1699; baseline 0 -9"><span class='ocrx_word' id='word_1_255' title='bbox 187 1663 244 1698; x_wconf 72' lang='grc' dir='ltr'><strong>ἔχει</strong></span> <span class='ocrx_word' id='word_1_256' title='bbox 265 1663 326 1690; x_wconf 72' lang='grc' dir='ltr'><strong>οὐδὲ</strong></span> <span class='ocrx_word' id='word_1_257' title='bbox 344 1664 487 1699; x_wconf 80' lang='grc' dir='ltr'><strong>σαρκικδν,</strong></span> <span class='ocrx_word' id='word_1_258' title='bbox 506 1664 573 1690; x_wconf 78' lang='grc' dir='ltr'><strong>ά)λά</strong></span> <span class='ocrx_word' id='word_1_259' title='bbox 593 1665 764 1699; x_wconf 87' lang='grc' dir='ltr'><strong>πνευματική</strong></span> <span class='ocrx_word' id='word_1_260' title='bbox 789 1663 832 1695; x_wconf 86' lang='grc' dir='ltr'><strong>τίς</strong></span> <span class='ocrx_word' id='word_1_261' title='bbox 851 1664 920 1690; x_wconf 81' lang='grc' dir='ltr'><strong>ἐστι·</strong></span> <span class='ocrx_word' id='word_1_262' title='bbox 938 1663 978 1690; x_wconf 84' lang='grc' dir='ltr'><strong>διδ</strong></span> 
     </span>
    </p>
   </div>
   <div class='ocr_carea' id='block_1_35' title="bbox 189 1707 976 1746">
    <p class='ocr_par' dir='ltr' id='par_1_35' title="bbox 189 1707 976 1746">
     <span class='ocr_line' id='line_1_35' title="bbox 189 1707 976 1746; baseline 0.001 -10"><span class='ocrx_word' id='word_1_263' title='bbox 189 1709 290 1746; x_wconf 83' lang='grc' dir='ltr'><strong>σφόδρα</strong></span> <span class='ocrx_word' id='word_1_264' title='bbox 303 1710 414 1745; x_wconf 85' lang='grc' dir='ltr'><strong>γνησία·</strong></span> <span class='ocrx_word' id='word_1_265' title='bbox 425 1710 473 1736; x_wconf 74' lang='grc' dir='ltr'><strong>καὶ</strong></span> <span class='ocrx_word' id='word_1_266' title='bbox 483 1710 538 1745; x_wconf 85' lang='grc' dir='ltr'><strong>γάρ</strong></span> <span class='ocrx_word' id='word_1_267' title='bbox 551 1709 655 1745; x_wconf 81' lang='grc' dir='ltr'><strong>σφόδρα</strong></span> <span class='ocrx_word' id='word_1_268' title='bbox 669 1710 786 1745; x_wconf 77' lang='grc' dir='ltr'>ἐρῶντος</span> <span class='ocrx_word' id='word_1_269' title='bbox 798 1709 829 1736; x_wconf 85' lang='grc' dir='ltr'><strong>τὺ</strong></span> <span class='ocrx_word' id='word_1_270' title='bbox 843 1710 919 1746; x_wconf 80' lang='grc' dir='ltr'><strong>ῥῆμα</strong></span> <span class='ocrx_word' id='word_1_271' title='bbox 932 1707 976 1745; x_wconf 84' lang='grc' dir='ltr'><strong>ἦν.</strong></span> 
     </span>
    </p>
   </div>
   <div class='ocr_carea' id='block_1_36' title="bbox 187 1755 978 1791">
    <p class='ocr_par' dir='ltr' id='par_1_36' title="bbox 187 1755 978 1791">
     <span class='ocr_line' id='line_1_36' title="bbox 187 1755 978 1791; baseline 0.001 -10"><span class='ocrx_word' id='word_1_272' title='bbox 187 1755 244 1782; x_wconf 76' lang='grc' dir='ltr'><strong>Καὶ</strong></span> <span class='ocrx_word' id='word_1_273' title='bbox 256 1755 311 1791; x_wconf 86' lang='grc' dir='ltr'><strong>γάρ</strong></span> <span class='ocrx_word' id='word_1_274' title='bbox 325 1755 418 1791; x_wconf 83' lang='grc' dir='ltr'><strong>ἐπειδὴ</strong></span> <span class='ocrx_word' id='word_1_275' title='bbox 432 1755 581 1790; x_wconf 81' lang='grc' dir='ltr'><strong>διειστήκει</strong></span> <span class='ocrx_word' id='word_1_276' title='bbox 595 1755 634 1791; x_wconf 81' lang='grc' dir='ltr'><strong>τῷ</strong></span> <span class='ocrx_word' id='word_1_277' title='bbox 647 1755 733 1790; x_wconf 86' lang='grc' dir='ltr'><strong>τόπῳ,</strong></span> <span class='ocrx_word' id='word_1_278' title='bbox 749 1755 876 1791; x_wconf 86' lang='grc' dir='ltr'><strong>καθάπερ</strong></span> <span class='ocrx_word' id='word_1_279' title='bbox 889 1755 978 1788; x_wconf 81' lang='grc' dir='ltr'><strong>δεξιᾶς</strong></span> 
     </span>
    </p>
   </div>
   <div class='ocr_carea' id='block_1_37' title="bbox 187 1801 979 1837">
    <p class='ocr_par' dir='ltr' id='par_1_37' title="bbox 187 1801 979 1837">
     <span class='ocr_line' id='line_1_37' title="bbox 187 1801 979 1837; baseline 0.001 -11"><span class='ocrx_word' id='word_1_280' title='bbox 187 1809 259 1832; x_wconf 85' lang='grc' dir='ltr'><strong>τινος</strong></span> <span class='ocrx_word' id='word_1_281' title='bbox 274 1801 396 1832; x_wconf 76' lang='grc' dir='ltr'><strong>ἐκτάσει,</strong></span> <span class='ocrx_word' id='word_1_282' title='bbox 414 1802 476 1833; x_wconf 78' lang='grc' dir='ltr'><strong>ταῖς</strong></span> <span class='ocrx_word' id='word_1_283' title='bbox 489 1802 540 1836; x_wconf 81' lang='grc' dir='ltr'><strong>τῆς</strong></span> <span class='ocrx_word' id='word_1_284' title='bbox 555 1801 665 1837; x_wconf 84' lang='grc' dir='ltr'><strong>ἀγάπης</strong></span> <span class='ocrx_word' id='word_1_285' title='bbox 682 1801 782 1833; x_wconf 77' lang='grc' dir='ltr'><strong>αὐτοὺς</strong></span> <span class='ocrx_word' id='word_1_286' title='bbox 803 1802 884 1837; x_wconf 75' lang='grc' dir='ltr'><strong>χερσὶ</strong></span> <span class='ocrx_word' id='word_1_287' title='bbox 899 1809 979 1837; x_wconf 85' lang='grc' dir='ltr'><strong>περι-</strong></span> 
     </span>
    </p>
   </div>
   <div class='ocr_carea' id='block_1_38' title="bbox 187 1846 976 1883">
    <p class='ocr_par' dir='ltr' id='par_1_38' title="bbox 187 1846 976 1883">
     <span class='ocr_line' id='line_1_38' title="bbox 187 1846 976 1883; baseline 0.001 -10"><span class='ocrx_word' id='word_1_288' title='bbox 187 1846 321 1880; x_wconf 72' lang='grc' dir='ltr'><strong>λαμϐάνει</strong></span> <span class='ocrx_word' id='word_1_289' title='bbox 338 1846 413 1883; x_wconf 72' lang='grc'><strong>[411]</strong></span> <span class='ocrx_word' id='word_1_290' title='bbox 431 1847 528 1882; x_wconf 85' lang='grc' dir='ltr'><strong>λέγων,</strong></span> <span class='ocrx_word' id='word_1_291' title='bbox 554 1847 586 1874; x_wconf 83' lang='grc' dir='ltr'><strong>Ἠ</strong></span> <span class='ocrx_word' id='word_1_292' title='bbox 606 1847 708 1882; x_wconf 80' lang='grc' dir='ltr'><strong>ἀγάπη</strong></span> <span class='ocrx_word' id='word_1_293' title='bbox 721 1856 781 1882; x_wconf 83' lang='grc' dir='ltr'><strong>μου</strong></span> <span class='ocrx_word' id='word_1_294' title='bbox 800 1849 866 1882; x_wconf 85' lang='grc' dir='ltr'><strong>μεθ’</strong></span> <span class='ocrx_word' id='word_1_295' title='bbox 883 1848 976 1882; x_wconf 76' lang='grc' dir='ltr'><strong>ὑμῶν,</strong></span> 
     </span>
    </p>
   </div>
   <div class='ocr_carea' id='block_1_39' title="bbox 183 1889 979 1928">
    <p class='ocr_par' dir='ltr' id='par_1_39' title="bbox 183 1889 979 1928">
     <span class='ocr_line' id='line_1_39' title="bbox 183 1889 979 1928; baseline 0.004 -10"><span class='ocrx_word' id='word_1_296' title='bbox 183 1892 225 1924; x_wconf 75' lang='grc' dir='ltr'><strong>ὡς</strong></span> <span class='ocrx_word' id='word_1_297' title='bbox 245 1892 277 1919; x_wconf 83' lang='grc' dir='ltr'><strong>ἂν</strong></span> <span class='ocrx_word' id='word_1_298' title='bbox 300 1893 324 1919; x_wconf 82' lang='grc' dir='ltr'><strong>εί</strong></span> <span class='ocrx_word' id='word_1_299' title='bbox 351 1892 437 1927; x_wconf 76' lang='grc' dir='ltr'><strong>ἔλεγε·</strong></span> <span class='ocrx_word' id='word_1_300' title='bbox 459 1892 536 1920; x_wconf 84' lang='grc' dir='ltr'><strong>Μετά</strong></span> <span class='ocrx_word' id='word_1_301' title='bbox 560 1893 669 1920; x_wconf 89' lang='grc' dir='ltr'><strong>πάντων</strong></span> <span class='ocrx_word' id='word_1_302' title='bbox 694 1894 773 1928; x_wconf 78' lang='grc' dir='ltr'><strong>ὑμῶν</strong></span> <span class='ocrx_word' id='word_1_303' title='bbox 796 1893 861 1928; x_wconf 85' lang='grc' dir='ltr'><strong>ἐγώ.</strong></span> <span class='ocrx_word' id='word_1_304' title='bbox 879 1894 918 1921; x_wconf 76' lang='grc' dir='ltr'><strong>Δι’</strong></span> <span class='ocrx_word' id='word_1_305' title='bbox 941 1889 979 1922; x_wconf 83' lang='grc' dir='ltr'><strong>ὧν</strong></span> 
     </span>
    </p>
   </div>
   <div class='ocr_carea' id='block_1_40' title="bbox 185 1937 978 1976">
    <p class='ocr_par' dir='ltr' id='par_1_40' title="bbox 185 1937 978 1976">
     <span class='ocr_line' id='line_1_40' title="bbox 185 1937 978 1976; baseline 0.004 -12"><span class='ocrx_word' id='word_1_306' title='bbox 185 1938 333 1971; x_wconf 77' lang='grc' dir='ltr'><strong>δείκνυσιν,</strong></span> <span class='ocrx_word' id='word_1_307' title='bbox 348 1939 388 1965; x_wconf 77' lang='grc' dir='ltr'><strong>ὅτι</strong></span> <span class='ocrx_word' id='word_1_308' title='bbox 404 1939 435 1965; x_wconf 82' lang='grc' dir='ltr'><strong>ού</strong></span> <span class='ocrx_word' id='word_1_309' title='bbox 449 1938 535 1974; x_wconf 83' lang='grc' dir='ltr'><strong>θυμοῦ</strong></span> <span class='ocrx_word' id='word_1_310' title='bbox 548 1939 609 1966; x_wconf 77' lang='grc' dir='ltr'><strong>οὐδὲ</strong></span> <span class='ocrx_word' id='word_1_311' title='bbox 624 1939 712 1974; x_wconf 78' lang='grc' dir='ltr'><strong>ὀργῆς</strong></span> <span class='ocrx_word' id='word_1_312' title='bbox 729 1937 763 1975; x_wconf 78' lang='grc' dir='ltr'><strong>ἡν</strong></span> <span class='ocrx_word' id='word_1_313' title='bbox 777 1939 812 1967; x_wconf 79' lang='grc' dir='ltr'><strong>τὰ</strong></span> <span class='ocrx_word' id='word_1_314' title='bbox 827 1940 978 1976; x_wconf 65' lang='grc' dir='ltr'><strong>γραφέντα,</strong></span> 
     </span>
    </p>
   </div>
   <div class='ocr_carea' id='block_1_41' title="bbox 185 1982 979 2022">
    <p class='ocr_par' dir='ltr' id='par_1_41' title="bbox 185 1982 979 2022">
     <span class='ocr_line' id='line_1_41' title="bbox 185 1982 979 2022; baseline 0.004 -12"><span class='ocrx_word' id='word_1_315' title='bbox 185 1982 256 2010; x_wconf 83' lang='grc' dir='ltr'><strong>ἀλλά</strong></span> <span class='ocrx_word' id='word_1_316' title='bbox 270 1984 443 2020; x_wconf 84' lang='grc' dir='ltr'><strong>κηδεμονίας,</strong></span> <span class='ocrx_word' id='word_1_317' title='bbox 456 1984 524 2011; x_wconf 85' lang='grc' dir='ltr'><strong>ὅπου</strong></span> <span class='ocrx_word' id='word_1_318' title='bbox 534 1993 565 2019; x_wconf 89' lang='grc' dir='ltr'><strong>γε</strong></span> <span class='ocrx_word' id='word_1_319' title='bbox 582 1986 651 2020; x_wconf 72' lang='grc' dir='ltr'><strong>μετά</strong></span> <span class='ocrx_word' id='word_1_320' title='bbox 663 1985 799 2020; x_wconf 77' lang='grc' dir='ltr'><strong>τοσαύτην</strong></span> <span class='ocrx_word' id='word_1_321' title='bbox 811 1987 979 2022; x_wconf 73' lang='grc' dir='ltr'>κατηγορίαν</span> 
     </span>
    </p>
   </div>
   <div class='ocr_carea' id='block_1_42' title="bbox 187 2029 978 2067">
    <p class='ocr_par' dir='ltr' id='par_1_42' title="bbox 187 2029 978 2067">
     <span class='ocr_line' id='line_1_42' title="bbox 187 2029 978 2067; baseline 0.004 -12"><span class='ocrx_word' id='word_1_322' title='bbox 187 2029 238 2056; x_wconf 75' lang='grc' dir='ltr'><strong>οὐκ</strong></span> <span class='ocrx_word' id='word_1_323' title='bbox 253 2029 467 2065; x_wconf 69' lang='grc' dir='ltr'><strong>ἀποστρέφεται,</strong></span> <span class='ocrx_word' id='word_1_324' title='bbox 482 2030 550 2057; x_wconf 77' lang='grc' dir='ltr'><strong>ἀλλὰ</strong></span> <span class='ocrx_word' id='word_1_325' title='bbox 568 2031 615 2058; x_wconf 72' lang='grc' dir='ltr'><strong>καὶ</strong></span> <span class='ocrx_word' id='word_1_326' title='bbox 631 2031 703 2066; x_wconf 84' lang='grc' dir='ltr'><strong>φιλεῖ</strong></span> <span class='ocrx_word' id='word_1_327' title='bbox 719 2032 766 2058; x_wconf 63' lang='grc' dir='ltr'><strong>καὶ</strong></span> <span class='ocrx_word' id='word_1_328' title='bbox 780 2031 978 2067; x_wconf 75' lang='grc' dir='ltr'><strong>περιλαμϐάνει</strong></span> 
     </span>
    </p>
   </div>
   <div class='ocr_carea' id='block_1_43' title="bbox 187 2075 979 2112">
    <p class='ocr_par' dir='ltr' id='par_1_43' title="bbox 187 2075 979 2112">
     <span class='ocr_line' id='line_1_43' title="bbox 187 2075 979 2112; baseline 0.004 -10"><span class='ocrx_word' id='word_1_329' title='bbox 187 2075 329 2112; x_wconf 69' lang='grc' dir='ltr'><strong>πόρρωθεν</strong></span> <span class='ocrx_word' id='word_1_330' title='bbox 341 2076 441 2108; x_wconf 77' lang='grc' dir='ltr'><strong>αὐτοὺς</strong></span> <span class='ocrx_word' id='word_1_331' title='bbox 454 2075 543 2108; x_wconf 69' lang='grc' dir='ltr'><strong>ὂντας,</strong></span> <span class='ocrx_word' id='word_1_332' title='bbox 559 2076 603 2104; x_wconf 84' lang='grc' dir='ltr'><strong>διὰ</strong></span> <span class='ocrx_word' id='word_1_333' title='bbox 617 2078 673 2103; x_wconf 88' lang='grc' dir='ltr'><strong>τῶν</strong></span> <span class='ocrx_word' id='word_1_334' title='bbox 689 2077 857 2104; x_wconf 74' lang='grc' dir='ltr'><strong>Ἐπιπολῶν</strong></span> <span class='ocrx_word' id='word_1_335' title='bbox 868 2078 915 2105; x_wconf 70' lang='grc' dir='ltr'><strong>καὶ</strong></span> <span class='ocrx_word' id='word_1_336' title='bbox 924 2078 979 2106; x_wconf 79' lang='grc' dir='ltr'><strong>τῶν</strong></span> 
     </span>
    </p>
   </div>
   <div class='ocr_carea' id='block_1_44' title="bbox 187 2121 979 2159">
    <p class='ocr_par' dir='ltr' id='par_1_44' title="bbox 187 2121 979 2159">
     <span class='ocr_line' id='line_1_44' title="bbox 187 2121 979 2159; baseline 0.006 -12"><span class='ocrx_word' id='word_1_337' title='bbox 187 2121 358 2157; x_wconf 77' lang='grc' dir='ltr'><strong>γραμμάτων</strong></span> <span class='ocrx_word' id='word_1_338' title='bbox 372 2122 476 2149; x_wconf 85' lang='grc' dir='ltr'><strong>τούτων</strong></span> <span class='ocrx_word' id='word_1_339' title='bbox 489 2122 580 2155; x_wconf 84' lang='grc' dir='ltr'><strong>αὐτοῖς</strong></span> <span class='ocrx_word' id='word_1_340' title='bbox 593 2123 761 2158; x_wconf 81' lang='grc' dir='ltr'><strong>περιχυθείς.</strong></span> <span class='ocrx_word' id='word_1_341' title='bbox 777 2123 855 2150; x_wconf 79' lang='grc' dir='ltr'><strong>οὕτω</strong></span> <span class='ocrx_word' id='word_1_342' title='bbox 867 2125 922 2159; x_wconf 89' lang='grc' dir='ltr'><strong>γὰρ</strong></span> <span class='ocrx_word' id='word_1_343' title='bbox 933 2125 979 2152; x_wconf 77' lang='grc' dir='ltr'><strong>τὸν</strong></span> 
     </span>
    </p>
   </div>
   <div class='ocr_carea' id='block_1_45' title="bbox 186 2166 979 2204">
    <p class='ocr_par' dir='ltr' id='par_1_45' title="bbox 186 2166 979 2204">
     <span class='ocr_line' id='line_1_45' title="bbox 186 2166 979 2204; baseline 0.005 -11"><span class='ocrx_word' id='word_1_344' title='bbox 186 2166 343 2203; x_wconf 81' lang='grc' dir='ltr'><strong>διορθοῦντα</strong></span> <span class='ocrx_word' id='word_1_345' title='bbox 366 2168 407 2194; x_wconf 87' lang='grc' dir='ltr'><strong>δεῖ</strong></span> <span class='ocrx_word' id='word_1_346' title='bbox 425 2169 522 2194; x_wconf 82' lang='grc' dir='ltr'><strong>ποιεῖν·</strong></span> <span class='ocrx_word' id='word_1_347' title='bbox 542 2168 580 2200; x_wconf 85' lang='grc' dir='ltr'><strong>ὡς</strong></span> <span class='ocrx_word' id='word_1_348' title='bbox 602 2169 616 2195; x_wconf 78' lang='grc' dir='ltr'><strong>ὅ</strong></span> <span class='ocrx_word' id='word_1_349' title='bbox 633 2177 665 2203; x_wconf 89' lang='grc' dir='ltr'><strong>γε</strong></span> <span class='ocrx_word' id='word_1_350' title='bbox 688 2168 756 2204; x_wconf 81' lang='grc' dir='ltr'><strong>ὀργῇ</strong></span> <span class='ocrx_word' id='word_1_351' title='bbox 777 2169 857 2204; x_wconf 91' lang='grc' dir='ltr'><strong>μόνον</strong></span> <span class='ocrx_word' id='word_1_352' title='bbox 875 2170 959 2197; x_wconf 84' lang='grc' dir='ltr'><strong>ποιῶν</strong></span> <span class='ocrx_word' id='word_1_353' title='bbox 971 2191 979 2204; x_wconf 89' lang='grc'><strong>,</strong></span> 
     </span>
    </p>
   </div>
   <div class='ocr_carea' id='block_1_46' title="bbox 187 2213 980 2250">
    <p class='ocr_par' dir='ltr' id='par_1_46' title="bbox 187 2213 980 2250">
     <span class='ocr_line' id='line_1_46' title="bbox 187 2213 980 2250; baseline 0.005 -11"><span class='ocrx_word' id='word_1_354' title='bbox 187 2214 286 2240; x_wconf 82' lang='grc' dir='ltr'><strong>οἰκεῖον</strong></span> <span class='ocrx_word' id='word_1_355' title='bbox 305 2213 391 2245; x_wconf 87' lang='grc' dir='ltr'><strong>πάθος</strong></span> <span class='ocrx_word' id='word_1_356' title='bbox 408 2213 524 2250; x_wconf 80' lang='grc' dir='ltr'><strong>πληροῖ·</strong></span> <span class='ocrx_word' id='word_1_357' title='bbox 547 2215 561 2241; x_wconf 84' lang='grc' dir='ltr'>ὁ</span> <span class='ocrx_word' id='word_1_358' title='bbox 580 2215 609 2241; x_wconf 86' lang='grc' dir='ltr'><strong>δὲ</strong></span> <span class='ocrx_word' id='word_1_359' title='bbox 631 2215 701 2250; x_wconf 89' lang='grc' dir='ltr'><strong>μετά</strong></span> <span class='ocrx_word' id='word_1_360' title='bbox 715 2215 746 2241; x_wconf 85' lang='grc' dir='ltr'><strong>τὸ</strong></span> <span class='ocrx_word' id='word_1_361' title='bbox 764 2215 911 2250; x_wconf 84' lang='grc' dir='ltr'><strong>διορθῶσαι</strong></span> <span class='ocrx_word' id='word_1_362' title='bbox 933 2217 980 2243; x_wconf 75' lang='grc' dir='ltr'><strong>τὸν</strong></span> 
     </span>
    </p>
   </div>
   <div class='ocr_carea' id='block_1_47' title="bbox 187 2259 978 2297">
    <p class='ocr_par' dir='ltr' id='par_1_47' title="bbox 187 2259 978 2297">
     <span class='ocr_line' id='line_1_47' title="bbox 187 2259 978 2297; baseline 0.005 -12"><span class='ocrx_word' id='word_1_363' title='bbox 187 2259 400 2295; x_wconf 77' lang='grc' dir='ltr'><strong>ἁμαρτάνοντα,</strong></span> <span class='ocrx_word' id='word_1_364' title='bbox 416 2260 464 2287; x_wconf 82' lang='grc' dir='ltr'><strong>καὶ</strong></span> <span class='ocrx_word' id='word_1_365' title='bbox 484 2260 518 2287; x_wconf 85' lang='grc' dir='ltr'><strong>τά</strong></span> <span class='ocrx_word' id='word_1_366' title='bbox 532 2261 582 2296; x_wconf 80' lang='grc' dir='ltr'><strong>τῆς</strong></span> <span class='ocrx_word' id='word_1_367' title='bbox 606 2261 717 2297; x_wconf 82' lang='grc' dir='ltr'><strong>ἀγάπης</strong></span> <span class='ocrx_word' id='word_1_368' title='bbox 739 2261 978 2297; x_wconf 88' lang='grc' dir='ltr'><strong>ἐπιδεικνύμενος,</strong></span> 
     </span>
    </p>
   </div>
   <div class='ocr_carea' id='block_1_48' title="bbox 184 2305 981 2344">
    <p class='ocr_par' dir='ltr' id='par_1_48' title="bbox 184 2305 981 2344">
     <span class='ocr_line' id='line_1_48' title="bbox 184 2305 981 2344; baseline 0.006 -13"><span class='ocrx_word' id='word_1_369' title='bbox 184 2305 321 2332; x_wconf 81' lang='grc' dir='ltr'><strong>δείκνυσιν</strong></span> <span class='ocrx_word' id='word_1_370' title='bbox 335 2306 376 2332; x_wconf 81' lang='grc' dir='ltr'><strong>ὅτι</strong></span> <span class='ocrx_word' id='word_1_371' title='bbox 388 2307 504 2334; x_wconf 81' lang='grc' dir='ltr'>κάκεῖνα</span> <span class='ocrx_word' id='word_1_372' title='bbox 517 2306 710 2342; x_wconf 84' lang='grc' dir='ltr'><strong>φιλοστοργίας</strong></span> <span class='ocrx_word' id='word_1_373' title='bbox 723 2305 768 2343; x_wconf 83' lang='grc' dir='ltr'><strong>ἦν,</strong></span> <span class='ocrx_word' id='word_1_374' title='bbox 782 2308 833 2336; x_wconf 82' lang='grc' dir='ltr'><strong>ὅσα</strong></span> <span class='ocrx_word' id='word_1_375' title='bbox 848 2309 981 2344; x_wconf 84' lang='grc' dir='ltr'><strong>ἐπιπλήτ-</strong></span> 
     </span>
    </p>
   </div>
   <div class='ocr_carea' id='block_1_49' title="bbox 185 2351 978 2390">
    <p class='ocr_par' dir='ltr' id='par_1_49' title="bbox 185 2351 978 2390">
     <span class='ocr_line' id='line_1_49' title="bbox 185 2351 978 2390; baseline 0.005 -12"><span class='ocrx_word' id='word_1_376' title='bbox 185 2360 241 2378; x_wconf 84' lang='grc' dir='ltr'><strong>των</strong></span> <span class='ocrx_word' id='word_1_377' title='bbox 251 2352 355 2386; x_wconf 69' lang='grc' dir='ltr'><strong>ἔλεγεν.</strong></span> <span class='ocrx_word' id='word_1_378' title='bbox 367 2351 446 2380; x_wconf 80' lang='grc' dir='ltr'><strong>Οὕτω</strong></span> <span class='ocrx_word' id='word_1_379' title='bbox 457 2353 489 2388; x_wconf 84' lang='grc' dir='ltr'><strong>δὴ</strong></span> <span class='ocrx_word' id='word_1_380' title='bbox 500 2354 548 2380; x_wconf 74' lang='grc' dir='ltr'><strong>καὶ</strong></span> <span class='ocrx_word' id='word_1_381' title='bbox 557 2354 641 2389; x_wconf 82' lang='grc' dir='ltr'><strong>ἡμεῖς</strong></span> <span class='ocrx_word' id='word_1_382' title='bbox 650 2354 783 2389; x_wconf 85' lang='grc' dir='ltr'><strong>ἀλλήλους</strong></span> <span class='ocrx_word' id='word_1_383' title='bbox 798 2354 978 2390; x_wconf 83' lang='grc' dir='ltr'><strong>παιδεύωμεν,</strong></span> 
     </span>
    </p>
   </div>
   <div class='ocr_carea' id='block_1_50' title="bbox 188 2398 980 2436">
    <p class='ocr_par' dir='ltr' id='par_1_50' title="bbox 188 2398 980 2436">
     <span class='ocr_line' id='line_1_50' title="bbox 188 2398 980 2436; baseline 0.004 -12"><span class='ocrx_word' id='word_1_384' title='bbox 188 2398 236 2424; x_wconf 81' lang='grc' dir='ltr'><strong>καὶ</strong></span> <span class='ocrx_word' id='word_1_385' title='bbox 254 2398 323 2433; x_wconf 82' lang='grc' dir='ltr'><strong>μήτε</strong></span> <span class='ocrx_word' id='word_1_386' title='bbox 338 2399 353 2424; x_wconf 82' lang='grc' dir='ltr'><strong>ό</strong></span> <span class='ocrx_word' id='word_1_387' title='bbox 372 2398 491 2434; x_wconf 75' lang='grc' dir='ltr'><strong>ἐλέγχων</strong></span> <span class='ocrx_word' id='word_1_388' title='bbox 507 2399 676 2434; x_wconf 76' lang='grc' dir='ltr'><strong>όργιςέσθω·</strong></span> <span class='ocrx_word' id='word_1_389' title='bbox 692 2399 722 2426; x_wconf 84' lang='grc' dir='ltr'><strong>οὐ</strong></span> <span class='ocrx_word' id='word_1_390' title='bbox 740 2399 795 2436; x_wconf 75' lang='grc' dir='ltr'><strong>γὰρ</strong></span> <span class='ocrx_word' id='word_1_391' title='bbox 809 2400 980 2434; x_wconf 81' lang='grc' dir='ltr'><strong>διορθώσεως</strong></span> 
     </span>
    </p>
   </div>
   <div class='ocr_carea' id='block_1_51' title="bbox 187 2443 978 2482">
    <p class='ocr_par' dir='ltr' id='par_1_51' title="bbox 187 2443 978 2482">
     <span class='ocr_line' id='line_1_51' title="bbox 187 2443 978 2482; baseline 0.003 -12"><span class='ocrx_word' id='word_1_392' title='bbox 187 2443 278 2476; x_wconf 81' lang='grc' dir='ltr'><strong>τοῦτο,</strong></span> <span class='ocrx_word' id='word_1_393' title='bbox 292 2443 360 2471; x_wconf 72' lang='grc' dir='ltr'><strong>ἀλλὰ</strong></span> <span class='ocrx_word' id='word_1_394' title='bbox 377 2443 494 2476; x_wconf 82' lang='grc' dir='ltr'><strong>πάθους·</strong></span> <span class='ocrx_word' id='word_1_395' title='bbox 518 2446 587 2481; x_wconf 82' lang='grc' dir='ltr'><strong>μήτε</strong></span> <span class='ocrx_word' id='word_1_396' title='bbox 601 2446 615 2472; x_wconf 78' lang='grc' dir='ltr'><strong>δ</strong></span> <span class='ocrx_word' id='word_1_397' title='bbox 631 2445 811 2481; x_wconf 82' lang='grc' dir='ltr'><strong>ἐλεγχόμενος</strong></span> <span class='ocrx_word' id='word_1_398' title='bbox 835 2446 978 2482; x_wconf 88' lang='grc' dir='ltr'><strong>δυσχεραι-</strong></span> 
     </span>
    </p>
   </div>
   <div class='ocr_carea' id='block_1_52' title="bbox 187 2488 980 2528">
    <p class='ocr_par' dir='ltr' id='par_1_52' title="bbox 187 2488 980 2528">
     <span class='ocr_line' id='line_1_52' title="bbox 187 2488 980 2528; baseline 0.006 -13"><span class='ocrx_word' id='word_1_399' title='bbox 187 2488 267 2515; x_wconf 85' lang='grc' dir='ltr'><strong>νέτω·</strong></span> <span class='ocrx_word' id='word_1_400' title='bbox 285 2489 389 2524; x_wconf 89' lang='grc' dir='ltr'><strong>ίατρεία</strong></span> <span class='ocrx_word' id='word_1_401' title='bbox 404 2489 459 2525; x_wconf 87' lang='grc' dir='ltr'><strong>γὰρ</strong></span> <span class='ocrx_word' id='word_1_402' title='bbox 470 2490 500 2517; x_wconf 78' lang='grc' dir='ltr'><strong>τὸ</strong></span> <span class='ocrx_word' id='word_1_403' title='bbox 519 2491 673 2527; x_wconf 85' lang='grc' dir='ltr'><strong>γινόμενον,</strong></span> <span class='ocrx_word' id='word_1_404' title='bbox 685 2493 735 2519; x_wconf 87' lang='grc' dir='ltr'><strong>οὐκ</strong></span> <span class='ocrx_word' id='word_1_405' title='bbox 749 2492 892 2528; x_wconf 78' lang='grc' dir='ltr'><strong>ἀπέχθεια.</strong></span> <span class='ocrx_word' id='word_1_406' title='bbox 908 2494 939 2520; x_wconf 84' lang='grc' dir='ltr'><strong>Εί</strong></span> <span class='ocrx_word' id='word_1_407' title='bbox 951 2493 980 2519; x_wconf 77' lang='grc' dir='ltr'><strong>δὲ</strong></span> 
     </span>
    </p>
   </div>
   <div class='ocr_carea' id='block_1_53' title="bbox 190 2534 980 2572">
    <p class='ocr_par' dir='ltr' id='par_1_53' title="bbox 190 2534 980 2572">
     <span class='ocr_line' id='line_1_53' title="bbox 190 2534 980 2572; baseline 0.006 -12"><span class='ocrx_word' id='word_1_408' title='bbox 190 2534 291 2569; x_wconf 74' lang='grc' dir='ltr'><strong>ἰατρῶν</strong></span> <span class='ocrx_word' id='word_1_409' title='bbox 303 2535 398 2568; x_wconf 83' lang='grc' dir='ltr'><strong>παῖδες</strong></span> <span class='ocrx_word' id='word_1_410' title='bbox 410 2535 518 2563; x_wconf 81' lang='grc' dir='ltr'><strong>καίουσι</strong></span> <span class='ocrx_word' id='word_1_411' title='bbox 526 2537 574 2564; x_wconf 70' lang='grc' dir='ltr'>καὶ</span> <span class='ocrx_word' id='word_1_412' title='bbox 583 2537 635 2564; x_wconf 85' lang='grc' dir='ltr'><strong>οὐκ</strong></span> <span class='ocrx_word' id='word_1_413' title='bbox 648 2538 840 2572; x_wconf 81' lang='grc' dir='ltr'><strong>ἐγκαλοῦνται,</strong></span> <span class='ocrx_word' id='word_1_414' title='bbox 850 2538 980 2570; x_wconf 82' lang='grc' dir='ltr'><strong>πολλάκις</strong></span> 
     </span>
    </p>
   </div>
   <div class='ocr_carea' id='block_1_54' title="bbox 188 2580 980 2619">
    <p class='ocr_par' dir='ltr' id='par_1_54' title="bbox 188 2580 980 2619">
     <span class='ocr_line' id='line_1_54' title="bbox 188 2580 980 2619; baseline 0.008 -13"><span class='ocrx_word' id='word_1_415' title='bbox 188 2580 237 2607; x_wconf 80' lang='grc' dir='ltr'><strong>καὶ</strong></span> <span class='ocrx_word' id='word_1_416' title='bbox 252 2581 483 2617; x_wconf 84' lang='grc' dir='ltr'><strong>διαμαρτάνοντες</strong></span> <span class='ocrx_word' id='word_1_417' title='bbox 497 2582 544 2609; x_wconf 85' lang='grc' dir='ltr'><strong>τοῦ</strong></span> <span class='ocrx_word' id='word_1_418' title='bbox 559 2584 664 2616; x_wconf 82' lang='grc' dir='ltr'><strong>τέλους,</strong></span> <span class='ocrx_word' id='word_1_419' title='bbox 681 2584 749 2612; x_wconf 89' lang='grc' dir='ltr'><strong>ἀλλά</strong></span> <span class='ocrx_word' id='word_1_420' title='bbox 769 2585 817 2612; x_wconf 76' lang='grc' dir='ltr'><strong>καὶ</strong></span> <span class='ocrx_word' id='word_1_421' title='bbox 833 2584 980 2619; x_wconf 84' lang='grc' dir='ltr'><strong>ἀλγοῦντες</strong></span> 
     </span>
    </p>
   </div>
   <div class='ocr_carea' id='block_1_55' title="bbox 186 2627 979 2666">
    <p class='ocr_par' dir='ltr' id='par_1_55' title="bbox 186 2627 979 2666">
     <span class='ocr_line' id='line_1_55' title="bbox 186 2627 979 2666; baseline 0.006 -14"><span class='ocrx_word' id='word_1_422' title='bbox 186 2627 217 2652; x_wconf 72' lang='grc' dir='ltr'><strong>οἱ·</strong></span> <span class='ocrx_word' id='word_1_423' title='bbox 237 2628 376 2663; x_wconf 80' lang='grc' dir='ltr'><strong>καιόμενοι</strong></span> <span class='ocrx_word' id='word_1_424' title='bbox 391 2629 438 2655; x_wconf 81' lang='grc' dir='ltr'><strong>καὶ</strong></span> <span class='ocrx_word' id='word_1_425' title='bbox 449 2629 623 2665; x_wconf 83' lang='grc' dir='ltr'><strong>τεμνόμενοι,</strong></span> <span class='ocrx_word' id='word_1_426' title='bbox 646 2631 794 2665; x_wconf 77' lang='grc' dir='ltr'><strong>εὐεργέτας</strong></span> <span class='ocrx_word' id='word_1_427' title='bbox 810 2628 880 2658; x_wconf 79' lang='grc' dir='ltr'><strong>εἶναι</strong></span> <span class='ocrx_word' id='word_1_428' title='bbox 902 2631 979 2666; x_wconf 90' lang='grc' dir='ltr'><strong>νομί-</strong></span> 
     </span>
    </p>
   </div>
   <div class='ocr_carea' id='block_1_56' title="bbox 187 2671 980 2711">
    <p class='ocr_par' dir='ltr' id='par_1_56' title="bbox 187 2671 980 2711">
     <span class='ocr_line' id='line_1_56' title="bbox 187 2671 980 2711; baseline 0.005 -13"><span class='ocrx_word' id='word_1_429' title='bbox 187 2671 265 2704; x_wconf 73' lang='grc' dir='ltr'><strong>ζοντι</strong></span> <span class='ocrx_word' id='word_1_430' title='bbox 280 2674 343 2705; x_wconf 83' lang='grc' dir='ltr'><strong>τοὺς</strong></span> <span class='ocrx_word' id='word_1_431' title='bbox 355 2673 405 2709; x_wconf 81' lang='grc' dir='ltr'><strong>τὴν</strong></span> <span class='ocrx_word' id='word_1_432' title='bbox 418 2674 555 2710; x_wconf 80' lang='grc' dir='ltr'><strong>ἀλγηδόνα</strong></span> <span class='ocrx_word' id='word_1_433' title='bbox 565 2675 668 2710; x_wconf 84' lang='grc' dir='ltr'><strong>ταύτην</strong></span> <span class='ocrx_word' id='word_1_434' title='bbox 682 2675 876 2711; x_wconf 87' lang='grc' dir='ltr'><strong>διεγείροντας·</strong></span> <span class='ocrx_word' id='word_1_435' title='bbox 890 2675 980 2711; x_wconf 85' lang='grc' dir='ltr'><strong>πολλῷ</strong></span> 
     </span>
    </p>
   </div>
   <div class='ocr_carea' id='block_1_57' title="bbox 190 2716 978 2757">
    <p class='ocr_par' dir='ltr' id='par_1_57' title="bbox 190 2716 978 2757">
     <span class='ocr_line' id='line_1_57' title="bbox 190 2716 978 2757; baseline 0.004 -12"><span class='ocrx_word' id='word_1_436' title='bbox 190 2716 291 2752; x_wconf 67' lang='grc' dir='ltr'><strong>μᾶλλον</strong></span> <span class='ocrx_word' id='word_1_437' title='bbox 304 2717 512 2756; x_wconf 69' lang='grc' dir='ltr'><strong>τδν²δεχόμενον</strong></span> <span class='ocrx_word' id='word_1_438' title='bbox 527 2720 638 2755; x_wconf 74' lang='grc' dir='ltr'><strong>ἔλεγχον</strong></span> <span class='ocrx_word' id='word_1_439' title='bbox 656 2720 728 2746; x_wconf 78' lang='grc' dir='ltr'><strong>οὕτω</strong></span> <span class='ocrx_word' id='word_1_440' title='bbox 742 2721 894 2748; x_wconf 88' lang='grc' dir='ltr'><strong>διακεῖσθαι</strong></span> <span class='ocrx_word' id='word_1_441' title='bbox 909 2721 978 2757; x_wconf 81' lang='grc' dir='ltr'><strong>χρὴ,</strong></span> 
     </span>
    </p>
   </div>
   <div class='ocr_carea' id='block_1_58' title="bbox 187 2762 979 2802">
    <p class='ocr_par' dir='ltr' id='par_1_58' title="bbox 187 2762 979 2802">
     <span class='ocr_line' id='line_1_58' title="bbox 187 2762 979 2802; baseline 0.004 -12"><span class='ocrx_word' id='word_1_442' title='bbox 187 2762 289 2796; x_wconf 66' lang='grc' dir='ltr'><strong>καὶιὼς</strong></span> <span class='ocrx_word' id='word_1_443' title='bbox 301 2763 387 2800; x_wconf 82' lang='grc' dir='ltr'><strong>ιατρῷ</strong></span> <span class='ocrx_word' id='word_1_444' title='bbox 401 2766 548 2801; x_wconf 81' lang='grc' dir='ltr'><strong>προσέχειν</strong></span> <span class='ocrx_word' id='word_1_445' title='bbox 567 2766 605 2801; x_wconf 79' lang='grc' dir='ltr'><strong>τῷ</strong></span> <span class='ocrx_word' id='word_1_446' title='bbox 618 2765 780 2801; x_wconf 84' lang='grc' dir='ltr'><strong>διορθοῦντι,</strong></span> <span class='ocrx_word' id='word_1_447' title='bbox 798 2766 855 2793; x_wconf 77' lang='grc' dir='ltr'><strong>ἀλλ’</strong></span> <span class='ocrx_word' id='word_1_448' title='bbox 877 2767 926 2802; x_wconf 85' lang='grc' dir='ltr'><strong>οὐχ</strong></span> <span class='ocrx_word' id='word_1_449' title='bbox 942 2767 979 2799; x_wconf 87' lang='grc' dir='ltr'><strong>ὼς</strong></span> 
     </span>
    </p>
   </div>
   <div class='ocr_carea' id='block_1_59' title="bbox 189 2808 980 2849">
    <p class='ocr_par' dir='ltr' id='par_1_59' title="bbox 189 2808 980 2849">
     <span class='ocr_line' id='line_1_59' title="bbox 189 2808 980 2849; baseline 0.004 -12"><span class='ocrx_word' id='word_1_450' title='bbox 189 2808 288 2846; x_wconf 62' lang='grc' dir='ltr'><strong>ἰχθρῷι</strong></span> <span class='ocrx_word' id='word_1_451' title='bbox 303 2810 358 2838; x_wconf 79' lang='grc' dir='ltr'><strong>Καὶ</strong></span> <span class='ocrx_word' id='word_1_452' title='bbox 373 2811 454 2846; x_wconf 83' lang='grc' dir='ltr'><strong>ἡμεῖς</strong></span> <span class='ocrx_word' id='word_1_453' title='bbox 467 2811 494 2838; x_wconf 81' lang='grc' dir='ltr'><strong>δὲ</strong></span> <span class='ocrx_word' id='word_1_454' title='bbox 507 2812 532 2838; x_wconf 86' lang='grc' dir='ltr'><strong>οί</strong></span> <span class='ocrx_word' id='word_1_455' title='bbox 546 2812 726 2847; x_wconf 74' lang='grc' dir='ltr'><strong>ἐπιτιμῶντες</strong></span> <span class='ocrx_word' id='word_1_456' title='bbox 741 2812 897 2849; x_wconf 85' lang='grc' dir='ltr'><strong>προσίωμεν</strong></span> <span class='ocrx_word' id='word_1_457' title='bbox 910 2813 980 2848; x_wconf 85' lang='grc' dir='ltr'><strong>μετὰ</strong></span> 
     </span>
    </p>
   </div>
   <div class='ocr_carea' id='block_1_60' title="bbox 191 2851 978 2893">
    <p class='ocr_par' dir='ltr' id='par_1_60' title="bbox 191 2851 978 2893">
     <span class='ocr_line' id='line_1_60' title="bbox 191 2851 978 2893; baseline 0.006 -14"><span class='ocrx_word' id='word_1_458' title='bbox 191 2851 291 2889; x_wconf 76' lang='grc' dir='ltr'><strong>πολλῆς</strong></span> <span class='ocrx_word' id='word_1_459' title='bbox 303 2854 356 2888; x_wconf 80' lang='grc' dir='ltr'><strong>τῆς</strong></span> <span class='ocrx_word' id='word_1_460' title='bbox 371 2855 540 2891; x_wconf 81' lang='grc' dir='ltr'><strong>ἡμερότητος</strong></span> <span class='ocrx_word' id='word_1_461' title='bbox 550 2876 557 2888; x_wconf 91' lang='grc'><strong>,</strong></span> <span class='ocrx_word' id='word_1_462' title='bbox 573 2856 642 2892; x_wconf 76' lang='grc' dir='ltr'><strong>μετὰ</strong></span> <span class='ocrx_word' id='word_1_463' title='bbox 658 2857 757 2893; x_wconf 85' lang='grc' dir='ltr'><strong>πολλῆς</strong></span> <span class='ocrx_word' id='word_1_464' title='bbox 769 2858 818 2893; x_wconf 80' lang='grc' dir='ltr'><strong>τῆς</strong></span> <span class='ocrx_word' id='word_1_465' title='bbox 834 2857 978 2892; x_wconf 78' lang='grc' dir='ltr'><strong>συνέσεως,</strong></span> 
     </span>
    </p>
   </div>
   <div class='ocr_carea' id='block_1_61' title="bbox 524 136 976 168">
    <p class='ocr_par' dir='ltr' id='par_1_61' title="bbox 524 137 974 168">
     <span class='ocr_line' id='line_1_61' title="bbox 524 137 974 168; baseline -0.004 -1"><span class='ocrx_word' id='word_1_466' title='bbox 524 138 553 167; x_wconf 86' lang='lat' dir='ltr'><strong>S.</strong></span> <span class='ocrx_word' id='word_1_467' title='bbox 574 138 716 168; x_wconf 68' lang='lat' dir='ltr'><strong>JOANNIS</strong></span> <span class='ocrx_word' id='word_1_468' title='bbox 732 137 974 167; x_wconf 71' lang='lat' dir='ltr'><strong>Cﬂ‘RYSOSTOMI</strong></span> 
     </span>
    </p>
   </div>
   <div class='ocr_carea' id='block_1_62' title="bbox 1030 136 1449 168">
    <p class='ocr_par' dir='ltr' id='par_1_62' title="bbox 1030 136 1449 166">
     <span class='ocr_line' id='line_1_62' title="bbox 1030 136 1449 166; baseline 0.002 -1"><span class='ocrx_word' id='word_1_469' title='bbox 1030 137 1154 166; x_wconf 77' lang='lat' dir='ltr'><strong>lCHlEP.</strong></span> <span class='ocrx_word' id='word_1_470' title='bbox 1172 136 1449 166; x_wconf 80' lang='lat' dir='ltr'><strong>CONSTANTINOP.</strong></span> 
     </span>
    </p>
   </div>
   <div class='ocr_carea' id='block_1_63' title="bbox 1765 136 1818 164">
    <p class='ocr_par' dir='ltr' id='par_1_63' title="bbox 1765 136 1818 164">
     <span class='ocr_line' id='line_1_63' title="bbox 1765 136 1818 164; baseline -0.038 0"><span class='ocrx_word' id='word_1_471' title='bbox 1765 136 1818 164; x_wconf 74' lang='lat'><strong>378</strong></span> 
     </span>
    </p>
   </div>
   <div class='ocr_carea' id='block_1_64' title="bbox 1028 190 1818 232">
    <p class='ocr_par' dir='ltr' id='par_1_64' title="bbox 1028 190 1818 232">
     <span class='ocr_line' id='line_1_64' title="bbox 1028 190 1818 232; baseline -0.005 -10"><span class='ocrx_word' id='word_1_472' title='bbox 1028 195 1081 222; x_wconf 79' lang='grc' dir='ltr'><strong>κᾶν</strong></span> <span class='ocrx_word' id='word_1_473' title='bbox 1094 190 1151 232; x_wconf 66' lang='grc' dir='ltr'><strong>ῖδῂς</strong></span> <span class='ocrx_word' id='word_1_474' title='bbox 1167 194 1213 221; x_wconf 66' lang='grc' dir='ltr'><strong>τὴν</strong></span> <span class='ocrx_word' id='word_1_475' title='bbox 1229 194 1347 230; x_wconf 75' lang='grc' dir='ltr'><strong>ἀδελφὸν</strong></span> <span class='ocrx_word' id='word_1_476' title='bbox 1364 191 1579 230; x_wconf 74' lang='grc' dir='ltr'><strong>πλημμελοῦντα</strong></span> <span class='ocrx_word' id='word_1_477' title='bbox 1591 212 1598 224; x_wconf 95' lang='grc'><strong>,</strong></span> <span class='ocrx_word' id='word_1_478' title='bbox 1618 191 1656 224; x_wconf 78' lang='grc' dir='ltr'><strong>ὡς</strong></span> <span class='ocrx_word' id='word_1_479' title='bbox 1673 192 1686 219; x_wconf 86' lang='grc' dir='ltr'><strong><em>ὸ</em></strong></span> <span class='ocrx_word' id='word_1_480' title='bbox 1701 192 1818 228; x_wconf 70' lang='grc' dir='ltr'><strong>Χριστος</strong></span> 
     </span>
    </p>
   </div>
   <div class='ocr_carea' id='block_1_65' title="bbox 1028 237 1818 276">
    <p class='ocr_par' dir='ltr' id='par_1_65' title="bbox 1028 237 1818 276">
     <span class='ocr_line' id='line_1_65' title="bbox 1028 237 1818 276; baseline -0.004 -9"><span class='ocrx_word' id='word_1_481' title='bbox 1028 241 1172 273; x_wconf 82' lang='grc' dir='ltr'><strong>ἐκέλευσε,</strong></span> <span class='ocrx_word' id='word_1_482' title='bbox 1193 239 1231 276; x_wconf 86' lang='grc' dir='ltr'><strong>μὴ</strong></span> <span class='ocrx_word' id='word_1_483' title='bbox 1247 240 1393 275; x_wconf 86' lang='grc' dir='ltr'><strong>δημοσίευε</strong></span> <span class='ocrx_word' id='word_1_484' title='bbox 1415 238 1461 265; x_wconf 81' lang='grc' dir='ltr'><strong>τὸν</strong></span> <span class='ocrx_word' id='word_1_485' title='bbox 1483 238 1607 273; x_wconf 76' lang='grc' dir='ltr'><strong>ἔλεγχον,</strong></span> <span class='ocrx_word' id='word_1_486' title='bbox 1629 237 1697 265; x_wconf 74' lang='grc' dir='ltr'><strong>ἀλλὰ</strong></span> <span class='ocrx_word' id='word_1_487' title='bbox 1716 238 1818 273; x_wconf 76' lang='grc' dir='ltr'><strong>μεταξὺ</strong></span> 
     </span>
    </p>
   </div>
   <div class='ocr_carea' id='block_1_66' title="bbox 1030 283 1820 320">
    <p class='ocr_par' dir='ltr' id='par_1_66' title="bbox 1030 283 1820 320">
     <span class='ocr_line' id='line_1_66' title="bbox 1030 283 1820 320; baseline -0.004 -7"><span class='ocrx_word' id='word_1_488' title='bbox 1030 286 1078 313; x_wconf 85' lang='grc' dir='ltr'><strong>σοῦ</strong></span> <span class='ocrx_word' id='word_1_489' title='bbox 1089 286 1137 312; x_wconf 78' lang='grc' dir='ltr'><strong>καὶ</strong></span> <span class='ocrx_word' id='word_1_490' title='bbox 1153 285 1236 312; x_wconf 74' lang='grc' dir='ltr'><strong>αὑτοῦ</strong></span> <span class='ocrx_word' id='word_1_491' title='bbox 1250 285 1343 320; x_wconf 80' lang='grc' dir='ltr'><strong>μόνου,</strong></span> <span class='ocrx_word' id='word_1_492' title='bbox 1358 284 1408 310; x_wconf 81' lang='grc' dir='ltr'><strong>οὐκ</strong></span> <span class='ocrx_word' id='word_1_493' title='bbox 1420 283 1558 315; x_wconf 71' lang='grc' dir='ltr'><strong>ὀνειδίζων</strong></span> <span class='ocrx_word' id='word_1_494' title='bbox 1571 283 1632 310; x_wconf 82' lang='grc' dir='ltr'><strong>οὐδὲ</strong></span> <span class='ocrx_word' id='word_1_495' title='bbox 1644 283 1820 318; x_wconf 73' lang='grc' dir='ltr'><strong>ἐπεμσαίνων</strong></span> 
     </span>
    </p>
   </div>
   <div class='ocr_carea' id='block_1_67' title="bbox 1029 329 1821 367">
    <p class='ocr_par' dir='ltr' id='par_1_67' title="bbox 1029 329 1821 367">
     <span class='ocr_line' id='line_1_67' title="bbox 1029 329 1821 367; baseline -0.003 -9"><span class='ocrx_word' id='word_1_496' title='bbox 1029 331 1157 367; x_wconf 83' lang='grc' dir='ltr'><strong>κειμένῳ,</strong></span> <span class='ocrx_word' id='word_1_497' title='bbox 1174 331 1242 358; x_wconf 89' lang='grc' dir='ltr'><strong>ἀλλά</strong></span> <span class='ocrx_word' id='word_1_498' title='bbox 1256 331 1304 357; x_wconf 88' lang='grc' dir='ltr'><strong>κα¹ι</strong></span> <span class='ocrx_word' id='word_1_499' title='bbox 1314 330 1406 364; x_wconf 86' lang='grc' dir='ltr'><strong>ἀλγῶν</strong></span> <span class='ocrx_word' id='word_1_500' title='bbox 1420 329 1468 356; x_wconf 74' lang='grc' dir='ltr'><strong>καὶ</strong></span> <span class='ocrx_word' id='word_1_501' title='bbox 1477 329 1638 365; x_wconf 86' lang='grc' dir='ltr'><strong>τηκόμενος·</strong></span> <span class='ocrx_word' id='word_1_502' title='bbox 1653 330 1699 356; x_wconf 79' lang='grc' dir='ltr'><strong>καὶ</strong></span> <span class='ocrx_word' id='word_1_503' title='bbox 1711 329 1821 364; x_wconf 81' lang='grc' dir='ltr'><strong>ἐτοιμον</strong></span> 
     </span>
    </p>
   </div>
   <div class='ocr_carea' id='block_1_68' title="bbox 1029 375 1821 414">
    <p class='ocr_par' dir='ltr' id='par_1_68' title="bbox 1029 375 1821 414">
     <span class='ocr_line' id='line_1_68' title="bbox 1029 375 1821 414; baseline -0.003 -10"><span class='ocrx_word' id='word_1_504' title='bbox 1029 377 1128 404; x_wconf 80' lang='grc' dir='ltr'><strong>σαυτὸν</strong></span> <span class='ocrx_word' id='word_1_505' title='bbox 1143 377 1246 414; x_wconf 88' lang='grc' dir='ltr'><strong>πάρεχε</strong></span> <span class='ocrx_word' id='word_1_506' title='bbox 1265 377 1313 404; x_wconf 79' lang='grc' dir='ltr'><strong>καὶ</strong></span> <span class='ocrx_word' id='word_1_507' title='bbox 1331 376 1399 412; x_wconf 80' lang='grc' dir='ltr'><strong>πρὸς</strong></span> <span class='ocrx_word' id='word_1_508' title='bbox 1415 377 1446 404; x_wconf 86' lang='grc' dir='ltr'><strong>τδ</strong></span> <span class='ocrx_word' id='word_1_509' title='bbox 1467 376 1642 411; x_wconf 77' lang='grc' dir='ltr'><strong>ἐλέγχεσθαι,</strong></span> <span class='ocrx_word' id='word_1_510' title='bbox 1664 375 1692 402; x_wconf 84' lang='grc' dir='ltr'><strong>εῐ</strong></span> <span class='ocrx_word' id='word_1_511' title='bbox 1711 384 1738 402; x_wconf 93' lang='grc' dir='ltr'><strong>τι</strong></span> <span class='ocrx_word' id='word_1_512' title='bbox 1759 375 1821 402; x_wconf 84' lang='grc' dir='ltr'><strong>δια-</strong></span> 
     </span>
    </p>
   </div>
   <div class='ocr_carea' id='block_1_69' title="bbox 1031 421 1820 459">
    <p class='ocr_par' dir='ltr' id='par_1_69' title="bbox 1031 421 1820 459">
     <span class='ocr_line' id='line_1_69' title="bbox 1031 421 1820 459; baseline -0.003 -9"><span class='ocrx_word' id='word_1_513' title='bbox 1031 424 1189 459; x_wconf 87' lang='grc' dir='ltr'><strong>μαρτάνοις.</strong></span> <span class='ocrx_word' id='word_1_514' title='bbox 1207 423 1267 450; x_wconf 85' lang='grc' dir='ltr'><strong>Ἵνα</strong></span> <span class='ocrx_word' id='word_1_515' title='bbox 1280 423 1308 450; x_wconf 83' lang='grc' dir='ltr'><strong>δὲ</strong></span> <span class='ocrx_word' id='word_1_516' title='bbox 1323 423 1370 450; x_wconf 77' lang='grc' dir='ltr'>καὶ</span> <span class='ocrx_word' id='word_1_517' title='bbox 1387 421 1556 457; x_wconf 81' lang='grc' dir='ltr'><strong>σαφέστερον</strong></span> <span class='ocrx_word' id='word_1_518' title='bbox 1570 421 1585 449; x_wconf 82' lang='grc' dir='ltr'><strong>δ</strong></span> <span class='ocrx_word' id='word_1_519' title='bbox 1602 422 1674 456; x_wconf 79' lang='grc' dir='ltr'><strong>λέγω</strong></span> <span class='ocrx_word' id='word_1_520' title='bbox 1689 421 1802 457; x_wconf 86' lang='grc' dir='ltr'><strong>γένηται</strong></span> <span class='ocrx_word' id='word_1_521' title='bbox 1812 440 1820 451; x_wconf 90' lang='grc'><em>.</em></span> 
     </span>
    </p>
   </div>
   <div class='ocr_carea' id='block_1_70' title="bbox 1029 467 1830 503">
    <p class='ocr_par' dir='ltr' id='par_1_70' title="bbox 1029 467 1830 503">
     <span class='ocr_line' id='line_1_70' title="bbox 1029 467 1830 503; baseline -0.004 -7"><span class='ocrx_word' id='word_1_522' title='bbox 1029 469 1090 496; x_wconf 86' lang='grc' dir='ltr'><strong>καθ’</strong></span> <span class='ocrx_word' id='word_1_523' title='bbox 1107 469 1235 496; x_wconf 78' lang='grc' dir='ltr'><strong>ὑπόθεσιν</strong></span> <span class='ocrx_word' id='word_1_524' title='bbox 1254 469 1300 495; x_wconf 76' lang='grc' dir='ltr'><strong>τὸν</strong></span> <span class='ocrx_word' id='word_1_525' title='bbox 1317 468 1396 502; x_wconf 87' lang='grc' dir='ltr'><strong>λόγον</strong></span> <span class='ocrx_word' id='word_1_526' title='bbox 1420 468 1627 502; x_wconf 86' lang='grc' dir='ltr'><strong>γυμνάσωμεν·</strong></span> <span class='ocrx_word' id='word_1_527' title='bbox 1651 467 1688 502; x_wconf 85' lang='grc' dir='ltr'><strong>μὴ</strong></span> <span class='ocrx_word' id='word_1_528' title='bbox 1713 467 1768 503; x_wconf 84' lang='grc' dir='ltr'><strong>γὰρ</strong></span> <span class='ocrx_word' id='word_1_529' title='bbox 1787 467 1830 502; x_wconf 54' lang='grc' dir='ltr'><strong>δὴ»</strong></span> 
     </span>
    </p>
   </div>
   <div class='ocr_carea' id='block_1_71' title="bbox 1028 514 1821 551">
    <p class='ocr_par' dir='ltr' id='par_1_71' title="bbox 1028 514 1821 551">
     <span class='ocr_line' id='line_1_71' title="bbox 1028 514 1821 551; baseline -0.001 -9"><span class='ocrx_word' id='word_1_530' title='bbox 1028 515 1134 550; x_wconf 83' lang='grc' dir='ltr'><strong>γένοιτο</strong></span> <span class='ocrx_word' id='word_1_531' title='bbox 1155 516 1202 542; x_wconf 74' lang='grc' dir='ltr'><strong>ἐπὶ</strong></span> <span class='ocrx_word' id='word_1_532' title='bbox 1227 515 1278 551; x_wconf 83' lang='grc' dir='ltr'><strong>τῆς</strong></span> <span class='ocrx_word' id='word_1_533' title='bbox 1297 514 1427 551; x_wconf 86' lang='grc' dir='ltr'><strong>ἀληθείας</strong></span> <span class='ocrx_word' id='word_1_534' title='bbox 1447 514 1533 549; x_wconf 80' lang='grc' dir='ltr'><strong>αὐτῆς</strong></span> <span class='ocrx_word' id='word_1_535' title='bbox 1554 514 1706 550; x_wconf 76' lang='grc' dir='ltr'><strong>εὐπορῆσαι</strong></span> <span class='ocrx_word' id='word_1_536' title='bbox 1727 522 1821 549; x_wconf 85' lang='grc' dir='ltr'><strong>παρα-</strong></span> 
     </span>
    </p>
   </div>
   <div class='ocr_carea' id='block_1_72' title="bbox 1029 559 1820 597">
    <p class='ocr_par' dir='ltr' id='par_1_72' title="bbox 1029 559 1820 597">
     <span class='ocr_line' id='line_1_72' title="bbox 1029 559 1820 597; baseline -0.004 -9"><span class='ocrx_word' id='word_1_537' title='bbox 1029 561 1174 597; x_wconf 86' lang='grc' dir='ltr'><strong>δείγματος</strong></span> <span class='ocrx_word' id='word_1_538' title='bbox 1198 561 1333 589; x_wconf 79' lang='grc' dir='ltr'><strong>τοιούτου·</strong></span> <span class='ocrx_word' id='word_1_539' title='bbox 1362 562 1455 588; x_wconf 88' lang='grc' dir='ltr'><strong>Ἔστω</strong></span> <span class='ocrx_word' id='word_1_540' title='bbox 1480 569 1524 592; x_wconf 86' lang='grc' dir='ltr'><strong>τις</strong></span> <span class='ocrx_word' id='word_1_541' title='bbox 1551 560 1666 595; x_wconf 80' lang='grc' dir='ltr'><strong>ἀδελφὸς</strong></span> <span class='ocrx_word' id='word_1_542' title='bbox 1690 559 1820 595; x_wconf 85' lang='grc' dir='ltr'><strong>παρθένῳ</strong></span> 
     </span>
    </p>
   </div>
   <div class='ocr_carea' id='block_1_73' title="bbox 1030 606 1819 644">
    <p class='ocr_par' dir='ltr' id='par_1_73' title="bbox 1030 606 1819 644">
     <span class='ocr_line' id='line_1_73' title="bbox 1030 606 1819 644; baseline -0.001 -11"><span class='ocrx_word' id='word_1_543' title='bbox 1030 608 1172 641; x_wconf 79' lang='grc' dir='ltr'><strong>συνοικῶν,</strong></span> <span class='ocrx_word' id='word_1_544' title='bbox 1188 608 1303 644; x_wconf 88' lang='grc' dir='ltr'><strong>κόσμιος</strong></span> <span class='ocrx_word' id='word_1_545' title='bbox 1319 608 1369 644; x_wconf 82' lang='grc' dir='ltr'><strong>μὲν</strong></span> <span class='ocrx_word' id='word_1_546' title='bbox 1383 608 1427 635; x_wconf 82' lang='grc' dir='ltr'><strong>καὶ</strong></span> <span class='ocrx_word' id='word_1_547' title='bbox 1443 607 1570 644; x_wconf 84' lang='grc' dir='ltr'><strong>σώφρων,</strong></span> <span class='ocrx_word' id='word_1_548' title='bbox 1584 606 1654 642; x_wconf 84' lang='grc' dir='ltr'><strong>πλὴν</strong></span> <span class='ocrx_word' id='word_1_549' title='bbox 1668 606 1736 633; x_wconf 83' lang='grc' dir='ltr'><strong>ἀλλά</strong></span> <span class='ocrx_word' id='word_1_550' title='bbox 1751 606 1819 641; x_wconf 74' lang='grc' dir='ltr'><strong>μηδὲ</strong></span> 
     </span>
    </p>
   </div>
   <div class='ocr_carea' id='block_1_74' title="bbox 1029 653 1820 691">
    <p class='ocr_par' dir='ltr' id='par_1_74' title="bbox 1029 653 1820 691">
     <span class='ocr_line' id='line_1_74' title="bbox 1029 653 1820 691; baseline -0.003 -10"><span class='ocrx_word' id='word_1_551' title='bbox 1029 654 1101 682; x_wconf 79' lang='grc' dir='ltr'><strong>οὕτω</strong></span> <span class='ocrx_word' id='word_1_552' title='bbox 1122 655 1291 690; x_wconf 85' lang='grc' dir='ltr'><strong>διαφευγέτω</strong></span> <span class='ocrx_word' id='word_1_553' title='bbox 1317 655 1367 691; x_wconf 82' lang='grc' dir='ltr'><strong>τὴν</strong></span> <span class='ocrx_word' id='word_1_554' title='bbox 1393 655 1515 691; x_wconf 86' lang='grc' dir='ltr'><strong>πονηρὰν</strong></span> <span class='ocrx_word' id='word_1_555' title='bbox 1538 654 1628 688; x_wconf 81' lang='grc' dir='ltr'><strong>δόξαν.</strong></span> <span class='ocrx_word' id='word_1_556' title='bbox 1654 654 1704 680; x_wconf 72' lang='lat' dir='ltr'><strong>“Av</strong></span> <span class='ocrx_word' id='word_1_557' title='bbox 1729 653 1820 680; x_wconf 84' lang='grc' dir='ltr'><strong>τοίνυν</strong></span> 
     </span>
    </p>
   </div>
   <div class='ocr_carea' id='block_1_75' title="bbox 1029 699 1820 737">
    <p class='ocr_par' dir='ltr' id='par_1_75' title="bbox 1029 699 1820 737">
     <span class='ocr_line' id='line_1_75' title="bbox 1029 699 1820 737; baseline -0.001 -11"><span class='ocrx_word' id='word_1_558' title='bbox 1029 700 1150 736; x_wconf 83' lang='grc' dir='ltr'><strong>ἀκούσῃς</strong></span> <span class='ocrx_word' id='word_1_559' title='bbox 1173 701 1374 737; x_wconf 87' lang='grc' dir='ltr'><strong>θρυλλουμένην</strong></span> <span class='ocrx_word' id='word_1_560' title='bbox 1399 701 1448 737; x_wconf 79' lang='grc' dir='ltr'><strong>τὴν</strong></span> <span class='ocrx_word' id='word_1_561' title='bbox 1468 700 1626 736; x_wconf 84' lang='grc' dir='ltr'><strong>συνοίκησιν</strong></span> <span class='ocrx_word' id='word_1_562' title='bbox 1645 699 1763 734; x_wconf 85' lang='grc' dir='ltr'><strong>ταύτην,</strong></span> <span class='ocrx_word' id='word_1_563' title='bbox 1782 699 1820 734; x_wconf 82' lang='grc' dir='ltr'><strong>μὴ</strong></span> 
     </span>
    </p>
   </div>
   <div class='ocr_carea' id='block_1_76' title="bbox 1029 746 1818 784">
    <p class='ocr_par' dir='ltr' id='par_1_76' title="bbox 1029 746 1818 784">
     <span class='ocr_line' id='line_1_76' title="bbox 1029 746 1818 784; baseline -0.005 -10"><span class='ocrx_word' id='word_1_564' title='bbox 1029 749 1240 783; x_wconf 74' lang='grc' dir='ltr'><strong>καταφρονήσῃς</strong></span> <span class='ocrx_word' id='word_1_565' title='bbox 1262 748 1329 784; x_wconf 80' lang='grc' dir='ltr'><strong>μηδὲ</strong></span> <span class='ocrx_word' id='word_1_566' title='bbox 1354 748 1451 784; x_wconf 73' lang='grc' dir='ltr'><strong>εἴπῃς·</strong></span> <span class='ocrx_word' id='word_1_567' title='bbox 1467 747 1552 779; x_wconf 79' lang='grc' dir='ltr'><strong>Αὐτὸς</strong></span> <span class='ocrx_word' id='word_1_568' title='bbox 1566 747 1619 783; x_wconf 84' lang='grc' dir='ltr'><strong>γὰρ</strong></span> <span class='ocrx_word' id='word_1_569' title='bbox 1639 746 1670 773; x_wconf 81' lang='grc' dir='ltr'><strong>οὔ</strong></span> <span class='ocrx_word' id='word_1_570' title='bbox 1687 746 1818 780; x_wconf 82' lang='grc' dir='ltr'><strong>κέκτηται</strong></span> 
     </span>
    </p>
   </div>
   <div class='ocr_carea' id='block_1_77' title="bbox 1028 791 1819 829">
    <p class='ocr_par' dir='ltr' id='par_1_77' title="bbox 1028 791 1819 829">
     <span class='ocr_line' id='line_1_77' title="bbox 1028 791 1819 829; baseline -0.003 -10"><span class='ocrx_word' id='word_1_571' title='bbox 1028 792 1108 827; x_wconf 81' lang='grc' dir='ltr'><strong>νοῦν;</strong></span> <span class='ocrx_word' id='word_1_572' title='bbox 1120 793 1200 825; x_wconf 80' lang='grc' dir='ltr'><strong>αὐτὸς</strong></span> <span class='ocrx_word' id='word_1_573' title='bbox 1213 794 1266 829; x_wconf 89' lang='grc' dir='ltr'><strong>γάρ</strong></span> <span class='ocrx_word' id='word_1_574' title='bbox 1277 795 1327 821; x_wconf 83' lang='grc' dir='ltr'><strong>οὐκ</strong></span> <span class='ocrx_word' id='word_1_575' title='bbox 1337 791 1392 821; x_wconf 78' lang='grc' dir='ltr'><strong>οἶδε</strong></span> <span class='ocrx_word' id='word_1_576' title='bbox 1403 794 1429 821; x_wconf 91' lang='grc' dir='ltr'><strong>τί</strong></span> <span class='ocrx_word' id='word_1_577' title='bbox 1439 793 1469 820; x_wconf 77' lang='grc' dir='ltr'><strong>τὸ</strong></span> <span class='ocrx_word' id='word_1_578' title='bbox 1483 793 1638 829; x_wconf 54' lang='grc' dir='ltr'><strong>συμψέροη</strong></span> <span class='ocrx_word' id='word_1_579' title='bbox 1655 793 1716 828; x_wconf 88' lang='grc' dir='ltr'><strong>είκῆ</strong></span> <span class='ocrx_word' id='word_1_580' title='bbox 1729 791 1819 827; x_wconf 79' lang='grc' dir='ltr'><strong>φιλοῦ,</strong></span> 
     </span>
    </p>
   </div>
   <div class='ocr_carea' id='block_1_78' title="bbox 1029 837 1821 875">
    <p class='ocr_par' dir='ltr' id='par_1_78' title="bbox 1029 837 1821 875">
     <span class='ocr_line' id='line_1_78' title="bbox 1029 837 1821 875; baseline -0.001 -10"><span class='ocrx_word' id='word_1_581' title='bbox 1029 839 1076 865; x_wconf 74' lang='grc' dir='ltr'>καὶ</span> <span class='ocrx_word' id='word_1_582' title='bbox 1098 838 1136 874; x_wconf 84' lang='grc' dir='ltr'><strong>μὴ</strong></span> <span class='ocrx_word' id='word_1_583' title='bbox 1153 838 1232 875; x_wconf 86' lang='grc' dir='ltr'><strong>μισοῦ</strong></span> <span class='ocrx_word' id='word_1_584' title='bbox 1253 839 1326 874; x_wconf 84' lang='grc' dir='ltr'><strong>είκῆ·</strong></span> <span class='ocrx_word' id='word_1_585' title='bbox 1352 839 1380 865; x_wconf 88' lang='grc' dir='ltr'><strong>τί</strong></span> <span class='ocrx_word' id='word_1_586' title='bbox 1396 839 1450 875; x_wconf 90' lang='grc' dir='ltr'><strong>γάρ</strong></span> <span class='ocrx_word' id='word_1_587' title='bbox 1474 847 1518 875; x_wconf 85' lang='grc' dir='ltr'><strong>μοι</strong></span> <span class='ocrx_word' id='word_1_588' title='bbox 1541 838 1617 873; x_wconf 83' lang='grc' dir='ltr'><strong>μέλει</strong></span> <span class='ocrx_word' id='word_1_589' title='bbox 1638 837 1738 873; x_wconf 73' lang='grc' dir='ltr'><strong>ἔχθραν</strong></span> <span class='ocrx_word' id='word_1_590' title='bbox 1754 837 1821 864; x_wconf 84' lang='grc' dir='ltr'><strong>ἀνα-</strong></span> 
     </span>
    </p>
   </div>
   <div class='ocr_carea' id='block_1_79' title="bbox 1028 883 1820 924">
    <p class='ocr_par' dir='ltr' id='par_1_79' title="bbox 1028 883 1820 924">
     <span class='ocr_line' id='line_1_79' title="bbox 1028 883 1820 924; baseline -0.003 -13"><span class='ocrx_word' id='word_1_591' title='bbox 1028 885 1156 918; x_wconf 78' lang='grc' dir='ltr'><strong>δέξασθαι</strong></span> <span class='ocrx_word' id='word_1_592' title='bbox 1185 885 1333 924; x_wconf 83' lang='grc' dir='ltr'><strong>περιττήν;</strong></span> <span class='ocrx_word' id='word_1_593' title='bbox 1361 884 1454 912; x_wconf 84' lang='grc' dir='ltr'><strong>Ταῦτα</strong></span> <span class='ocrx_word' id='word_1_594' title='bbox 1484 883 1592 920; x_wconf 84' lang='grc' dir='ltr'><strong>ληρώδη</strong></span> <span class='ocrx_word' id='word_1_595' title='bbox 1626 885 1736 919; x_wconf 81' lang='grc' dir='ltr'><strong>ῥήματα</strong></span> <span class='ocrx_word' id='word_1_596' title='bbox 1764 883 1820 910; x_wconf 86' lang='grc' dir='ltr'><strong>τῶν</strong></span> 
     </span>
    </p>
   </div>
   <div class='ocr_carea' id='block_1_80' title="bbox 1030 930 1820 967">
    <p class='ocr_par' dir='ltr' id='par_1_80' title="bbox 1030 930 1820 967">
     <span class='ocr_line' id='line_1_80' title="bbox 1030 930 1820 967; baseline -0.001 -10"><span class='ocrx_word' id='word_1_597' title='bbox 1030 931 1143 967; x_wconf 76' lang='grc' dir='ltr'><strong>θηρίων,</strong></span> <span class='ocrx_word' id='word_1_598' title='bbox 1161 932 1260 967; x_wconf 79' lang='grc' dir='ltr'><strong>μᾶλλον</strong></span> <span class='ocrx_word' id='word_1_599' title='bbox 1277 932 1305 958; x_wconf 79' lang='grc' dir='ltr'><strong>δὲ</strong></span> <span class='ocrx_word' id='word_1_600' title='bbox 1320 931 1374 958; x_wconf 88' lang='grc' dir='ltr'><strong>τῶν</strong></span> <span class='ocrx_word' id='word_1_601' title='bbox 1388 932 1532 966; x_wconf 86' lang='grc' dir='ltr'><strong>δαιμόνων.</strong></span> <span class='ocrx_word' id='word_1_602' title='bbox 1550 931 1588 958; x_wconf 75' lang='grc' dir='ltr'><strong>Οὐ</strong></span> <span class='ocrx_word' id='word_1_603' title='bbox 1602 930 1656 965; x_wconf 85' lang='grc' dir='ltr'><strong>γὰρ</strong></span> <span class='ocrx_word' id='word_1_604' title='bbox 1669 930 1742 956; x_wconf 79' lang='grc' dir='ltr'><strong>ἐστιν</strong></span> <span class='ocrx_word' id='word_1_605' title='bbox 1756 930 1820 965; x_wconf 85' lang='grc' dir='ltr'><strong>είκῆ</strong></span> 
     </span>
    </p>
   </div>
   <div class='ocr_carea' id='block_1_81' title="bbox 1031 976 1820 1014">
    <p class='ocr_par' dir='ltr' id='par_1_81' title="bbox 1031 976 1820 1014">
     <span class='ocr_line' id='line_1_81' title="bbox 1031 976 1820 1014; baseline -0.003 -10"><span class='ocrx_word' id='word_1_606' title='bbox 1031 977 1168 1013; x_wconf 82' lang='grc' dir='ltr'><strong>μισεῖσθαι</strong></span> <span class='ocrx_word' id='word_1_607' title='bbox 1181 977 1226 1004; x_wconf 79' lang='grc' dir='ltr'><strong>τὸν</strong></span> <span class='ocrx_word' id='word_1_608' title='bbox 1242 977 1288 1004; x_wconf 76' lang='grc' dir='ltr'><strong>ἐπὶ</strong></span> <span class='ocrx_word' id='word_1_609' title='bbox 1304 977 1446 1014; x_wconf 83' lang='grc' dir='ltr'><strong>διορθώσει</strong></span> <span class='ocrx_word' id='word_1_610' title='bbox 1458 977 1536 1004; x_wconf 88' lang='grc' dir='ltr'><strong>τοῦτο</strong></span> <span class='ocrx_word' id='word_1_611' title='bbox 1551 977 1689 1010; x_wconf 85' lang='grc' dir='ltr'><strong>ποιοῦντα,</strong></span> <span class='ocrx_word' id='word_1_612' title='bbox 1703 976 1760 1003; x_wconf 82' lang='grc' dir='ltr'><strong>ἀλλ’</strong></span> <span class='ocrx_word' id='word_1_613' title='bbox 1772 976 1820 1002; x_wconf 75' lang='grc' dir='ltr'><strong>ἐπὶ</strong></span> 
     </span>
    </p>
   </div>
   <div class='ocr_carea' id='block_1_82' title="bbox 1031 1022 1819 1059">
    <p class='ocr_par' dir='ltr' id='par_1_82' title="bbox 1031 1022 1819 1059">
     <span class='ocr_line' id='line_1_82' title="bbox 1031 1022 1819 1059; baseline 0.001 -10"><span class='ocrx_word' id='word_1_614' title='bbox 1031 1023 1160 1059; x_wconf 87' lang='grc' dir='ltr'><strong>μεγάλοις</strong></span> <span class='ocrx_word' id='word_1_615' title='bbox 1176 1023 1290 1057; x_wconf 89' lang='grc' dir='ltr'><strong>ἀγαθοῖς</strong></span> <span class='ocrx_word' id='word_1_616' title='bbox 1310 1023 1357 1050; x_wconf 69' lang='grc' dir='ltr'><strong>καὶ</strong></span> <span class='ocrx_word' id='word_1_617' title='bbox 1371 1024 1514 1058; x_wconf 76' lang='grc' dir='ltr'><strong>στεφάνοις</strong></span> <span class='ocrx_word' id='word_1_618' title='bbox 1535 1024 1711 1058; x_wconf 71' lang='grc' dir='ltr'><strong>ἀπορρήτοις.</strong></span> <span class='ocrx_word' id='word_1_619' title='bbox 1735 1023 1765 1049; x_wconf 78' lang='lat' dir='ltr'><strong>El</strong></span> <span class='ocrx_word' id='word_1_620' title='bbox 1790 1022 1819 1048; x_wconf 78' lang='grc' dir='ltr'><strong>δὲ</strong></span> 
     </span>
    </p>
   </div>
   <div class='ocr_carea' id='block_1_83' title="bbox 1029 1068 1820 1104">
    <p class='ocr_par' dir='ltr' id='par_1_83' title="bbox 1029 1068 1820 1104">
     <span class='ocr_line' id='line_1_83' title="bbox 1029 1068 1820 1104; baseline -0.001 -9"><span class='ocrx_word' id='word_1_621' title='bbox 1029 1069 1128 1104; x_wconf 86' lang='grc' dir='ltr'><strong>λέγοις,</strong></span> <span class='ocrx_word' id='word_1_622' title='bbox 1151 1069 1183 1095; x_wconf 87' lang='grc' dir='ltr'><strong>Τί</strong></span> <span class='ocrx_word' id='word_1_623' title='bbox 1198 1069 1264 1104; x_wconf 89' lang='grc' dir='ltr'><strong>γάρ,</strong></span> <span class='ocrx_word' id='word_1_624' title='bbox 1280 1069 1361 1101; x_wconf 78' lang='grc' dir='ltr'><strong>αὐτὸς</strong></span> <span class='ocrx_word' id='word_1_625' title='bbox 1383 1069 1433 1095; x_wconf 70' lang='grc' dir='ltr'><strong>οὐκ</strong></span> <span class='ocrx_word' id='word_1_626' title='bbox 1453 1069 1508 1104; x_wconf 83' lang='grc' dir='ltr'><strong>ἔχει</strong></span> <span class='ocrx_word' id='word_1_627' title='bbox 1524 1069 1605 1103; x_wconf 83' lang='grc' dir='ltr'><strong>νοῦν;</strong></span> <span class='ocrx_word' id='word_1_628' title='bbox 1626 1068 1730 1104; x_wconf 79' lang='grc' dir='ltr'><strong>ἀκούσῃ</strong></span> <span class='ocrx_word' id='word_1_629' title='bbox 1753 1068 1820 1101; x_wconf 80' lang='grc' dir='ltr'><strong>παρ’</strong></span> 
     </span>
    </p>
   </div>
   <div class='ocr_carea' id='block_1_84' title="bbox 1029 1114 1819 1150">
    <p class='ocr_par' dir='ltr' id='par_1_84' title="bbox 1029 1114 1819 1150">
     <span class='ocr_line' id='line_1_84' title="bbox 1029 1114 1819 1150; baseline 0 -10"><span class='ocrx_word' id='word_1_630' title='bbox 1029 1114 1118 1150; x_wconf 85' lang='grc' dir='ltr'><strong>ἡμῶν,</strong></span> <span class='ocrx_word' id='word_1_631' title='bbox 1139 1114 1180 1141; x_wconf 85' lang='grc' dir='ltr'><strong>ὅτι</strong></span> <span class='ocrx_word' id='word_1_632' title='bbox 1194 1114 1244 1140; x_wconf 80' lang='grc' dir='ltr'><strong>οὐκ</strong></span> <span class='ocrx_word' id='word_1_633' title='bbox 1267 1114 1334 1150; x_wconf 77' lang='grc' dir='ltr'><strong>ἔχει·</strong></span> <span class='ocrx_word' id='word_1_634' title='bbox 1354 1114 1448 1150; x_wconf 77' lang='grc' dir='ltr'><strong>μεθύει</strong></span> <span class='ocrx_word' id='word_1_635' title='bbox 1466 1114 1521 1150; x_wconf 86' lang='grc' dir='ltr'><strong>γὰρ</strong></span> <span class='ocrx_word' id='word_1_636' title='bbox 1541 1115 1579 1150; x_wconf 81' lang='grc' dir='ltr'><strong>τῷ</strong></span> <span class='ocrx_word' id='word_1_637' title='bbox 1597 1114 1688 1141; x_wconf 84' lang='grc' dir='ltr'><strong>πάθει.</strong></span> <span class='ocrx_word' id='word_1_638' title='bbox 1709 1114 1740 1140; x_wconf 73' lang='grc' dir='ltr'><strong>ΕΞ</strong></span> <span class='ocrx_word' id='word_1_639' title='bbox 1764 1114 1819 1149; x_wconf 89' lang='grc' dir='ltr'><strong>γάρ</strong></span> 
     </span>
    </p>
   </div>
   <div class='ocr_carea' id='block_1_85' title="bbox 1029 1158 1819 1196">
    <p class='ocr_par' dir='ltr' id='par_1_85' title="bbox 1029 1158 1819 1196">
     <span class='ocr_line' id='line_1_85' title="bbox 1029 1158 1819 1196; baseline 0.001 -11"><span class='ocrx_word' id='word_1_640' title='bbox 1029 1159 1074 1185; x_wconf 71' lang='grc' dir='ltr'><strong>ἐπὶ</strong></span> <span class='ocrx_word' id='word_1_641' title='bbox 1089 1159 1142 1186; x_wconf 88' lang='grc' dir='ltr'><strong>τῶν</strong></span> <span class='ocrx_word' id='word_1_642' title='bbox 1160 1158 1259 1192; x_wconf 76' lang='grc' dir='ltr'><strong>ἔξωθεν</strong></span> <span class='ocrx_word' id='word_1_643' title='bbox 1279 1160 1463 1196; x_wconf 73' lang='grc' dir='ltr'><strong>δικαστηρίων</strong></span> <span class='ocrx_word' id='word_1_644' title='bbox 1486 1161 1509 1186; x_wconf 87' lang='grc' dir='ltr'><strong>οἱ</strong></span> <span class='ocrx_word' id='word_1_645' title='bbox 1529 1160 1702 1195; x_wconf 87' lang='grc' dir='ltr'><strong>ἀδικούμενοι</strong></span> <span class='ocrx_word' id='word_1_646' title='bbox 1719 1160 1769 1186; x_wconf 77' lang='grc' dir='ltr'><strong>οὐκ</strong></span> <span class='ocrx_word' id='word_1_647' title='bbox 1786 1160 1819 1186; x_wconf 81' lang='grc' dir='ltr'><strong>ἂν</strong></span> 
     </span>
    </p>
   </div>
   <div class='ocr_carea' id='block_1_86' title="bbox 1028 1205 1818 1241">
    <p class='ocr_par' dir='ltr' id='par_1_86' title="bbox 1028 1205 1818 1241">
     <span class='ocr_line' id='line_1_86' title="bbox 1028 1205 1818 1241; baseline -0.001 -9"><span class='ocrx_word' id='word_1_648' title='bbox 1028 1205 1153 1232; x_wconf 81' lang='grc' dir='ltr'><strong>δύναιντο</strong></span> <span class='ocrx_word' id='word_1_649' title='bbox 1167 1206 1254 1232; x_wconf 78' lang='grc' dir='ltr'><strong>εἰπεῖν</strong></span> <span class='ocrx_word' id='word_1_650' title='bbox 1267 1205 1337 1241; x_wconf 81' lang='grc' dir='ltr'><strong>ὑπὲρ</strong></span> <span class='ocrx_word' id='word_1_651' title='bbox 1352 1205 1458 1232; x_wconf 76' lang='grc' dir='ltr'><strong>ἑαυτῶν</strong></span> <span class='ocrx_word' id='word_1_652' title='bbox 1471 1205 1577 1238; x_wconf 81' lang='grc' dir='ltr'><strong>ζέοντες</strong></span> <span class='ocrx_word' id='word_1_653' title='bbox 1588 1207 1621 1241; x_wconf 80' lang='grc' dir='ltr'><strong>τῇ</strong></span> <span class='ocrx_word' id='word_1_654' title='bbox 1636 1205 1716 1241; x_wconf 82' lang='grc' dir='ltr'><strong>ὀργῇ,</strong></span> <span class='ocrx_word' id='word_1_655' title='bbox 1730 1205 1818 1232; x_wconf 89' lang='grc' dir='ltr'><strong>καίτοι</strong></span> 
     </span>
    </p>
   </div>
   <div class='ocr_carea' id='block_1_87' title="bbox 1028 1249 1819 1287">
    <p class='ocr_par' dir='ltr' id='par_1_87' title="bbox 1028 1249 1819 1287">
     <span class='ocr_line' id='line_1_87' title="bbox 1028 1249 1819 1287; baseline 0 -10"><span class='ocrx_word' id='word_1_656' title='bbox 1028 1258 1061 1284; x_wconf 88' lang='grc' dir='ltr'><strong>γε</strong></span> <span class='ocrx_word' id='word_1_657' title='bbox 1074 1250 1124 1277; x_wconf 76' lang='grc' dir='ltr'><strong>οὐκ</strong></span> <span class='ocrx_word' id='word_1_658' title='bbox 1137 1249 1210 1277; x_wconf 77' lang='grc' dir='ltr'><strong>ἐστιν</strong></span> <span class='ocrx_word' id='word_1_659' title='bbox 1221 1251 1347 1287; x_wconf 71' lang='grc' dir='ltr'><strong>ἔγκλημα</strong></span> <span class='ocrx_word' id='word_1_660' title='bbox 1362 1252 1379 1287; x_wconf 85' lang='grc' dir='ltr'><strong>ἡ</strong></span> <span class='ocrx_word' id='word_1_661' title='bbox 1393 1251 1551 1287; x_wconf 80' lang='grc' dir='ltr'><strong>συμπάθεια</strong></span> <span class='ocrx_word' id='word_1_662' title='bbox 1563 1251 1644 1287; x_wconf 76' lang='grc' dir='ltr'><strong>αὕτη·</strong></span> <span class='ocrx_word' id='word_1_663' title='bbox 1659 1252 1734 1287; x_wconf 86' lang='grc' dir='ltr'><strong>πόσῳ</strong></span> <span class='ocrx_word' id='word_1_664' title='bbox 1751 1251 1819 1278; x_wconf 81' lang='grc' dir='ltr'><strong>ιιᾶλ-</strong></span> 
     </span>
    </p>
   </div>
   <div class='ocr_carea' id='block_1_88' title="bbox 1029 1296 1819 1333">
    <p class='ocr_par' dir='ltr' id='par_1_88' title="bbox 1029 1296 1819 1333">
     <span class='ocr_line' id='line_1_88' title="bbox 1029 1296 1819 1333; baseline 0.003 -11"><span class='ocrx_word' id='word_1_665' title='bbox 1029 1296 1074 1323; x_wconf 92' lang='grc' dir='ltr'><strong>λον</strong></span> <span class='ocrx_word' id='word_1_666' title='bbox 1085 1297 1109 1323; x_wconf 90' lang='grc' dir='ltr'><strong>οί</strong></span> <span class='ocrx_word' id='word_1_667' title='bbox 1122 1297 1252 1333; x_wconf 76' lang='grc' dir='ltr'><strong>συνηθείᾳ</strong></span> <span class='ocrx_word' id='word_1_668' title='bbox 1264 1298 1371 1333; x_wconf 82' lang='grc' dir='ltr'><strong>πονηρᾷ</strong></span> <span class='ocrx_word' id='word_1_669' title='bbox 1384 1297 1562 1333; x_wconf 86' lang='grc' dir='ltr'><strong>κατεχόμενοι</strong></span> <span class='ocrx_word' id='word_1_670' title='bbox 1576 1306 1582 1330; x_wconf 83' lang='grc'><strong>;</strong></span> <span class='ocrx_word' id='word_1_671' title='bbox 1593 1298 1642 1324; x_wconf 85' lang='grc' dir='ltr'><strong>Διά</strong></span> <span class='ocrx_word' id='word_1_672' title='bbox 1653 1297 1819 1332; x_wconf 82' lang='grc' dir='ltr'><strong>τοῦτολέγω,</strong></span> 
     </span>
    </p>
   </div>
   <div class='ocr_carea' id='block_1_89' title="bbox 1029 1341 1819 1380">
    <p class='ocr_par' dir='ltr' id='par_1_89' title="bbox 1029 1341 1819 1380">
     <span class='ocr_line' id='line_1_89' title="bbox 1029 1341 1819 1380; baseline 0.001 -11"><span class='ocrx_word' id='word_1_673' title='bbox 1029 1343 1070 1369; x_wconf 83' lang='grc' dir='ltr'><strong>ὅτι</strong></span> <span class='ocrx_word' id='word_1_674' title='bbox 1086 1342 1136 1369; x_wconf 78' lang='grc' dir='ltr'><strong>κᾶν</strong></span> <span class='ocrx_word' id='word_1_675' title='bbox 1155 1343 1284 1379; x_wconf 84' lang='grc' dir='ltr'><strong>μυριάκις</strong></span> <span class='ocrx_word' id='word_1_676' title='bbox 1330 1343 1470 1379; x_wconf 82' lang='grc' dir='ltr'><strong>φρόνιμος,</strong></span> <span class='ocrx_word' id='word_1_677' title='bbox 1485 1344 1535 1370; x_wconf 75' lang='grc' dir='ltr'><strong>οὐκ</strong></span> <span class='ocrx_word' id='word_1_678' title='bbox 1551 1343 1607 1379; x_wconf 78' lang='grc' dir='ltr'><strong>ἔχει</strong></span> <span class='ocrx_word' id='word_1_679' title='bbox 1623 1343 1685 1371; x_wconf 89' lang='grc' dir='ltr'><strong>νοῦν</strong></span> <span class='ocrx_word' id='word_1_680' title='bbox 1695 1344 1819 1379; x_wconf 83' lang='grc' dir='ltr'><strong>ἐγρηγο-</strong></span> 
     </span>
    </p>
   </div>
   <div class='ocr_carea' id='block_1_90' title="bbox 1030 1388 1819 1428">
    <p class='ocr_par' dir='ltr' id='par_1_90' title="bbox 1030 1388 1819 1428">
     <span class='ocr_line' id='line_1_90' title="bbox 1030 1388 1819 1428; baseline 0.001 -13"><span class='ocrx_word' id='word_1_681' title='bbox 1030 1389 1105 1425; x_wconf 84' lang='grc' dir='ltr'><strong>ρότα.</strong></span> <span class='ocrx_word' id='word_1_682' title='bbox 1118 1389 1151 1416; x_wconf 89' lang='grc' dir='ltr'><strong>Τί</strong></span> <span class='ocrx_word' id='word_1_683' title='bbox 1170 1389 1224 1426; x_wconf 84' lang='grc' dir='ltr'><strong>γὰρ</strong></span> <span class='ocrx_word' id='word_1_684' title='bbox 1239 1389 1285 1416; x_wconf 86' lang='grc' dir='ltr'><strong>τοῦ</strong></span> <span class='ocrx_word' id='word_1_685' title='bbox 1304 1389 1386 1428; x_wconf 81' lang='grc' dir='ltr'><strong>Δαυῖδ</strong></span> <span class='ocrx_word' id='word_1_686' title='bbox 1405 1390 1587 1426; x_wconf 88' lang='grc' dir='ltr'><strong>συνετώτερον</strong></span> <span class='ocrx_word' id='word_1_687' title='bbox 1604 1388 1650 1425; x_wconf 81' lang='grc' dir='ltr'><strong>ἦν,</strong></span> <span class='ocrx_word' id='word_1_688' title='bbox 1674 1389 1819 1425; x_wconf 86' lang='grc' dir='ltr'><strong>ἀνθρώπου</strong></span> 
     </span>
    </p>
   </div>
   <div class='ocr_carea' id='block_1_91' title="bbox 1029 1435 1820 1471">
    <p class='ocr_par' dir='ltr' id='par_1_91' title="bbox 1029 1435 1820 1471">
     <span class='ocr_line' id='line_1_91' title="bbox 1029 1435 1820 1471; baseline 0.001 -10"><span class='ocrx_word' id='word_1_689' title='bbox 1029 1435 1164 1470; x_wconf 84' lang='grc' dir='ltr'><strong>λέγοντος,</strong></span> <span class='ocrx_word' id='word_1_690' title='bbox 1183 1435 1220 1463; x_wconf 85' lang='grc' dir='ltr'><strong>Τὰ</strong></span> <span class='ocrx_word' id='word_1_691' title='bbox 1232 1435 1330 1469; x_wconf 74' lang='grc' dir='ltr'><strong>ἄδηλα</strong></span> <span class='ocrx_word' id='word_1_692' title='bbox 1341 1435 1389 1462; x_wconf 76' lang='grc' dir='ltr'><strong>καὶ</strong></span> <span class='ocrx_word' id='word_1_693' title='bbox 1403 1436 1439 1463; x_wconf 81' lang='grc' dir='ltr'><strong>τὰ</strong></span> <span class='ocrx_word' id='word_1_694' title='bbox 1453 1437 1562 1471; x_wconf 72' lang='grc' dir='ltr'><strong>κρύφια</strong></span> <span class='ocrx_word' id='word_1_695' title='bbox 1571 1436 1627 1471; x_wconf 81' lang='grc' dir='ltr'><strong>¹τῆς</strong></span> <span class='ocrx_word' id='word_1_696' title='bbox 1637 1436 1748 1470; x_wconf 70' lang='grc' dir='ltr'><strong>σοφίας</strong></span> <span class='ocrx_word' id='word_1_697' title='bbox 1761 1443 1820 1462; x_wconf 85' lang='grc' dir='ltr'><strong>σου</strong></span> 
     </span>
    </p>
   </div>
   <div class='ocr_carea' id='block_1_92' title="bbox 1029 1479 1819 1517">
    <p class='ocr_par' dir='ltr' id='par_1_92' title="bbox 1029 1479 1819 1517">
     <span class='ocr_line' id='line_1_92' title="bbox 1029 1479 1819 1517; baseline 0.003 -11"><span class='ocrx_word' id='word_1_698' title='bbox 1029 1479 1188 1514; x_wconf 73' lang='grc' dir='ltr'><strong>ἐδήλωσάς</strong></span> <span class='ocrx_word' id='word_1_699' title='bbox 1203 1489 1270 1515; x_wconf 59' lang='grc' dir='ltr'><strong>μου</strong></span> <span class='ocrx_word' id='word_1_700' title='bbox 1293 1481 1349 1508; x_wconf 81' lang='grc' dir='ltr'><strong>ἀλλ’</strong></span> <span class='ocrx_word' id='word_1_701' title='bbox 1368 1481 1413 1508; x_wconf 85' lang='grc' dir='ltr'><strong>ὅτε</strong></span> <span class='ocrx_word' id='word_1_702' title='bbox 1431 1481 1479 1517; x_wconf 81' lang='grc' dir='ltr'><strong>τὴν</strong></span> <span class='ocrx_word' id='word_1_703' title='bbox 1494 1481 1540 1508; x_wconf 86' lang='grc' dir='ltr'><strong>τοῦ</strong></span> <span class='ocrx_word' id='word_1_704' title='bbox 1557 1481 1724 1517; x_wconf 85' lang='grc' dir='ltr'><strong>στρατιώτου</strong></span> <span class='ocrx_word' id='word_1_705' title='bbox 1742 1480 1819 1516; x_wconf 73' lang='grc'><strong>[4121</strong></span> 
     </span>
    </p>
   </div>
   <div class='ocr_carea' id='block_1_93' title="bbox 1030 1525 1821 1564">
    <p class='ocr_par' dir='ltr' id='par_1_93' title="bbox 1030 1525 1821 1564">
     <span class='ocr_line' id='line_1_93' title="bbox 1030 1525 1821 1564; baseline 0 -10"><span class='ocrx_word' id='word_1_706' title='bbox 1030 1528 1147 1562; x_wconf 85' lang='grc' dir='ltr'><strong>γυναῖκα</strong></span> <span class='ocrx_word' id='word_1_707' title='bbox 1166 1525 1236 1554; x_wconf 71' lang='grc' dir='ltr'><strong>οἶδεν</strong></span> <span class='ocrx_word' id='word_1_708' title='bbox 1249 1527 1399 1563; x_wconf 77' lang='grc' dir='ltr'><strong>ὀφθαλμοῖς</strong></span> <span class='ocrx_word' id='word_1_709' title='bbox 1410 1527 1523 1560; x_wconf 85' lang='grc' dir='ltr'><strong>ἀδίκοις,</strong></span> <span class='ocrx_word' id='word_1_710' title='bbox 1536 1528 1608 1560; x_wconf 84' lang='grc' dir='ltr'><strong>τότε,</strong></span> <span class='ocrx_word' id='word_1_711' title='bbox 1623 1528 1691 1564; x_wconf 84' lang='grc' dir='ltr'><strong>ὅπερ</strong></span> <span class='ocrx_word' id='word_1_712' title='bbox 1703 1528 1750 1554; x_wconf 76' lang='grc' dir='ltr'><strong>ἐπὶ</strong></span> <span class='ocrx_word' id='word_1_713' title='bbox 1769 1527 1821 1562; x_wconf 81' lang='grc' dir='ltr'><strong>τῆς</strong></span> 
     </span>
    </p>
   </div>
   <div class='ocr_carea' id='block_1_94' title="bbox 1031 1573 1821 1609">
    <p class='ocr_par' dir='ltr' id='par_1_94' title="bbox 1031 1573 1821 1609">
     <span class='ocr_line' id='line_1_94' title="bbox 1031 1573 1821 1609; baseline 0.001 -9"><span class='ocrx_word' id='word_1_714' title='bbox 1031 1573 1167 1609; x_wconf 85' lang='grc' dir='ltr'><strong>θαλάττης</strong></span> <span class='ocrx_word' id='word_1_715' title='bbox 1185 1574 1235 1608; x_wconf 86' lang='grc' dir='ltr'><strong>τῆς</strong></span> <span class='ocrx_word' id='word_1_716' title='bbox 1252 1574 1419 1609; x_wconf 87' lang='grc' dir='ltr'><strong>μαινομένης</strong></span> <span class='ocrx_word' id='word_1_717' title='bbox 1436 1575 1500 1606; x_wconf 77' lang='grc' dir='ltr'><strong>τοὺς</strong></span> <span class='ocrx_word' id='word_1_718' title='bbox 1515 1574 1685 1609; x_wconf 80' lang='grc' dir='ltr'><strong>ἐμπλέοντας</strong></span> <span class='ocrx_word' id='word_1_719' title='bbox 1703 1575 1821 1609; x_wconf 82' lang='grc' dir='ltr'><strong>πάσχειν</strong></span> 
     </span>
    </p>
   </div>
   <div class='ocr_carea' id='block_1_95' title="bbox 1031 1618 1822 1655">
    <p class='ocr_par' dir='ltr' id='par_1_95' title="bbox 1031 1618 1822 1655">
     <span class='ocr_line' id='line_1_95' title="bbox 1031 1618 1822 1655; baseline 0.001 -11"><span class='ocrx_word' id='word_1_720' title='bbox 1031 1618 1120 1652; x_wconf 72' lang='grc' dir='ltr'><strong>ἔλεγε,</strong></span> <span class='ocrx_word' id='word_1_721' title='bbox 1134 1618 1221 1645; x_wconf 86' lang='grc' dir='ltr'><strong>Πᾶσα</strong></span> <span class='ocrx_word' id='word_1_722' title='bbox 1238 1618 1256 1652; x_wconf 82' lang='grc' dir='ltr'><strong>ἡ</strong></span> <span class='ocrx_word' id='word_1_723' title='bbox 1272 1618 1366 1653; x_wconf 68' lang='grc' dir='ltr'><strong>σοφία</strong></span> <span class='ocrx_word' id='word_1_724' title='bbox 1377 1619 1471 1646; x_wconf 84' lang='grc' dir='ltr'><strong>αὑτοῦ</strong></span> <span class='ocrx_word' id='word_1_725' title='bbox 1485 1620 1646 1652; x_wconf 80' lang='grc' dir='ltr'><strong>κατεπόθη·</strong></span> <span class='ocrx_word' id='word_1_726' title='bbox 1659 1619 1706 1645; x_wconf 69' lang='grc' dir='ltr'><strong>καὶ⁵</strong></span> <span class='ocrx_word' id='word_1_727' title='bbox 1719 1619 1822 1655; x_wconf 78' lang='grc' dir='ltr'><strong>ἐτέρων</strong></span> 
     </span>
    </p>
   </div>
   <div class='ocr_carea' id='block_1_96' title="bbox 1031 1663 1824 1701">
    <p class='ocr_par' dir='ltr' id='par_1_96' title="bbox 1031 1663 1824 1701">
     <span class='ocr_line' id='line_1_96' title="bbox 1031 1663 1824 1701; baseline 0.003 -11"><span class='ocrx_word' id='word_1_728' title='bbox 1031 1664 1115 1690; x_wconf 85' lang='grc' dir='ltr'><strong>ἐδεῖτο</strong></span> <span class='ocrx_word' id='word_1_729' title='bbox 1140 1663 1195 1690; x_wconf 87' lang='grc' dir='ltr'><strong>τῶν</strong></span> <span class='ocrx_word' id='word_1_730' title='bbox 1219 1664 1433 1700; x_wconf 81' lang='grc' dir='ltr'><strong>διορθωσόντων,</strong></span> <span class='ocrx_word' id='word_1_731' title='bbox 1457 1665 1504 1691; x_wconf 63' lang='grc' dir='ltr'><strong>καὶ⁵</strong></span> <span class='ocrx_word' id='word_1_732' title='bbox 1526 1665 1587 1691; x_wconf 77' lang='grc' dir='ltr'><strong>οὐδὲ</strong></span> <span class='ocrx_word' id='word_1_733' title='bbox 1606 1665 1740 1701; x_wconf 76' lang='grc' dir='ltr'><strong>ᾐσθάνετο</strong></span> <span class='ocrx_word' id='word_1_734' title='bbox 1757 1666 1824 1692; x_wconf 85' lang='grc' dir='ltr'><strong>οῖων</strong></span> 
     </span>
    </p>
   </div>
   <div class='ocr_carea' id='block_1_97' title="bbox 1031 1707 1822 1747">
    <p class='ocr_par' dir='ltr' id='par_1_97' title="bbox 1031 1707 1822 1747">
     <span class='ocr_line' id='line_1_97' title="bbox 1031 1707 1822 1747; baseline 0.004 -12"><span class='ocrx_word' id='word_1_735' title='bbox 1031 1709 1124 1736; x_wconf 85' lang='grc' dir='ltr'><strong>κακῶν</strong></span> <span class='ocrx_word' id='word_1_736' title='bbox 1138 1707 1173 1745; x_wconf 82' lang='grc' dir='ltr'><strong>ἦν</strong></span> <span class='ocrx_word' id='word_1_737' title='bbox 1186 1710 1271 1742; x_wconf 79' lang='grc' dir='ltr'><strong>ἐντός.</strong></span> <span class='ocrx_word' id='word_1_738' title='bbox 1290 1710 1336 1736; x_wconf 76' lang='grc' dir='ltr'><strong>Διὸ</strong></span> <span class='ocrx_word' id='word_1_739' title='bbox 1347 1711 1394 1737; x_wconf 63' lang='grc' dir='ltr'><strong>καί⁸</strong></span> <span class='ocrx_word' id='word_1_740' title='bbox 1406 1710 1514 1747; x_wconf 87' lang='grc' dir='ltr'><strong>θρηνῶν</strong></span> <span class='ocrx_word' id='word_1_741' title='bbox 1526 1711 1560 1738; x_wconf 82' lang='grc' dir='ltr'><strong>τὰ</strong></span> <span class='ocrx_word' id='word_1_742' title='bbox 1573 1712 1762 1747; x_wconf 86' lang='grc' dir='ltr'><strong>ἁμαρτήματα</strong></span> <span class='ocrx_word' id='word_1_743' title='bbox 1773 1712 1822 1738; x_wconf 87' lang='grc' dir='ltr'><strong>αὺ-</strong></span> 
     </span>
    </p>
   </div>
   <div class='ocr_carea' id='block_1_98' title="bbox 1031 1755 1822 1791">
    <p class='ocr_par' dir='ltr' id='par_1_98' title="bbox 1031 1755 1822 1791">
     <span class='ocr_line' id='line_1_98' title="bbox 1031 1755 1822 1791; baseline 0.004 -10"><span class='ocrx_word' id='word_1_744' title='bbox 1031 1755 1078 1782; x_wconf 85' lang='grc' dir='ltr'><strong>τοῦ</strong></span> <span class='ocrx_word' id='word_1_745' title='bbox 1100 1755 1202 1789; x_wconf 73' lang='grc' dir='ltr'><strong>ἐλεγεν·</strong></span> <span class='ocrx_word' id='word_1_746' title='bbox 1228 1755 1307 1782; x_wconf 78' lang='grc' dir='ltr'><strong>Ὧσεί</strong></span> <span class='ocrx_word' id='word_1_747' title='bbox 1320 1757 1444 1790; x_wconf 77' lang='grc' dir='ltr'><strong>φορτίον</strong></span> <span class='ocrx_word' id='word_1_748' title='bbox 1457 1757 1538 1791; x_wconf 79' lang='grc' dir='ltr'><strong>βαρὺ</strong></span> <span class='ocrx_word' id='word_1_749' title='bbox 1550 1757 1762 1791; x_wconf 77' lang='grc' dir='ltr'><strong>ἑϐσρύνθησαν</strong></span> <span class='ocrx_word' id='word_1_750' title='bbox 1774 1757 1822 1784; x_wconf 67' lang='grc' dir='ltr'><strong>ἐπ’</strong></span> 
     </span>
    </p>
   </div>
   <div class='ocr_carea' id='block_1_99' title="bbox 1031 1801 1822 1838">
    <p class='ocr_par' dir='ltr' id='par_1_99' title="bbox 1031 1801 1822 1838">
     <span class='ocr_line' id='line_1_99' title="bbox 1031 1801 1822 1838; baseline 0.003 -10"><span class='ocrx_word' id='word_1_751' title='bbox 1031 1801 1092 1836; x_wconf 77' lang='grc' dir='ltr'><strong>ἐμέ.</strong></span> <span class='ocrx_word' id='word_1_752' title='bbox 1106 1801 1304 1835; x_wconf 77' lang='grc' dir='ltr'><strong>Προσώζεσιιν·</strong></span> <span class='ocrx_word' id='word_1_753' title='bbox 1318 1802 1367 1829; x_wconf 83' lang='grc' dir='ltr'><strong>καὶ</strong></span> <span class='ocrx_word' id='word_1_754' title='bbox 1383 1802 1546 1836; x_wconf 79' lang='grc' dir='ltr'><strong>ὲσάπησαν</strong></span> <span class='ocrx_word' id='word_1_755' title='bbox 1558 1804 1586 1829; x_wconf 89' lang='grc' dir='ltr'><strong>οι</strong></span> <span class='ocrx_word' id='word_1_756' title='bbox 1602 1802 1748 1837; x_wconf 68' lang='grc' dir='ltr'><strong>μώλωπές</strong></span> <span class='ocrx_word' id='word_1_757' title='bbox 1761 1811 1822 1838; x_wconf 85' lang='grc' dir='ltr'><strong>μου</strong></span> 
     </span>
    </p>
   </div>
   <div class='ocr_carea' id='block_1_100' title="bbox 1032 1847 1621 1883">
    <p class='ocr_par' dir='ltr' id='par_1_100' title="bbox 1032 1847 1621 1883">
     <span class='ocr_line' id='line_1_100' title="bbox 1032 1847 1621 1883; baseline 0.003 -9"><span class='ocrx_word' id='word_1_758' title='bbox 1032 1847 1091 1875; x_wconf 80' lang='grc' dir='ltr'><strong>ἀπὸ</strong></span> <span class='ocrx_word' id='word_1_759' title='bbox 1104 1847 1268 1882; x_wconf 79' lang='grc' dir='ltr'><strong>προσώπου</strong></span> <span class='ocrx_word' id='word_1_760' title='bbox 1286 1847 1341 1883; x_wconf 80' lang='grc' dir='ltr'><strong>τῆς</strong></span> <span class='ocrx_word' id='word_1_761' title='bbox 1357 1848 1534 1883; x_wconf 68' lang='grc' dir='ltr'><strong>ἀφροσύνης</strong></span> <span class='ocrx_word' id='word_1_762' title='bbox 1551 1857 1621 1883; x_wconf 84' lang='grc' dir='ltr'><strong>μου.</strong></span> 
     </span>
    </p>
   </div>
   <div class='ocr_carea' id='block_1_101' title="bbox 1066 1937 1823 1974">
    <p class='ocr_par' dir='ltr' id='par_1_101' title="bbox 1066 1937 1823 1974">
     <span class='ocr_line' id='line_1_101' title="bbox 1066 1937 1823 1974; baseline -0.001 -9"><span class='ocrx_word' id='word_1_763' title='bbox 1066 1937 1098 1965; x_wconf 87' lang='grc' dir='ltr'><strong>δ’.</strong></span> <span class='ocrx_word' id='word_1_764' title='bbox 1116 1938 1153 1964; x_wconf 86' lang='grc' dir='ltr'><strong>Οὐ</strong></span> <span class='ocrx_word' id='word_1_765' title='bbox 1175 1937 1265 1964; x_wconf 86' lang='grc' dir='ltr'><strong>τοίνυν</strong></span> <span class='ocrx_word' id='word_1_766' title='bbox 1282 1937 1339 1974; x_wconf 81' lang='grc' dir='ltr'><strong>ἔχει</strong></span> <span class='ocrx_word' id='word_1_767' title='bbox 1359 1937 1422 1964; x_wconf 87' lang='grc' dir='ltr'><strong>νοῦν</strong></span> <span class='ocrx_word' id='word_1_768' title='bbox 1435 1938 1449 1964; x_wconf 82' lang='grc' dir='ltr'>ὁ</span> <span class='ocrx_word' id='word_1_769' title='bbox 1462 1937 1643 1973; x_wconf 77' lang='grc' dir='ltr'><strong>ἁμαρτάνων·</strong></span> <span class='ocrx_word' id='word_1_770' title='bbox 1657 1937 1752 1972; x_wconf 73' lang='grc' dir='ltr'><strong>μεθύει</strong></span> <span class='ocrx_word' id='word_1_771' title='bbox 1768 1937 1823 1973; x_wconf 80' lang='grc' dir='ltr'><strong>γὰρ</strong></span> 
     </span>
    </p>
   </div>
   <div class='ocr_carea' id='block_1_102' title="bbox 1033 1983 1822 2020">
    <p class='ocr_par' dir='ltr' id='par_1_102' title="bbox 1033 1983 1822 2020">
     <span class='ocr_line' id='line_1_102' title="bbox 1033 1983 1822 2020; baseline -0.001 -9"><span class='ocrx_word' id='word_1_772' title='bbox 1033 1984 1079 2012; x_wconf 77' lang='grc' dir='ltr'><strong>καὶ</strong></span> <span class='ocrx_word' id='word_1_773' title='bbox 1101 1984 1260 2011; x_wconf 83' lang='grc' dir='ltr'><strong>ἐσκότωται.</strong></span> <span class='ocrx_word' id='word_1_774' title='bbox 1284 1985 1330 2020; x_wconf 84' lang='grc' dir='ltr'><strong>Μὴ</strong></span> <span class='ocrx_word' id='word_1_775' title='bbox 1347 1984 1379 2020; x_wconf 83' lang='grc' dir='ltr'><strong>δὴ</strong></span> <span class='ocrx_word' id='word_1_776' title='bbox 1396 1983 1483 2011; x_wconf 87' lang='grc' dir='ltr'><strong>ταῦτα</strong></span> <span class='ocrx_word' id='word_1_777' title='bbox 1504 1984 1577 2018; x_wconf 85' lang='grc' dir='ltr'><strong>λέγε,</strong></span> <span class='ocrx_word' id='word_1_778' title='bbox 1600 1985 1667 2020; x_wconf 86' lang='grc' dir='ltr'><strong>μηδέ</strong></span> <span class='ocrx_word' id='word_1_779' title='bbox 1683 1985 1822 2019; x_wconf 83' lang='grc' dir='ltr'><strong>προστίθει</strong></span> 
     </span>
    </p>
   </div>
   <div class='ocr_carea' id='block_1_103' title="bbox 1032 2030 1823 2066">
    <p class='ocr_par' dir='ltr' id='par_1_103' title="bbox 1032 2030 1823 2066">
     <span class='ocr_line' id='line_1_103' title="bbox 1032 2030 1823 2066; baseline -0.003 -8"><span class='ocrx_word' id='word_1_780' title='bbox 1032 2031 1130 2064; x_wconf 78' lang='grc' dir='ltr'><strong>ἐκεῖνο,</strong></span> <span class='ocrx_word' id='word_1_781' title='bbox 1143 2031 1183 2057; x_wconf 85' lang='grc' dir='ltr'><strong>δτι</strong></span> <span class='ocrx_word' id='word_1_782' title='bbox 1194 2030 1276 2058; x_wconf 76' lang='grc' dir='ltr'><strong>Οὐδέν</strong></span> <span class='ocrx_word' id='word_1_783' title='bbox 1293 2039 1338 2066; x_wconf 91' lang='grc' dir='ltr'><strong>μοι</strong></span> <span class='ocrx_word' id='word_1_784' title='bbox 1358 2030 1444 2066; x_wconf 85' lang='grc' dir='ltr'><strong>μέλει·</strong></span> <span class='ocrx_word' id='word_1_785' title='bbox 1459 2031 1611 2063; x_wconf 79' lang='grc' dir='ltr'><strong>Ἕκαστος</strong></span> <span class='ocrx_word' id='word_1_786' title='bbox 1625 2030 1680 2065; x_wconf 81' lang='grc' dir='ltr'><strong>γὰρ</strong></span> <span class='ocrx_word' id='word_1_787' title='bbox 1697 2030 1731 2057; x_wconf 83' lang='grc' dir='ltr'><strong>τὸ</strong></span> <span class='ocrx_word' id='word_1_788' title='bbox 1743 2030 1823 2056; x_wconf 64' lang='lat' dir='ltr'><strong>lator</strong></span> 
     </span>
    </p>
   </div>
   <div class='ocr_carea' id='block_1_104' title="bbox 1031 2075 1823 2113">
    <p class='ocr_par' dir='ltr' id='par_1_104' title="bbox 1031 2075 1823 2113">
     <span class='ocr_line' id='line_1_104' title="bbox 1031 2075 1823 2113; baseline -0.004 -9"><span class='ocrx_word' id='word_1_789' title='bbox 1031 2079 1139 2113; x_wconf 76' lang='grc' dir='ltr'><strong>φορίον</strong></span> <span class='ocrx_word' id='word_1_790' title='bbox 1149 2076 1310 2110; x_wconf 77' lang='grc' dir='ltr'><strong>βαστάσει.</strong></span> <span class='ocrx_word' id='word_1_791' title='bbox 1322 2077 1374 2103; x_wconf 82' lang='grc' dir='ltr'><strong>Καὶ</strong></span> <span class='ocrx_word' id='word_1_792' title='bbox 1382 2076 1437 2112; x_wconf 78' lang='grc' dir='ltr'><strong>γάρ</strong></span> <span class='ocrx_word' id='word_1_793' title='bbox 1447 2076 1494 2103; x_wconf 74' lang='grc' dir='ltr'><strong>καὶ</strong></span> <span class='ocrx_word' id='word_1_794' title='bbox 1504 2076 1545 2102; x_wconf 75' lang='grc' dir='ltr'><strong>σοὶ</strong></span> <span class='ocrx_word' id='word_1_795' title='bbox 1557 2075 1683 2111; x_wconf 85' lang='grc' dir='ltr'><strong>μέγιστον</strong></span> <span class='ocrx_word' id='word_1_796' title='bbox 1694 2075 1823 2110; x_wconf 73' lang='grc' dir='ltr'><strong>ἔγκλημα</strong></span> 
     </span>
    </p>
   </div>
   <div class='ocr_carea' id='block_1_105' title="bbox 1033 2121 1825 2159">
    <p class='ocr_par' dir='ltr' id='par_1_105' title="bbox 1033 2121 1825 2159">
     <span class='ocr_line' id='line_1_105' title="bbox 1033 2121 1825 2159; baseline -0.003 -9"><span class='ocrx_word' id='word_1_797' title='bbox 1033 2123 1141 2159; x_wconf 84' lang='grc' dir='ltr'><strong>φύεται,</strong></span> <span class='ocrx_word' id='word_1_798' title='bbox 1151 2123 1191 2150; x_wconf 78' lang='grc' dir='ltr'><strong>ὅτι</strong></span> <span class='ocrx_word' id='word_1_799' title='bbox 1203 2122 1411 2158; x_wconf 83' lang='grc' dir='ltr'><strong>πεπλανημένον</strong></span> <span class='ocrx_word' id='word_1_800' title='bbox 1422 2121 1483 2149; x_wconf 87' lang='grc' dir='ltr'><strong>Ιδὼν</strong></span> <span class='ocrx_word' id='word_1_801' title='bbox 1494 2122 1543 2148; x_wconf 83' lang='grc' dir='ltr'><strong>οὐκ</strong></span> <span class='ocrx_word' id='word_1_802' title='bbox 1555 2121 1717 2157; x_wconf 84' lang='grc' dir='ltr'><strong>ἀνέστησας.</strong></span> <span class='ocrx_word' id='word_1_803' title='bbox 1730 2121 1761 2148; x_wconf 78' lang='lat' dir='ltr'><strong>El</strong></span> <span class='ocrx_word' id='word_1_804' title='bbox 1769 2121 1825 2157; x_wconf 82' lang='grc' dir='ltr'><strong>γὰρ</strong></span> 
     </span>
    </p>
   </div>
   <div class='ocr_carea' id='block_1_106' title="bbox 1032 2167 1823 2205">
    <p class='ocr_par' dir='ltr' id='par_1_106' title="bbox 1032 2167 1823 2205">
     <span class='ocr_line' id='line_1_106' title="bbox 1032 2167 1823 2205; baseline -0.005 -8"><span class='ocrx_word' id='word_1_805' title='bbox 1032 2170 1063 2197; x_wconf 73' lang='grc' dir='ltr'><strong>τὸ</strong></span> <span class='ocrx_word' id='word_1_806' title='bbox 1080 2169 1227 2204; x_wconf 76' lang='grc' dir='ltr'><strong>ὑποζύγιον</strong></span> <span class='ocrx_word' id='word_1_807' title='bbox 1243 2169 1290 2196; x_wconf 87' lang='grc' dir='ltr'><strong>τοῦ</strong></span> <span class='ocrx_word' id='word_1_808' title='bbox 1309 2168 1408 2205; x_wconf 79' lang='grc' dir='ltr'><strong>ἐχθροῦ</strong></span> <span class='ocrx_word' id='word_1_809' title='bbox 1428 2168 1500 2196; x_wconf 85' lang='grc' dir='ltr'><strong>κατά</strong></span> <span class='ocrx_word' id='word_1_810' title='bbox 1516 2169 1562 2195; x_wconf 74' lang='grc' dir='ltr'><strong>τὸν</strong></span> <span class='ocrx_word' id='word_1_811' title='bbox 1582 2167 1717 2195; x_wconf 85' lang='grc' dir='ltr'><strong>Ἰουδαίων</strong></span> <span class='ocrx_word' id='word_1_812' title='bbox 1741 2167 1823 2203; x_wconf 85' lang='grc' dir='ltr'><strong>νόμον</strong></span> 
     </span>
    </p>
   </div>
   <div class='ocr_carea' id='block_1_107' title="bbox 1033 2213 1824 2252">
    <p class='ocr_par' dir='ltr' id='par_1_107' title="bbox 1033 2213 1824 2252">
     <span class='ocr_line' id='line_1_107' title="bbox 1033 2213 1824 2252; baseline -0.004 -10"><span class='ocrx_word' id='word_1_813' title='bbox 1033 2216 1157 2252; x_wconf 78' lang='grc' dir='ltr'><strong>παρορᾷν</strong></span> <span class='ocrx_word' id='word_1_814' title='bbox 1172 2216 1202 2242; x_wconf 86' lang='grc' dir='ltr'><strong>οὺ</strong></span> <span class='ocrx_word' id='word_1_815' title='bbox 1218 2215 1281 2251; x_wconf 85' lang='grc' dir='ltr'><strong>χρὴ,</strong></span> <span class='ocrx_word' id='word_1_816' title='bbox 1294 2216 1308 2242; x_wconf 79' lang='grc' dir='ltr'><strong>ὁ</strong></span> <span class='ocrx_word' id='word_1_817' title='bbox 1325 2215 1363 2251; x_wconf 86' lang='grc' dir='ltr'><strong>μὴ</strong></span> <span class='ocrx_word' id='word_1_818' title='bbox 1375 2214 1522 2249; x_wconf 79' lang='grc' dir='ltr'><strong>ὑποζύγιον</strong></span> <span class='ocrx_word' id='word_1_819' title='bbox 1541 2214 1609 2250; x_wconf 85' lang='grc' dir='ltr'><strong>μηδὲ</strong></span> <span class='ocrx_word' id='word_1_820' title='bbox 1621 2213 1720 2249; x_wconf 79' lang='grc' dir='ltr'><strong>ἐχθροῦ</strong></span> <span class='ocrx_word' id='word_1_821' title='bbox 1733 2213 1824 2248; x_wconf 80' lang='grc' dir='ltr'><strong>ψυχὴν</strong></span> 
     </span>
    </p>
   </div>
   <div class='ocr_carea' id='block_1_108' title="bbox 1033 2260 1825 2298">
    <p class='ocr_par' dir='ltr' id='par_1_108' title="bbox 1033 2260 1825 2298">
     <span class='ocr_line' id='line_1_108' title="bbox 1033 2260 1825 2298; baseline -0.004 -10"><span class='ocrx_word' id='word_1_822' title='bbox 1033 2262 1223 2298; x_wconf 80' lang='grc' dir='ltr'><strong>ἀπολλυμένην</strong></span> <span class='ocrx_word' id='word_1_823' title='bbox 1238 2262 1385 2297; x_wconf 82' lang='grc' dir='ltr'><strong>περιορῶν,</strong></span> <span class='ocrx_word' id='word_1_824' title='bbox 1401 2261 1469 2288; x_wconf 83' lang='grc' dir='ltr'><strong>ἀλλά</strong></span> <span class='ocrx_word' id='word_1_825' title='bbox 1486 2261 1574 2296; x_wconf 83' lang='grc' dir='ltr'><strong>φίλου,</strong></span> <span class='ocrx_word' id='word_1_826' title='bbox 1589 2260 1669 2288; x_wconf 82' lang='grc' dir='ltr'><strong>ποίαν</strong></span> <span class='ocrx_word' id='word_1_827' title='bbox 1686 2260 1742 2294; x_wconf 73' lang='grc' dir='ltr'><strong>ἔξει</strong></span> <span class='ocrx_word' id='word_1_828' title='bbox 1760 2267 1825 2293; x_wconf 75' lang='grc' dir='ltr'><strong>συγ-</strong></span> 
     </span>
    </p>
   </div>
   <div class='ocr_carea' id='block_1_109' title="bbox 1033 2305 1824 2343">
    <p class='ocr_par' dir='ltr' id='par_1_109' title="bbox 1033 2305 1824 2343">
     <span class='ocr_line' id='line_1_109' title="bbox 1033 2305 1824 2343; baseline -0.004 -9"><span class='ocrx_word' id='word_1_829' title='bbox 1033 2307 1164 2343; x_wconf 85' lang='grc' dir='ltr'><strong>γνώμην;</strong></span> <span class='ocrx_word' id='word_1_830' title='bbox 1178 2307 1245 2334; x_wconf 78' lang='grc' dir='ltr'><strong>Οὐδὲ</strong></span> <span class='ocrx_word' id='word_1_831' title='bbox 1259 2307 1313 2342; x_wconf 86' lang='grc' dir='ltr'><strong>γὰρ</strong></span> <span class='ocrx_word' id='word_1_832' title='bbox 1327 2307 1408 2342; x_wconf 81' lang='grc' dir='ltr'><strong>ἀρκεῖ</strong></span> <span class='ocrx_word' id='word_1_833' title='bbox 1420 2308 1459 2338; x_wconf 84' lang='grc' dir='ltr'><strong>είς</strong></span> <span class='ocrx_word' id='word_1_834' title='bbox 1474 2307 1624 2341; x_wconf 86' lang='grc' dir='ltr'><strong>ἀπολογίαν</strong></span> <span class='ocrx_word' id='word_1_835' title='bbox 1639 2306 1704 2342; x_wconf 87' lang='grc' dir='ltr'><strong>ἡμῖν</strong></span> <span class='ocrx_word' id='word_1_836' title='bbox 1717 2305 1748 2332; x_wconf 83' lang='grc' dir='ltr'><strong>τδ</strong></span> <span class='ocrx_word' id='word_1_837' title='bbox 1762 2305 1824 2332; x_wconf 83' lang='grc' dir='ltr'><strong>νοῦν</strong></span> 
     </span>
    </p>
   </div>
   <div class='ocr_carea' id='block_1_110' title="bbox 1034 2353 1825 2389">
    <p class='ocr_par' dir='ltr' id='par_1_110' title="bbox 1034 2353 1825 2389">
     <span class='ocr_line' id='line_1_110' title="bbox 1034 2353 1825 2389; baseline -0.003 -9"><span class='ocrx_word' id='word_1_838' title='bbox 1034 2354 1107 2389; x_wconf 79' lang='grc' dir='ltr'><strong>ἔχειν</strong></span> <span class='ocrx_word' id='word_1_839' title='bbox 1121 2354 1235 2381; x_wconf 85' lang='grc' dir='ltr'><strong>ἐκεῖνον·</strong></span> <span class='ocrx_word' id='word_1_840' title='bbox 1253 2354 1316 2380; x_wconf 81' lang='grc' dir='ltr'><strong>ἐπεὶ</strong></span> <span class='ocrx_word' id='word_1_841' title='bbox 1328 2354 1375 2380; x_wconf 86' lang='grc' dir='ltr'><strong>κα¹ι</strong></span> <span class='ocrx_word' id='word_1_842' title='bbox 1389 2354 1469 2389; x_wconf 80' lang='grc' dir='ltr'><strong>ἡμεῖς</strong></span> <span class='ocrx_word' id='word_1_843' title='bbox 1482 2353 1568 2380; x_wconf 85' lang='grc' dir='ltr'><strong>πολλὰ</strong></span> <span class='ocrx_word' id='word_1_844' title='bbox 1583 2353 1712 2384; x_wconf 85' lang='grc' dir='ltr'><strong>πολλάκις</strong></span> <span class='ocrx_word' id='word_1_845' title='bbox 1725 2360 1825 2387; x_wconf 83' lang='grc' dir='ltr'><strong>παραι-</strong></span> 
     </span>
    </p>
   </div>
   <div class='ocr_carea' id='block_1_111' title="bbox 1033 2398 1825 2436">
    <p class='ocr_par' dir='ltr' id='par_1_111' title="bbox 1033 2398 1825 2436">
     <span class='ocr_line' id='line_1_111' title="bbox 1033 2398 1825 2436; baseline -0.003 -9"><span class='ocrx_word' id='word_1_846' title='bbox 1033 2400 1177 2434; x_wconf 82' lang='grc' dir='ltr'><strong>νέσαντες,</strong></span> <span class='ocrx_word' id='word_1_847' title='bbox 1191 2401 1298 2431; x_wconf 79' lang='grc' dir='ltr'><strong>ἑαυτοῖς</strong></span> <span class='ocrx_word' id='word_1_848' title='bbox 1319 2400 1369 2427; x_wconf 83' lang='grc' dir='ltr'><strong>οὐκ</strong></span> <span class='ocrx_word' id='word_1_849' title='bbox 1395 2400 1566 2436; x_wconf 84' lang='grc' dir='ltr'><strong>ἡρκέσαμεν,</strong></span> <span class='ocrx_word' id='word_1_850' title='bbox 1589 2399 1650 2426; x_wconf 86' lang='grc' dir='ltr'><strong>οὺδέ</strong></span> <span class='ocrx_word' id='word_1_851' title='bbox 1675 2398 1825 2435; x_wconf 84' lang='grc' dir='ltr'><strong>ἐγενόμεθα</strong></span> 
     </span>
    </p>
   </div>
   <div class='ocr_carea' id='block_1_112' title="bbox 1033 2443 1824 2481">
    <p class='ocr_par' dir='ltr' id='par_1_112' title="bbox 1033 2443 1824 2481">
     <span class='ocr_line' id='line_1_112' title="bbox 1033 2443 1824 2481; baseline -0.003 -9"><span class='ocrx_word' id='word_1_852' title='bbox 1033 2445 1173 2481; x_wconf 86' lang='grc' dir='ltr'><strong>χρήσιμοι.</strong></span> <span class='ocrx_word' id='word_1_853' title='bbox 1189 2444 1274 2471; x_wconf 86' lang='grc' dir='ltr'><strong>Τοῦτο</strong></span> <span class='ocrx_word' id='word_1_854' title='bbox 1288 2445 1378 2472; x_wconf 82' lang='grc' dir='ltr'><strong>τοίνυν</strong></span> <span class='ocrx_word' id='word_1_855' title='bbox 1397 2446 1444 2472; x_wconf 78' lang='grc' dir='ltr'><strong>καὶ</strong></span> <span class='ocrx_word' id='word_1_856' title='bbox 1464 2445 1528 2480; x_wconf 79' lang='grc' dir='ltr'><strong>περὶ</strong></span> <span class='ocrx_word' id='word_1_857' title='bbox 1543 2444 1647 2471; x_wconf 87' lang='grc' dir='ltr'><strong>ἐκείνου</strong></span> <span class='ocrx_word' id='word_1_858' title='bbox 1662 2444 1759 2470; x_wconf 87' lang='grc' dir='ltr'><strong>σκόπει</strong></span> <span class='ocrx_word' id='word_1_859' title='bbox 1777 2443 1824 2470; x_wconf 82' lang='grc' dir='ltr'><strong>τοῦ</strong></span> 
     </span>
    </p>
   </div>
   <div class='ocr_carea' id='block_1_113' title="bbox 1033 2488 1824 2526">
    <p class='ocr_par' dir='ltr' id='par_1_113' title="bbox 1033 2488 1824 2526">
     <span class='ocr_line' id='line_1_113' title="bbox 1033 2488 1824 2526; baseline -0.003 -8"><span class='ocrx_word' id='word_1_860' title='bbox 1033 2490 1268 2526; x_wconf 81' lang='grc' dir='ltr'><strong>πλημμελοῦντος,</strong></span> <span class='ocrx_word' id='word_1_861' title='bbox 1285 2491 1326 2517; x_wconf 80' lang='grc' dir='ltr'><strong>ὃτι</strong></span> <span class='ocrx_word' id='word_1_862' title='bbox 1344 2490 1416 2522; x_wconf 73' lang='grc' dir='ltr'><strong>εἰκὸς</strong></span> <span class='ocrx_word' id='word_1_863' title='bbox 1430 2491 1511 2517; x_wconf 78' lang='grc' dir='ltr'><strong>αὑτὸν</strong></span> <span class='ocrx_word' id='word_1_864' title='bbox 1527 2490 1603 2526; x_wconf 81' lang='grc' dir='ltr'><strong>παρὰ</strong></span> <span class='ocrx_word' id='word_1_865' title='bbox 1619 2490 1667 2516; x_wconf 88' lang='grc' dir='ltr'><strong>σοῦ</strong></span> <span class='ocrx_word' id='word_1_866' title='bbox 1681 2489 1792 2524; x_wconf 82' lang='grc' dir='ltr'><strong>μᾶλλον,</strong></span> <span class='ocrx_word' id='word_1_867' title='bbox 1807 2488 1824 2523; x_wconf 81' lang='grc' dir='ltr'>ἢ</span> 
     </span>
    </p>
   </div>
   <div class='ocr_carea' id='block_1_114' title="bbox 1033 2533 1825 2572">
    <p class='ocr_par' dir='ltr' id='par_1_114' title="bbox 1033 2533 1825 2572">
     <span class='ocr_line' id='line_1_114' title="bbox 1033 2533 1825 2572; baseline -0.003 -9"><span class='ocrx_word' id='word_1_868' title='bbox 1033 2537 1097 2572; x_wconf 79' lang='grc' dir='ltr'><strong>παρ’</strong></span> <span class='ocrx_word' id='word_1_869' title='bbox 1117 2536 1214 2563; x_wconf 83' lang='grc' dir='ltr'><strong>ἑαυτοῦ</strong></span> <span class='ocrx_word' id='word_1_870' title='bbox 1235 2536 1364 2568; x_wconf 81' lang='grc' dir='ltr'><strong>δέξασθαι</strong></span> <span class='ocrx_word' id='word_1_871' title='bbox 1386 2535 1553 2571; x_wconf 78' lang='grc' dir='ltr'><strong>συμϐουλίαν</strong></span> <span class='ocrx_word' id='word_1_872' title='bbox 1575 2535 1702 2571; x_wconf 84' lang='grc' dir='ltr'><strong>ἀρίστην,</strong></span> <span class='ocrx_word' id='word_1_873' title='bbox 1722 2534 1772 2562; x_wconf 82' lang='grc' dir='ltr'><strong>καὶ</strong></span> <span class='ocrx_word' id='word_1_874' title='bbox 1788 2533 1825 2569; x_wconf 83' lang='grc' dir='ltr'><strong>μὴ</strong></span> 
     </span>
    </p>
   </div>
   <div class='ocr_carea' id='block_1_115' title="bbox 1033 2579 1825 2616">
    <p class='ocr_par' dir='ltr' id='par_1_115' title="bbox 1033 2579 1825 2616">
     <span class='ocr_line' id='line_1_115' title="bbox 1033 2579 1825 2616; baseline -0.003 -9"><span class='ocrx_word' id='word_1_875' title='bbox 1033 2581 1107 2615; x_wconf 86' lang='grc' dir='ltr'><strong>λέγε·</strong></span> <span class='ocrx_word' id='word_1_876' title='bbox 1123 2581 1155 2606; x_wconf 91' lang='grc' dir='ltr'><strong>Τί</strong></span> <span class='ocrx_word' id='word_1_877' title='bbox 1166 2581 1194 2607; x_wconf 88' lang='grc' dir='ltr'><strong>δέ</strong></span> <span class='ocrx_word' id='word_1_878' title='bbox 1211 2589 1256 2616; x_wconf 88' lang='grc' dir='ltr'><strong>μοι</strong></span> <span class='ocrx_word' id='word_1_879' title='bbox 1271 2581 1347 2616; x_wconf 80' lang='grc' dir='ltr'><strong>μέλει</strong></span> <span class='ocrx_word' id='word_1_880' title='bbox 1362 2580 1484 2615; x_wconf 83' lang='grc' dir='ltr'><strong>τούτων;</strong></span> <span class='ocrx_word' id='word_1_881' title='bbox 1503 2580 1638 2616; x_wconf 72' lang='grc' dir='ltr'><strong>Φοϐήθητι</strong></span> <span class='ocrx_word' id='word_1_882' title='bbox 1650 2580 1698 2606; x_wconf 82' lang='grc' dir='ltr'><strong>τὸν</strong></span> <span class='ocrx_word' id='word_1_883' title='bbox 1718 2579 1825 2615; x_wconf 87' lang='grc' dir='ltr'><strong>πρῶτον</strong></span> 
     </span>
    </p>
   </div>
   <div class='ocr_carea' id='block_1_116' title="bbox 1033 2624 1825 2662">
    <p class='ocr_par' dir='ltr' id='par_1_116' title="bbox 1033 2624 1825 2662">
     <span class='ocr_line' id='line_1_116' title="bbox 1033 2624 1825 2662; baseline -0.001 -10"><span class='ocrx_word' id='word_1_884' title='bbox 1033 2626 1166 2662; x_wconf 79' lang='grc' dir='ltr'><strong>εἰρηκότα</strong></span> <span class='ocrx_word' id='word_1_885' title='bbox 1179 2626 1209 2653; x_wconf 80' lang='grc' dir='ltr'><strong>τὸ</strong></span> <span class='ocrx_word' id='word_1_886' title='bbox 1221 2626 1298 2662; x_wconf 79' lang='grc' dir='ltr'><strong>ῥῆμα</strong></span> <span class='ocrx_word' id='word_1_887' title='bbox 1310 2626 1399 2653; x_wconf 83' lang='grc' dir='ltr'><strong>τοῦτο·</strong></span> <span class='ocrx_word' id='word_1_888' title='bbox 1413 2626 1444 2654; x_wconf 78' lang='grc' dir='ltr'><strong>τὸ</strong></span> <span class='ocrx_word' id='word_1_889' title='bbox 1454 2626 1519 2662; x_wconf 77' lang='grc' dir='ltr'><strong>γὰρ,</strong></span> <span class='ocrx_word' id='word_1_890' title='bbox 1532 2625 1581 2660; x_wconf 78' lang='grc' dir='ltr'><strong>Μὴ</strong></span> <span class='ocrx_word' id='word_1_891' title='bbox 1592 2625 1695 2661; x_wconf 73' lang='grc' dir='ltr'><strong>φύλαξ</strong></span> <span class='ocrx_word' id='word_1_892' title='bbox 1703 2625 1761 2660; x_wconf 68' lang='grc' dir='ltr'><strong>ειμι</strong></span> <span class='ocrx_word' id='word_1_893' title='bbox 1771 2624 1825 2651; x_wconf 82' lang='grc' dir='ltr'><strong>τοῦ</strong></span> 
     </span>
    </p>
   </div>
   <div class='ocr_carea' id='block_1_117' title="bbox 1033 2669 1824 2708">
    <p class='ocr_par' dir='ltr' id='par_1_117' title="bbox 1033 2669 1824 2708">
     <span class='ocr_line' id='line_1_117' title="bbox 1033 2669 1824 2708; baseline -0.003 -10"><span class='ocrx_word' id='word_1_894' title='bbox 1033 2671 1167 2706; x_wconf 75' lang='grc' dir='ltr'><strong>ἀδελφοῦ</strong></span> <span class='ocrx_word' id='word_1_895' title='bbox 1180 2680 1258 2706; x_wconf 60' lang='lat' dir='ltr'><strong>you;</strong></span> <span class='ocrx_word' id='word_1_896' title='bbox 1272 2673 1312 2704; x_wconf 81' lang='grc' dir='ltr'><strong>εἰς</strong></span> <span class='ocrx_word' id='word_1_897' title='bbox 1327 2672 1425 2698; x_wconf 82' lang='grc' dir='ltr'><strong>ταυτὸν</strong></span> <span class='ocrx_word' id='word_1_898' title='bbox 1442 2672 1520 2708; x_wconf 86' lang='grc' dir='ltr'><strong>φέρει</strong></span> <span class='ocrx_word' id='word_1_899' title='bbox 1533 2671 1632 2706; x_wconf 82' lang='grc' dir='ltr'><strong>τούτῳ·</strong></span> <span class='ocrx_word' id='word_1_900' title='bbox 1650 2671 1775 2697; x_wconf 79' lang='grc' dir='ltr'><strong>ἐντεῦθεν</strong></span> <span class='ocrx_word' id='word_1_901' title='bbox 1791 2669 1824 2696; x_wconf 77' lang='grc' dir='ltr'><strong>τὰ</strong></span> 
     </span>
    </p>
   </div>
   <div class='ocr_carea' id='block_1_118' title="bbox 1033 2716 1826 2753">
    <p class='ocr_par' dir='ltr' id='par_1_118' title="bbox 1033 2716 1826 2753">
     <span class='ocr_line' id='line_1_118' title="bbox 1033 2716 1826 2753; baseline -0.001 -9"><span class='ocrx_word' id='word_1_902' title='bbox 1033 2717 1107 2744; x_wconf 86' lang='grc' dir='ltr'><strong>κακά</strong></span> <span class='ocrx_word' id='word_1_903' title='bbox 1123 2718 1244 2744; x_wconf 82' lang='grc' dir='ltr'><strong>τίκτεται</strong></span> <span class='ocrx_word' id='word_1_904' title='bbox 1262 2718 1366 2750; x_wconf 82' lang='grc' dir='ltr'><strong>πάντα,</strong></span> <span class='ocrx_word' id='word_1_905' title='bbox 1379 2718 1421 2745; x_wconf 83' lang='grc' dir='ltr'><strong>ὅτι</strong></span> <span class='ocrx_word' id='word_1_906' title='bbox 1435 2718 1470 2745; x_wconf 88' lang='grc' dir='ltr'><strong>τά</strong></span> <span class='ocrx_word' id='word_1_907' title='bbox 1485 2718 1533 2745; x_wconf 81' lang='grc' dir='ltr'><strong>τοῦ</strong></span> <span class='ocrx_word' id='word_1_908' title='bbox 1550 2717 1676 2753; x_wconf 82' lang='grc' dir='ltr'><strong>σώματος</strong></span> <span class='ocrx_word' id='word_1_909' title='bbox 1693 2716 1740 2743; x_wconf 84' lang='grc' dir='ltr'><strong>τοῦ</strong></span> <span class='ocrx_word' id='word_1_910' title='bbox 1756 2717 1826 2751; x_wconf 84' lang='grc' dir='ltr'><strong>ἡμε-</strong></span> 
     </span>
    </p>
   </div>
   <div class='ocr_carea' id='block_1_119' title="bbox 1033 2763 1825 2800">
    <p class='ocr_par' dir='ltr' id='par_1_119' title="bbox 1033 2763 1825 2800">
     <span class='ocr_line' id='line_1_119' title="bbox 1033 2763 1825 2800; baseline -0.001 -10"><span class='ocrx_word' id='word_1_911' title='bbox 1033 2764 1113 2799; x_wconf 84' lang='grc' dir='ltr'><strong>τέρου</strong></span> <span class='ocrx_word' id='word_1_912' title='bbox 1128 2764 1255 2799; x_wconf 86' lang='grc' dir='ltr'><strong>ἀλλότρια</strong></span> <span class='ocrx_word' id='word_1_913' title='bbox 1275 2764 1416 2800; x_wconf 87' lang='grc' dir='ltr'><strong>ἡγούμεθα</strong></span> <span class='ocrx_word' id='word_1_914' title='bbox 1439 2763 1519 2792; x_wconf 80' lang='grc' dir='ltr'><strong>εἶναι.</strong></span> <span class='ocrx_word' id='word_1_915' title='bbox 1540 2764 1573 2791; x_wconf 84' lang='grc' dir='ltr'><strong>Τί</strong></span> <span class='ocrx_word' id='word_1_916' title='bbox 1594 2765 1667 2799; x_wconf 86' lang='grc' dir='ltr'><strong>φής;</strong></span> <span class='ocrx_word' id='word_1_917' title='bbox 1691 2763 1767 2790; x_wconf 79' lang='grc' dir='ltr'><strong>οὐδέν</strong></span> <span class='ocrx_word' id='word_1_918' title='bbox 1784 2771 1825 2789; x_wconf 88' lang='grc' dir='ltr'><strong>σοι</strong></span> 
     </span>
    </p>
   </div>
   <div class='ocr_carea' id='block_1_120' title="bbox 1036 2808 1824 2845">
    <p class='ocr_par' dir='ltr' id='par_1_120' title="bbox 1036 2808 1824 2845">
     <span class='ocr_line' id='line_1_120' title="bbox 1036 2808 1824 2845; baseline 0 -10"><span class='ocrx_word' id='word_1_919' title='bbox 1036 2808 1112 2844; x_wconf 83' lang='grc' dir='ltr'><strong>μέλει</strong></span> <span class='ocrx_word' id='word_1_920' title='bbox 1127 2809 1174 2836; x_wconf 87' lang='grc' dir='ltr'><strong>τοῦ</strong></span> <span class='ocrx_word' id='word_1_921' title='bbox 1188 2809 1320 2844; x_wconf 85' lang='grc' dir='ltr'><strong>ἀδελφοῦ;</strong></span> <span class='ocrx_word' id='word_1_922' title='bbox 1344 2810 1425 2837; x_wconf 83' lang='grc' dir='ltr'><strong>Ἀλλά</strong></span> <span class='ocrx_word' id='word_1_923' title='bbox 1442 2810 1495 2836; x_wconf 89' lang='grc' dir='ltr'><strong>τίνι</strong></span> <span class='ocrx_word' id='word_1_924' title='bbox 1513 2810 1625 2845; x_wconf 85' lang='grc' dir='ltr'><strong>μελήσει</strong></span> <span class='ocrx_word' id='word_1_925' title='bbox 1637 2818 1644 2843; x_wconf 90' lang='grc'><strong>;</strong></span> <span class='ocrx_word' id='word_1_926' title='bbox 1656 2809 1695 2844; x_wconf 86' lang='grc' dir='ltr'><strong>τῷ</strong></span> <span class='ocrx_word' id='word_1_927' title='bbox 1706 2809 1824 2844; x_wconf 82' lang='grc' dir='ltr'><strong>ἀπίστῳ,</strong></span> 
     </span>
    </p>
   </div>
   <div class='ocr_carea' id='block_1_121' title="bbox 1034 2854 1823 2891">
    <p class='ocr_par' dir='ltr' id='par_1_121' title="bbox 1034 2854 1823 2891">
     <span class='ocr_line' id='line_1_121' title="bbox 1034 2854 1823 2891; baseline 0.001 -11"><span class='ocrx_word' id='word_1_928' title='bbox 1034 2854 1074 2891; x_wconf 81' lang='grc' dir='ltr'><strong>τῷ</strong></span> <span class='ocrx_word' id='word_1_929' title='bbox 1102 2855 1274 2891; x_wconf 85' lang='grc' dir='ltr'><strong>ἐπιχαίροντι</strong></span> <span class='ocrx_word' id='word_1_930' title='bbox 1305 2856 1353 2883; x_wconf 77' lang='grc' dir='ltr'><strong>καὶ</strong></span> <span class='ocrx_word' id='word_1_931' title='bbox 1380 2855 1537 2888; x_wconf 78' lang='grc' dir='ltr'><strong>ὀνειδίζοντι</strong></span> <span class='ocrx_word' id='word_1_932' title='bbox 1561 2855 1608 2882; x_wconf 78' lang='grc' dir='ltr'><strong>καὶ</strong></span> <span class='ocrx_word' id='word_1_933' title='bbox 1633 2854 1823 2891; x_wconf 75' lang='grc' dir='ltr'><strong>ἐναλλομένῳς</strong></span> 
     </span>
    </p>
   </div>
  </div>
