2021 3117
210 172 263 198 ΞΠ

211 233 311 259 fontem
328 229 394 258 vitii.
405 229 478 258 Sicut
491 227 562 256 enim
575 234 634 263 qua:
643 225 791 254 vehemens
805 225 884 253 fuerit
893 223 1001 255 caritas.

210 276 356 312 exstinguit
371 280 398 302 et
412 274 521 311 expellit
536 280 631 301 omnes
645 276 816 307 peccatorum
830 270 953 304 species:
967 269 1002 296 ita

209 323 292 350 etiam
306 321 413 359 quando
428 320 507 347 fuerit
520 318 694 351 imbecillior,
709 317 771 344 facit
793 323 824 344 ea
839 316 1001 351 germinare.

211 367 378 395 Harant/ut.
394 366 513 400 Quanam
539 364 573 392 de
597 370 677 391 causa
700 363 751 390 hoc
770 362 870 389 dictum
891 360 953 388 est?
975 364 1003 388 et

208 421 258 441 cur
284 420 350 440 voce
377 411 537 439 Hebraica‘l
562 410 693 444 Quoniam
718 408 840 436 omttium
868 407 1001 434 malorum

209 467 291 488 causa
305 463 364 487 erat
380 458 464 485 fastus
480 457 562 494 (hunc
574 460 662 483 autem
684 455 781 483 fastum
807 453 939 482 efficiebat
952 460 1001 480 ex-

208 510 285 533 terna
299 504 429 540 sapientia
452 512 458 530 :
475 502 502 530 et
517 503 567 530 hoc
590 502 640 530 fuit
662 505 742 536 caput
757 501 887 528 malorum
899 520 907 532 ,
929 499 1000 534 quod

207 551 324 578 maxime
333 550 441 578 divulsit
453 557 484 576 ac
495 548 586 576 divisit
596 546 764 582 Corinthum)
775 554 782 576 :
798 553 891 573 eorum
903 546 1000 572 fastum

207 597 388 632 comprimens
398 616 405 627 ,
421 603 455 623 ne
470 595 563 623 Grzeca
575 594 694 629 quidem,
710 594 756 621 sed
781 593 893 620 Hebrma
909 592 999 627 lingua

208 650 273 671 usus
286 647 338 676 est,
351 642 498 670 ostendens
512 648 541 669 se
556 649 609 668 non
624 640 704 668 modo
718 647 771 667 non
787 640 888 675 pudere
898 639 1001 674 simpli-

207 689 297 716 citatis
311 693 338 715 et
360 687 500 722 imperitiae
514 707 521 719 ,
536 686 583 714 sed
598 693 656 713 eam
669 686 750 713 etiam
764 683 999 713 vehementissime

206 739 234 762 et
247 734 434 761 ardentissime
443 732 593 768 complecti.
604 731 672 765 Quid
681 737 722 759 est
731 736 819 758 autem
831 730 999 757 Μαι-απαιήαὲ

207 779 332 806 Dominus
354 783 438 806 noster
461 779 539 806 venit.
553 774 674 812 Quanam
696 784 761 812 ergo
782 776 817 804 de
839 783 921 803 causa
947 775 999 803 hoc

207 825 293 860 ipsum
304 824 390 852 dicit?
406 823 619 859 Dispensationis
635 822 739 850 Domini
759 821 910 849 sermonem
932 829 999 849 con-

209 873 327 904 tirmans,
343 878 377 898 eo
391 870 461 905 quod
474 878 506 897 ex
523 870 556 897 iis
568 870 684 897 maxime
694 869 876 904 composuerit
895 869 997 896 semina

208 916 427 949 resurrectionis;
441 923 491 943 nec
500 915 551 943 hoc
561 915 659 948 solum,
669 915 717 943 sed
729 915 792 942 illos
804 915 884 942 etiam
896 914 998 950 pudore

206 963 326 990 afﬁciens
349 962 580 998 :quasidiceret
604 961 784 989 :Communis
806 962 925 989 omnium
945 961 998 989 Do-

207 1010 297 1037 minus
312 1013 413 1036 tantum
438 1009 562 1044 dignatus
582 1013 623 1035 est
636 1007 799 1036 descendere
814 1016 821 1034 ε
836 1015 884 1035 vos
907 1012 996 1035 autem

205 1056 234 1083 in
250 1055 343 1083 iisdem
358 1056 437 1089 estis,
461 1060 487 1083 et
499 1062 612 1090 peccare
627 1054 828 1090 perseveratis?
851 1062 905 1082 non
919 1062 999 1082 sum-’

205 1109 276 1128 mam
300 1101 438 1129 caritatem
464 1101 654 1135 obstupescitis
678 1105 705 1129 et
725 1100 910 1134 admiramini,
924 1101 995 1136 quod

205 1153 246 1175 est
268 1152 348 1182 caput
367 1147 518 1175 bonorum?
534 1147 590 1174 Hoc
612 1146 698 1175 solum
712 1167 719 1180 ,
734 1146 834 1182 inquit,
848 1147 935 1182 cogita
945 1168 952 1180 ,
968 1152 996 1175 et

204 1193 249 1221 tibi
263 1193 378 1221 sufficiet
392 1194 424 1221 ad
446 1194 592 1229 profectum
609 1194 634 1221 iu
655 1194 728 1221 omni
743 1194 856 1226 virtute,
873 1198 900 1222 et
914 1201 994 1221 omne

203 1244 342 1275 peccatum
370 1240 470 1276 poteris
496 1240 677 1276 exstinguere.
704 1240 750 1267 25.
775 1239 864 1267 Gratia
890 1240 995 1267 Domini

204 1286 282 1313 nostri
293 1286 355 1314 Iesu
369 1285 463 1314 Christi
485 1286 622 1314 uobiscum.
637 1286 693 1314 Hoc
714 1291 757 1314 est
777 1286 915 1318 doctoris,
940 1294 993 1313 non

203 1331 288 1359 solum
303 1332 423 1359 consiliis
439 1340 516 1366 opem
531 1332 602 1360 ferre
612 1353 619 1365 ,
633 1332 680 1359 sed
703 1332 783 1359 etiam
800 1333 870 1359 votis
884 1339 916 1359 ac
931 1340 993 1367 pre-

202 1378 287 1406 cibus.
303 1378 349 1405 24.
364 1378 463 1406 Caritas
482 1378 537 1405 inea
559 1387 617 1406 cum
629 1378 744 1406 omnibus
757 1378 825 1405 vobis
846 1379 874 1405 in
892 1378 993 1405 Christo

201 1423 274 1451 Iesu.
290 1425 378 1452 Amen.
393 1425 459 1452 Nam
480 1433 514 1453 ne
540 1426 727 1453 existimarent
738 1447 745 1457 ,
762 1425 832 1460 quod
845 1425 885 1453 eis
899 1433 993 1453 assen-

202 1475 262 1497 tans
286 1471 312 1498 in
333 1471 384 1498 hoc
408 1471 536 1503 desierit,
559 1471 643 1499 dicit:
659 1470 692 1498 1η
712 1471 813 1499 Christo
837 1470 910 1498 Iesu.
921 1470 992 1498 Nihil

201 1517 273 1544 enim
283 1517 362 1544 habet
371 1517 515 1544 humatmm
529 1515 616 1552 neque
628 1517 744 1550 carnale,
755 1516 802 1544 sed
815 1521 856 1544 est
869 1515 992 1552 qutcdam

202 1562 309 1590 dilectio
322 1563 478 1598 Spiritualis.
492 1563 671 1596 Quamobrem
684 1569 716 1590 ea
725 1567 768 1590 est
779 1562 857 1589 valde
864 1570 992 1597 germana

201 1613 227 1635 et
242 1609 367 1641 sincera;
394 1616 455 1635 nam
467 1608 554 1636 -valde
569 1608 684 1636 amantis
705 1612 764 1636 erat
788 1608 910 1635 verbum.
925 1607 991 1641 Quia

200 1654 272 1681 enim
293 1654 352 1682 loco
365 1654 497 1687 distabat,
512 1659 647 1689 tamquam
670 1654 783 1689 alicujus
804 1654 923 1682 dexterae
946 1661 992 1681 ex-

202 1700 333 1734 tensione,
348 1701 467 1728 caritatis
479 1700 606 1728 manibus
614 1707 661 1727 eos
673 1700 868 1735 complectitur,
879 1699 990 1728 dicens:

200 1745 301 1773 Caritas
327 1754 383 1773 mea
409 1747 536 1773 vobiscum
559 1754 569 1773 :
595 1746 671 1780 quasi
693 1745 818 1773 diceret:
839 1745 904 1773 Sum
930 1752 991 1772 eum

200 1793 276 1819 vobis
288 1792 425 1819 omnibus.
443 1791 495 1819 Per
507 1799 566 1827 quae
581 1791 710 1824 ostendit,
728 1799 780 1819 non
796 1798 857 1819 esse
871 1790 993 1826 indigna-

200 1838 281 1866 tionis
291 1842 320 1865 et
333 1838 380 1865 ira:
394 1845 454 1872 quae
466 1838 567 1873 scripta
577 1841 648 1870 sunt,
665 1837 713 1865 sed
726 1845 798 1865 cura:
808 1845 889 1873 quam
898 1845 991 1865 eorum

200 1884 280 1919 gerit,
295 1891 355 1911 cutn
367 1883 539 1919 post'tantam
564 1883 764 1911 accusationem
777 1891 826 1911 eos
845 1891 899 1911 non
912 1891 991 1910 aver-

200 1935 284 1962 setur,
302 1929 349 1958 sed
362 1934 434 1957 amet
449 1934 476 1957 et
489 1929 700 1964 complectatur,
716 1936 776 1956 cum
790 1934 880 1957 essent
898 1929 991 1963 procul

201 1976 308 2009 remoti,
325 1983 371 2010 per
384 1976 511 2010 epistolas
526 1980 556 2003 et
567 1975 615 2002 has
627 1975 721 2003 literas
736 1975 775 2002 eis
788 1975 863 2010 quasi
875 1975 990 2002 circum-

202 2023 286 2050 fusus.
302 2023 348 2050 Sic
368 2026 474 2058 oportet
492 2021 580 2050 facere
594 2030 655 2049 cum
670 2021 716 2056 qui
730 2021 850 2057 corrigit.
862 2021 926 2048 Nam
946 2022 991 2056 qni

202 2069 239 2096 ira
253 2069 377 2096 ittcitatus
392 2068 479 2096 solum
495 2068 569 2102 facit,
592 2067 686 2103 implet
699 2074 775 2095 suam
791 2068 874 2094 animi
886 2072 993 2102 pertur-

201 2114 334 2142 bationem
347 2123 354 2142 :
368 2115 412 2150 qui
427 2118 517 2142 autem
528 2118 669 2149 postquam
685 2113 805 2141 correxit
819 2117 990 2148 peccantem.

201 2162 339 2189 caritatem
360 2161 465 2196 quoque
476 2160 602 2193 exhibet,
615 2160 733 2187 ostendit
752 2159 797 2186 illa
812 2167 918 2194 quoque
933 2166 994 2187 esse

200 2207 406 2240 benevolentiae,
421 2214 481 2242 qua:
492 2206 597 2234 dicebat
610 2206 760 2240 increpans.
776 2205 820 2233 Sic
830 2213 879 2232 nos
887 2212 993 2240 quoque

201 2254 270 2280 alter
293 2253 407 2281 alterum
430 2252 585 2280 erudiamus
599 2256 626 2279 et
645 2251 806 2286 castigemus
829 2259 836 2278 τ
858 2255 886 2279 et
906 2258 993 2286 neque

200 2300 245 2334 qui
260 2299 349 2335 arguit
361 2321 369 2331 ,
385 2299 533 2331 irascatur;
551 2305 605 2325 non
620 2301 662 2325 est
684 2297 756 2325 enim
772 2297 823 2324 hoc
845 2297 993 2325 correctio-

201 2345 260 2378 nis,
274 2344 322 2372 sed
335 2345 416 2372 animi
432 2344 641 2379 perturbationis
655 2351 663 2376 ;
688 2351 775 2378 neqtte
797 2343 840 2378 qui
855 2343 991 2378 arguitur,

201 2399 271 2426 aegre
285 2390 354 2418 ferat
366 2399 373 2418 :
388 2390 459 2425 qttod
471 2390 500 2417 llt
512 2391 594 2422 enim,
607 2393 649 2417 est
661 2389 808 2420 medicina,
829 2397 883 2416 non
902 2388 992 2416 odium

200 2441 230 2464 et
241 2437 399 2464 inimicitite.
415 2437 443 2464 Si
457 2440 547 2464 autem
562 2436 658 2464 medici
673 2439 763 2468 urunt,
779 2439 807 2462 et
827 2443 880 2462 non
900 2442 994 2470 repreo

203 2482 377 2514 henduntur,
403 2482 508 2509 etiamsi
523 2489 595 2517 saepe
620 2482 748 2509 aberrent
770 2489 785 2508 a
808 2481 881 2514 ﬁne;
897 2481 944 2508 sed
967 2485 995 2508 et

200 2529 246 2564 qui
270 2528 377 2559 dolent,
392 2528 455 2555 dum
471 2532 586 2555 uruntur
608 2532 635 2555 et
656 2531 798 2560 secantur,
816 2526 948 2554 beneﬁcio
963 2534 995 2555 se

201 2573 272 2600 afﬁci
287 2574 442 2601 existimant
462 2573 496 2601 ab
511 2573 543 2600 iis
558 2573 603 2608 qui
625 2572 697 2600 hunc
711 2571 832 2600 dolorem
854 2573 971 2601 excitant
985 2581 992 2599 :

203 2619 287 2646 multo
301 2619 386 2654 magis
399 2627 478 2653 eum,
493 2619 538 2654 qui
553 2619 666 2654 suscipit
686 2619 924 2654 reprehensionem
934 2639 942 2652 ,
959 2619 993 2646 ita

197 2665 274 2692 affici
285 2669 404 2700 oportet,
417 2669 446 2692 ut
455 2673 516 2692 cum
530 2666 574 2699 qui
587 2665 694 2700 corrigit
709 2673 758 2700 pro
770 2665 874 2693 medico
886 2664 994 2698 habeat,

204 2718 256 2737 non
270 2718 320 2745 pro
336 2710 455 2738 inimico.
473 2710 558 2738 Porro
573 2718 621 2738 nos
634 2718 741 2746 quoque
755 2711 800 2746 qui
815 2711 994 2746 increpamus,

201 2756 362 2783 accedamus
381 2763 442 2784 cum
458 2755 540 2783 multa
561 2756 766 2784 mansuetudine
786 2761 813 2784 et
837 2765 897 2784 cum
913 2757 995 2784 multa

205 2801 344 2834 prudentia
357 2810 364 2833 ;
381 2807 409 2829 et
422 2802 445 2829 si
461 2801 561 2829 videris
574 2801 683 2828 fratrem
700 2807 772 2829 tutttn
785 2802 993 2838 delinquentem,

202 2847 273 2873 sicut
285 2846 408 2874 Christus
420 2847 518 2881 jussit,
533 2847 586 2874 noli
610 2847 637 2874 in
660 2847 796 2882 publicum
818 2848 938 2883 proferre
950 2856 995 2876 re-

205 2891 426 2928 prehensionem,
439 2893 486 2922 sed
500 2900 560 2923 eum
573 2893 739 2929 reprehendo
750 2894 819 2922 inter
831 2900 856 2923 te
870 2900 896 2923 ct
909 2895 995 2930 ipsum

726 165 760 194 IN
781 165 888 194 EPIST.
910 165 919 192 Ι
952 165 996 192 AD
1016 164 1093 192 (ΞΟΠ.
1114 165 1230 193 H0.\llL.
1252 165 1344 194 XLIV.

1798 169 1850 197 579

1058 223 1144 250 solum
1160 232 1167 250 :
1185 232 1237 251 non
1251 224 1417 268 exprobrans
1440 232 1489 252 nec
1508 224 1609 259 jacenti
1635 225 1779 259 insultans,
1799 228 1851 260 sed

1056 269 1157 297 docens
1181 275 1209 297 et
1223 278 1294 305 :cgre
1307 270 1397 298 ferens
1414 281 1421 299 :
1436 275 1504 304 etlte
1519 272 1607 306 ipsum
1629 280 1736 308 quoque
1751 273 1848 306 exhibe

1055 320 1178 349 paratum
1194 321 1222 343 ut
1236 316 1453 352 reprehendaris,
1470 317 1492 344 si
1509 317 1572 352 quid
1587 325 1693 352 pecces.
1708 318 1742 346 Ut
1756 323 1847 346 autem

1054 361 1125 396 quod
1138 361 1198 390 dico
1219 362 1265 390 fiat
1286 363 1403 398 apertius
1413 383 1421 396 ,
1446 371 1494 399 per
1506 363 1676 399 hypothesim
1693 363 1763 399 quod
1777 364 1846 392 diei-

1053 415 1113 435 mus
1139 416 1316 436 exerceamus
1337 417 1344 435 :
1366 409 1436 437 absit
1457 410 1529 437 enim
1555 414 1584 436 ut
1608 402 1636 437 in
1659 411 1771 445 veritate
1795 410 1849 438 hoc

1053 453 1131 481 nobis
1161 454 1313 489 exemplum
1340 454 1535 490 suppeditetur.
1565 455 1608 483 Sit
1640 455 1722 483 frater
1748 456 1846 491 aliquis

1053 499 1177 527 habitans
1190 508 1251 527 cum
1267 500 1380 535 virgine,
1396 501 1525 528 honestus
1538 500 1645 536 quidem
1661 508 1689 529 et
1713 502 1849 537 pudicus;

1051 545 1098 572 sed
1113 553 1146 573 ne
1168 545 1207 572 sic
1232 545 1339 580 quidem
1365 547 1461 573 tnalam
1476 547 1585 582 effugiat
1605 548 1843 576 existimationem.

1051 590 1078 618 Si
1093 598 1158 626 ergo
1171 591 1287 619 audieris
1302 592 1372 623 hanc
1384 592 1409 619 in
1427 600 1475 620 ore
1488 593 1558 628 vulgi
1568 601 1628 621 esse
1641 593 1847 626 habitationem,

1051 645 1085 665 ne
1107 637 1280 672 despexeris,
1304 646 1392 674 neque
1416 639 1538 667 dixeris:
1553 640 1648 667 Annon
1670 641 1727 675 ipse
1750 642 1844 676 sapit!

1050 690 1138 711 annon
1164 684 1238 711 novit
1260 684 1323 719 quid
1337 683 1483 719 expediat?
1501 685 1560 713 sine
1580 693 1659 713 causa
1678 687 1792 719 ameris,
1809 695 1844 715 ne

1050 730 1087 757 sis
1100 729 1163 757 odio
1177 730 1236 758 sine
1250 738 1330 758 causa
1347 739 1353 757 :
1368 731 1431 766 quid
1445 731 1516 758 enim
1529 731 1595 758 mihi
1606 739 1680 766 curte
1692 737 1733 758 est
1746 741 1843 767 super—

1049 783 1181 804 vacaneas
1209 775 1346 810 suscipere
1371 776 1552 809 inimicitias?
1577 776 1639 804 llaec
1672 782 1735 805 sunt
1761 778 1847 806 verba

1049 821 1132 849 delira
1147 822 1295 850 bestiarum
1310 843 1317 856 ,
1333 823 1374 850 vel
1399 823 1486 858 potius
1501 823 1666 851 daemonum.
1679 823 1737 851 Non
1754 829 1845 858 potest

1049 869 1120 896 enim
1146 868 1215 903 ﬁeri,
1231 873 1260 896 ut
1276 874 1377 897 temere
1389 875 1416 897 et
1441 870 1501 898 sine
1523 878 1611 902 causa,
1628 870 1692 898 odio
1711 870 1842 899 habeatur:

1048 914 1094 949 qui
1107 914 1158 942 hoc
1171 914 1233 942 facit
1254 915 1289 942 ob
1302 915 1498 943 correctionem
1509 936 1516 948 ,
1532 916 1579 943 sed
1596 920 1625 944 ut
1645 924 1740 952 magna
1754 916 1839 951 bona,

1048 967 1161 987 coronas
1188 960 1334 988 ineffabiles
1370 966 1559 996 consequatur.
1574 961 1602 990 Si
1627 967 1716 989 autem
1741 962 1838 990 dicas:

1047 1007 1116 1041 Quid
1132 1015 1207 1041 vero,
1222 1017 1275 1036 non
1289 1009 1346 1044 ipse
1359 1009 1449 1044 sapit?
1464 1010 1556 1038 audies
1583 1019 1597 1037 ιι
1612 1012 1689 1039 nobis
1712 1020 1773 1039 eum
1786 1020 1840 1040 non

1047 1062 1162 1089 sapere;
1179 1055 1302 1083 estenitn
1316 1055 1413 1083 aﬂ'ectu
1427 1057 1530 1084 ebrius.
1546 1057 1574 1085 Si
1590 1058 1661 1085 enim
1677 1058 1703 1085 in
1719 1060 1840 1086 externis

1045 1100 1153 1135 judiciis
1168 1100 1185 1128 ii
1196 1121 1204 1134 ,
1221 1101 1267 1136 qui
1295 1101 1391 1136 injuria
1406 1102 1557 1129 afficiuntur
1568 1123 1575 1135 ,
1590 1111 1643 1130 non
1667 1109 1778 1138 possunt
1791 1112 1841 1136 pro

1046 1155 1075 1174 se
1088 1147 1237 1180 dicere,ut
1257 1148 1302 1183 qui
1327 1148 1366 1175 ira
1379 1147 1518 1181 ferveant,
1534 1156 1695 1184 quamquam
1721 1157 1774 1177 non
1796 1155 1841 1177 est

1046 1192 1139 1219 vitium
1171 1192 1229 1221 haec
1259 1193 1457 1222 commiseratio
1479 1203 1485 1220 :
1511 1194 1594 1222 ntulto
1620 1195 1705 1230 magis
1726 1195 1760 1228 ii,
1789 1197 1838 1230 qui.

1045 1240 1114 1266 mala
1131 1244 1255 1267 tenentur
1263 1240 1469 1267 consuetudine.
1485 1240 1630 1275 Propterea
1643 1241 1714 1273 dico,
1729 1242 1839 1269 etiamsi.

1045 1284 1143 1312 millies
1158 1285 1193 1312 sit
1206 1286 1330 1320 sapiens,
1349 1290 1467 1313 mentem
1489 1294 1541 1313 non
1567 1286 1650 1314 habet
1670 1287 1836 1322 vigilantem.

1044 1330 1113 1364 Quid
1126 1331 1197 1358 enim
1210 1336 1269 1359 erat
1282 1331 1381 1359 Davide
1389 1333 1537 1367 sapientius
1548 1333 1593 1368 qui
1607 1333 1723 1367 dicebat,
1737 1333 1838 1361 Incerta

1043 1382 1068 1403 et
1093 1379 1192 1405 occulta
1218 1378 1349 1414 sapientia
1372 1383 1422 1406 tua
1449 1380 1617 1414 niani/catuli
1643 1380 1706 1407 mihi
1738 1379 1836 1416 (Psal.

1043 1423 1088 1451 50.
1103 1423 1158 1458 8)?
1183 1423 1236 1452 Sed
1261 1424 1371 1459 quando
1396 1424 1502 1460 injustis
1523 1425 1609 1453 oculis
1634 1425 1700 1453 vidit
1715 1434 1837 1455 .uxorem

1043 1471 1149 1503 militis,
1167 1476 1244 1504 tuttc,
1262 1472 1288 1499 id
1313 1473 1384 1507 quod
1405 1474 1459 1508 pati
1480 1474 1550 1501 dixit
1566 1481 1615 1502 eos
1636 1474 1684 1510 qui
1704 1475 1833 1510 navigant

1043 1517 1070 1544 in
1088 1517 1158 1544 mari
1181 1517 1292 1551 furenti,
1309 1519 1394 1545 omnis
1418 1519 1548 1554 sapientia
1567 1519 1625 1553 ejus
1644 1525 1684 1547 est
1708 1522 1834 1555 absorpta

1042 1563 1131 1598 (Psal.
1148 1563 1208 1591 106.
1222 1563 1282 1598 27);
1300 1568 1326 1591 et
1343 1571 1413 1598 opus
1429 1564 1546 1592 habebat
1563 1565 1625 1592 aliis
1642 1566 1689 1600 qui
1712 1566 1835 1601 corrige-

1041 1612 1113 1640 rcttt,
1129 1615 1179 1634 nec
1190 1608 1325 1635 sentiebat
1340 1608 1456 1645 quidem,
1467 1609 1494 1636 in
1507 1609 1607 1643 quibus
1622 1613 1650 1636 et
1664 1610 1775 1644 quantis
1788 1610 1830 1637 in-

1039 1656 1084 1680 tus
1102 1655 1259 1680 versaretur
1276 1653 1366 1679 tualis.
1385 1653 1566 1686 Quamobrem
1586 1661 1635 1682 sua
1650 1654 1754 1684 deﬂens
1770 1663 1832 1690 pec-

1041 1701 1103 1724 cata
1118 1697 1225 1725 dicebat
1240 1705 1247 1723 :
1263 1697 1337 1725 Sicut
1355 1706 1421 1725 onus
1441 1707 1518 1733 grave
1540 1705 1656 1734 grauatae
1676 1705 1736 1727 sunt
1755 1709 1834 1736 super
1859 1691 1863 1694 ⁴

1045 1751 1095 1769 me.
1111 1742 1284 1775 Pulruertmt,
1300 1748 1324 1770 et
1342 1749 1473 1777 corrupr
1491 1750 1552 1771 sunt
1573 1746 1709 1773 cicatrices
1733 1755 1796 1774 mere
1815 1756 1836 1774 ιι

1042 1789 1112 1824 [acie
1129 1789 1285 1822 insipientia:
1304 1797 1368 1816 mea:
1387 1789 1476 1825 (Ρεαι.
1491 1791 1536 1818 57.
1550 1790 1577 1818 5.
1592 1790 1630 1825 6).

1049 1851 1051 1853 ί
1078 1840 1104 1867 4.
1120 1839 1177 1866 Νοιι
1200 1839 1269 1874 sapit
1282 1846 1346 1874 ergo
1360 1845 1409 1866 nec
1430 1842 1547 1865 tuentem
1563 1837 1645 1866 habet
1658 1838 1702 1872 qui
1719 1842 1830 1873 peccat;

1043 1890 1085 1913 est
1098 1885 1171 1912 enim
1183 1885 1283 1917 ebrius,
1300 1888 1328 1912 et
1341 1883 1529 1921 cjuslcaligant
1543 1883 1622 1911 oculi.
1639 1883 1679 1911 Ne
1696 1884 1753 1911 htcc
1768 1891 1835 1919 ergo

1044 1931 1127 1964 dicas,
1143 1938 1230 1965 neque
1244 1929 1310 1957 illud
1324 1929 1423 1957 addas:
1438 1929 1496 1957 Non
1511 1933 1553 1956 est
1565 1928 1632 1956 mibi
1647 1936 1734 1961 curae;
1751 1928 1838 1956 Unus,-

1043 1978 1146 2012 quisque
1161 1977 1227 2004 enim
1239 1984 1314 2003 suum
1328 1983 1392 2003 onus
1407 1974 1517 2011 portabit
1532 1974 1604 2011 (Gal.
1621 1975 1647 2002 ϐ.
1663 1975 1703 2010 5).
1729 1975 1844 2003 Etenim;

1044 2025 1085 2054 vel
1102 2024 1248 2051 maximum
1261 2023 1308 2050 tibi
1323 2023 1424 2050 crimen
1440 2023 1538 2055 oritur,
1552 2022 1623 2057 quod
1639 2030 1699 2049 cum
1723 2021 1839 2049 vidisses

1043 2075 1189 2102 errantem,
1204 2069 1311 2096 inviam
1326 2076 1380 2096 non
1395 2068 1545 2096 reduxeris.
1562 2068 1589 2095 Si
1604 2069 1675 2095 enim
1684 2068 1845 2103 jumentutn,

1044 2116 1144 2144 inimici
1159 2117 1184 2143 in
1199 2115 1353 2144 Judteorum
1371 2115 1430 2150 lege
1444 2121 1496 2142 non
1511 2114 1574 2142 licet
1586 2113 1727 2148 despicere
1740 2113 1837 2148 (Deut.

1043 2163 1089 2191 22.
1106 2162 1151 2199 1);
1166 2162 1211 2198 qui
1224 2169 1278 2190 non
1299 2162 1460 2196 jumentum,
1476 2168 1564 2196 neque
1585 2160 1688 2187 inimici
1708 2159 1839 2191 animam.

1045 2209 1092 2237 sed
1114 2208 1193 2236 antici
1219 2207 1344 2243 despicit,
1366 2214 1510 2242 quamnam
1532 2210 1690 2241 assequetur
1716 2205 1839 2239 veniam!

1045 2255 1138 2290 Neque
1151 2254 1223 2282 enim
1237 2253 1270 2281 ad
1287 2257 1406 2281 nostram
1419 2252 1518 2279 sufficit
1533 2252 1747 2284 excusationem,
1765 2250 1841 2286 quod,

1045 2302 1090 2329 ille
1101 2304 1218 2328 mentem
1232 2299 1340 2327 habeat.
1357 2298 1422 2325 Nam
1437 2305 1487 2326 nos
1500 2304 1608 2332 quoque
1622 2297 1666 2332 qui
1682 2303 1754 2332 saepe
1769 2296 1838 2323 mul-

1047 2351 1089 2374 tas
1101 2345 1226 2373 dedimus
1240 2344 1447 2377 admonitiones,
1461 2342 1540 2370 nobis
1552 2350 1606 2370 non
1617 2342 1775 2374 sufﬁcimus,
1790 2348 1840 2369 nec

1045 2400 1139 2421 sumus
1152 2392 1241 2420 utiles.
1257 2391 1294 2419 De
1308 2390 1354 2418 illo
1369 2397 1433 2426 ergo
1448 2394 1576 2425 peccante
1590 2388 1641 2417 hoc
1655 2396 1760 2424 quoque
1773 2395 1839 2416 cons

1045 2439 1145 2471 sidera,
1159 2437 1229 2473 quod
1243 2442 1453 2465 consentaneum
1464 2436 1499 2463 sit
1511 2443 1572 2463 eum
1587 2443 1602 2463 a
1619 2439 1644 2463 te
1659 2435 1745 2470 magis
1759 2442 1842 2469 quam

1045 2493 1061 2512 a
1075 2485 1163 2519 seipse
1177 2484 1308 2519 optimum
1328 2483 1453 2517 accipere
1474 2481 1633 2514 consilium;
1650 2488 1738 2516 neque
1754 2480 1837 2512 dicas,

1048 2529 1117 2564 Quid
1141 2529 1201 2556 htec
1222 2532 1285 2556 sunt
1299 2528 1365 2555 mihi
1384 2528 1474 2555 curae?
1498 2527 1575 2554 Time
1598 2534 1659 2554 cum
1681 2526 1726 2561 qui
1740 2526 1842 2560 primus

1048 2575 1118 2603 dixit
1131 2574 1183 2602 hoc
1203 2574 1334 2602 verbum:
1356 2581 1417 2601 nam
1437 2573 1514 2606 illud,
1536 2572 1667 2607 Numquid
1686 2580 1742 2599 sum
1759 2576 1842 2599 custos

1047 2622 1134 2656 fratris
1149 2621 1197 2648 mei
1211 2620 1286 2657 (Gen.
1303 2621 1330 2648 4.
1348 2620 1390 2656 9)?
1403 2619 1500 2647 eodem
1513 2627 1566 2654 quo
1581 2619 1631 2646 hoc
1645 2618 1755 2646 recidit:
1778 2618 1840 2646 hinc

1048 2668 1117 2695 mala
1131 2671 1277 2695 nascuntur
1289 2667 1389 2699 omnia,
1405 2667 1477 2702 quod
1489 2674 1548 2701 qua:
1563 2670 1625 2693 sunt
1640 2666 1723 2693 nostri
1741 2672 1840 2699 corpo-

1049 2714 1086 2740 ris
1104 2714 1192 2741 aliena
1211 2720 1272 2741 esse
1286 2713 1417 2740 ducimus.
1440 2712 1510 2747 Quid
1523 2712 1606 2739 dicis?
1621 2712 1709 2739 frater.
1723 2719 1775 2738 non
1799 2715 1842 2737 est

1049 2760 1099 2787 tibi
1110 2760 1197 2787 curua?
1212 2760 1264 2787 Sed
1277 2760 1320 2787 cui
1333 2760 1384 2787 erit
1398 2759 1487 2786 cura)?
1503 2758 1638 2785 infideline
1651 2758 1696 2791 qui
1711 2757 1769 2791 ejus
1780 2764 1841 2783 ma-

1051 2805 1084 2832 lis
1096 2805 1210 2837 ltetatur,
1231 2805 1429 2840 exprobratque
1442 2809 1469 2831 et
1491 2802 1618 2830 insultat?
1628 2810 1661 2829 an
1671 2802 1778 2828 diabolo
1792 2801 1839 2836 qui

1050 2850 1162 2885 impedit
1180 2854 1209 2878 et
1220 2850 1388 2886 supplantat?
1412 2851 1445 2877 Et
1460 2849 1593 2876 undenatn
1608 2848 1676 2876 hoc?
1697 2846 1772 2881 Quod
1788 2853 1846 2874 non:

1050 2896 1186 2933 proficiam
1197 2896 1290 2926 dicens
1303 2900 1329 2926 et
1341 2895 1484 2925 consulens
1496 2903 1557 2930 qua:
1571 2898 1686 2930 oportet.
1702 2893 1851 2922 Undenam»
