2021 3117
181 158 233 186 579

178 220 268 244 autem
284 219 325 244 est
344 215 525 251 perspicuum.
540 212 611 248 quod
627 218 679 239 non
700 209 843 245 proﬁcies?
856 208 908 235 hoc
931 212 974 235 cst

180 263 253 292 enim
275 267 403 291 extremae
426 260 560 293 amentiae,
587 266 649 287 cum
671 258 699 286 in
719 258 822 285 incerto
844 256 879 283 sit
900 255 973 288 ﬁnis,

182 313 285 337 certum
300 308 390 336 subire
403 307 504 334 crimen
518 304 696 340 negligentiae.
708 303 788 338 Atqui
804 302 874 330 Deus
887 301 974 328 futura

179 354 335 389 pra-sciens,
351 360 424 388 saepe
438 352 508 380 dixit
523 355 550 378 et
567 350 633 378 nihil
649 349 772 384 profecit.
787 352 814 376 et
834 355 921 383 neque
936 347 975 374 sic

178 401 296 429 destitit:
311 399 391 434 idque
412 405 473 426 cum
498 398 580 425 sciret
594 403 625 424 se
647 404 700 424 non
716 402 918 431 persuasurum.
945 393 973 421 Si

178 451 268 474 autem
289 445 333 481 qui
354 444 489 479 pnescivit
511 450 541 470 se
561 442 629 470 nihil
649 442 709 478 plus
727 441 898 473 etl‘ecturum,
920 447 973 467 nou

177 492 284 521 desistit
300 490 452 527 corrigere?
474 497 617 526 quanmam
638 489 751 517 habebis
772 487 973 516 excusationem

177 538 222 574 qui
239 538 355 565 futurum
368 536 479 564 omnino
493 537 612 572 ignoras,
628 535 812 571 pigrescisque
825 537 853 561 et
866 538 973 568 torpes-

177 584 232 612 τίεν
247 584 351 611 Etenim
367 583 442 611 multi
455 590 527 618 smpe
541 582 660 618 aggressi
673 581 855 617 profecerunt,
870 584 897 607 et
911 587 974 607 cum

177 631 293 658 maxime
306 629 505 664 desperassent,
527 632 591 656 tunc
609 627 725 655 maxime
747 630 810 654 sunt
824 624 971 660 assequuti.

176 675 253 711 Quod
272 676 295 703 si
311 676 392 703 etiam
414 674 480 702 nihil
503 674 619 709 amplius
643 672 778 704 effeceris,
799 671 885 699 fecisti
899 670 971 707 quod

177 727 253 750 tuum
267 726 319 749 est.
342 720 382 749 Ne
395 721 433 748 sis
446 727 511 755 ergo
530 719 703 751 inhumanus,
725 726 813 754 neque
827 717 972 745 immiseri-

176 775 249 801 cors,
273 774 361 803 neque
383 767 534 802 negligens.
557 766 623 794 Nam
646 765 718 801 quod
741 765 799 794 hanc
813 764 894 792 verba
918 763 972 791 sint

175 813 343 843 crudelitatis
356 818 383 841 et
397 812 540 846 socordiae,
560 812 633 839 illinc
647 815 688 839 est
708 811 892 846 perspicuum.
917 809 972 837 Cur

176 860 248 887 enim
262 867 322 887 cum
335 866 418 886 unum
431 866 465 886 ex
478 858 532 886 tuis
544 857 672 885 membris
688 856 802 890 laborat,
820 863 872 883 non
887 855 970 882 dicis:

175 905 244 940 Quid
258 905 324 933 mihi
338 911 420 938 curre,
435 909 463 933 et
476 904 547 932 unde
558 904 623 931 mihi
635 903 778 934 constabit,
791 901 861 938 quod
875 901 898 929 si
913 901 972 936 ejus

175 960 266 980 curam
276 959 377 987 geram,
390 951 576 979 convalescet?
587 949 634 978 sed
645 949 736 977 omnia
748 949 823 981 facis,
837 953 865 975 ut
873 947 970 975 etiam-

174 998 197 1026 si
220 997 285 1025 nihil
310 997 420 1033 iuveris,
438 1001 464 1024 te
484 1004 539 1023 non
553 996 640 1031 possis
663 994 877 1030 reprehendere,
898 993 968 1029 quod

174 1043 276 1079 aliquid
296 1043 331 1070 sit
355 1042 570 1078 praetermissum
592 1048 686 1069 eorum
701 1048 762 1076 qua:
775 1040 875 1068 debent
899 1039 968 1067 fieri.

174 1092 215 1118 Αιι
227 1097 292 1118 vero
304 1096 366 1117 cum
389 1089 572 1117 membrorum
594 1087 702 1122 quidem
718 1087 842 1122 corporis
867 1091 968 1114 tantam

174 1143 266 1164 curam
276 1142 413 1171 geramus,
426 1134 548 1162 membra
563 1133 663 1162 Christi
677 1123 898 1168 tiegligemustet
909 1132 969 1160 ubi-

174 1190 236 1210 nam
250 1181 307 1209 haec
322 1186 461 1209 merentur
475 1180 600 1208 veniam?
623 1179 689 1207 Nam
705 1180 728 1207 si
743 1184 769 1207 te
792 1186 845 1206 non
862 1178 969 1206 inflecto

173 1228 276 1259 dicens.
292 1227 404 1255 Membri
416 1227 452 1254 tui
467 1233 559 1254 curam
574 1233 649 1261 gere,
663 1229 693 1252 ut
708 1225 749 1252 vel
763 1228 833 1252 metu
848 1225 897 1252 fias
909 1231 968 1252 me-

172 1273 235 1307 lior,
243 1273 289 1301 tibi
301 1274 327 1300 in
337 1272 493 1300 memoriam
502 1279 601 1300 revoco
607 1278 706 1306 corpus
713 1270 821 1299 Christi.
829 1270 969 1304 Quomodo

172 1319 244 1348 enim
255 1326 308 1346 non
321 1324 364 1346 est
373 1318 537 1346 horrendum
556 1321 755 1353 putrescentem
766 1323 875 1344 carnem
896 1321 968 1344 tuam

172 1366 293 1401 aspicere
305 1370 331 1393 et
344 1364 501 1400 despicere?
517 1363 551 1391 Et
562 1364 586 1391 si
597 1363 711 1390 haberes
721 1362 828 1398 quidem
840 1362 967 1390 famulum

171 1418 218 1440 aut
227 1412 330 1439 asinum
341 1411 505 1438 laborantem
512 1409 720 1446 putredine,non
728 1408 876 1437 sustineres
884 1408 969 1443 despi-

170 1466 245 1492 cere;
253 1458 351 1486 Christi
358 1463 449 1485 autem
457 1464 555 1492 corpus
563 1456 657 1484 videns
665 1456 796 1491 repletum
805 1455 895 1483 scabie
904 1463 970 1490 pra:-

172 1504 316 1532 tercurris?
325 1509 351 1532 et
359 1511 412 1531 non
424 1503 563 1531 existimas
573 1502 630 1529 haec
638 1509 698 1530 esse
708 1501 786 1536 digna
795 1501 868 1528 mille
879 1500 969 1528 fulmi-

171 1551 266 1579 nibus?
276 1550 421 1585 Propterea
430 1549 520 1577 omnia
530 1556 630 1584 susque
638 1547 725 1584 deque
734 1548 889 1581 miscentur,
905 1555 965 1582 pro-

172 1603 231 1635 pter
239 1598 309 1625 hanc
317 1596 550 1628 inhumanitatem,
557 1600 667 1631 propter
674 1595 742 1622 hanc
748 1594 948 1629 negligentiam.

207 1643 314 1671 Fratres
334 1641 461 1677 quomodo
481 1640 679 1676 corrigendi.-—
693 1639 797 1668 Idcirco
817 1647 882 1675 rogo
899 1639 968 1667 hanc

170 1689 339 1724 cxpellamus
348 1687 535 1716 crudelitatem
549 1686 665 1714 :accede
675 1686 708 1714 ad
719 1685 794 1714 illum
806 1686 850 1721 qui
863 1685 967 1713 habitat

170 1743 232 1763 cum
244 1735 358 1770 virgine,
367 1738 395 1762 et
407 1741 516 1769 parvum
527 1733 572 1761 dic
582 1732 673 1760 fratris
684 1732 849 1766 encomium,
864 1739 896 1759 ex
907 1731 969 1760 aliis

173 1790 233 1817 qua:
256 1780 338 1809 habet
357 1779 506 1809 commodis
518 1784 546 1807 et
567 1778 675 1807 dotibus
689 1779 716 1807 id
740 1785 924 1814 componens;
939 1782 968 1806 et

171 1833 307 1863 tamquam
328 1834 396 1863 aqua
411 1826 497 1854 calida
519 1825 613 1853 fovens
635 1825 769 1859 laudibus,
788 1825 824 1853 ita
846 1825 968 1860 deprime

171 1879 305 1901 tumorem
320 1873 378 1908 ejus
392 1872 531 1900 vulneris:
545 1876 571 1899 te
592 1878 700 1906 quoque
715 1872 802 1906 ipsum
824 1871 967 1906 pronuntia

170 1922 308 1954 miserum,
322 1929 418 1949 accusa
430 1928 572 1949 commune
583 1928 669 1956 genus
684 1920 840 1953 humanum,
856 1920 968 1949 ostende

171 1975 220 1995 nos
234 1974 330 1995 omnes
350 1973 411 1994 esse
425 1967 451 1994 in
467 1967 596 2002 peccatis,
618 1971 679 2001 pete
702 1966 818 1998 veniam,
833 1966 927 1994 dicens
940 1970 968 1994 te

171 2014 273 2049 majora
293 2013 401 2048 aggredi
416 2020 497 2047 quam
511 2020 571 2048 quas
589 2012 661 2040 vires
684 2017 736 2040 tua;
757 2013 827 2040 ferre
850 2014 966 2047 possint,

169 2059 220 2088 sed.
243 2061 383 2087 caritatem
408 2059 575 2094 persuadere
602 2059 693 2086 omnia
722 2059 833 2087 audere.
863 2059 967 2087 Deinde

169 2106 314 2134 consulens
326 2105 379 2134 hoc
400 2105 452 2138 fac,
469 2113 522 2133 non
546 2110 683 2140 tamquam
706 2105 851 2139 imperans,
874 2105 922 2133 sed
938 2111 967 2134 ut

169 2152 312 2180 fraterzet
335 2159 398 2180 cum
413 2151 456 2179 his
475 2151 605 2179 omnibus
629 2156 761 2179 tumorem
783 2151 965 2187 depresseris,

170 2204 198 2227 et
218 2200 329 2227 lenieris
347 2199 469 2227 dolorem
489 2198 534 2233 qni
555 2197 653 2225 accidit
671 2205 705 2225 ex
728 2198 849 2226 sectione
871 2198 966 2227 futura

169 2245 401 2281 reprehensionis,
415 2248 444 2273 et
457 2251 530 2279 saepe
542 2251 609 2272 usus
623 2243 706 2272 fueris
721 2245 904 2278 excusatione,
919 2252 965 2273 ro-

170 2292 330 2327 gaverisque
342 2298 376 2318 ne
388 2291 533 2322 irascatur;
549 2297 609 2317 cum
622 2297 684 2317 eum
695 2288 737 2318 his
750 2290 884 2325 ligaveris,
902 2296 966 2318 tunc

169 2337 273 2372 plagam
291 2336 391 2372 inﬂige,
408 2343 459 2363 nec
472 2335 569 2363 vulnus
592 2335 718 2371 alligans,
736 2343 787 2363 nec
801 2336 964 2370 dissolvens,

172 2387 202 2410 ut
222 2389 310 2416 neque
324 2381 398 2409 illinc
418 2381 532 2414 resiliat,
549 2388 637 2416 neque
658 2381 720 2409 hinc
735 2381 876 2416 despiciat.
899 2382 965 2410 Nam

171 2429 195 2455 si
209 2428 355 2455 violeutmn
370 2434 423 2454 non
439 2426 546 2454 dederis
565 2427 672 2461 vulnus,
694 2427 760 2454 nihil
776 2427 892 2463 amplius
907 2427 967 2455 efﬁ-

169 2475 246 2503 cies:
260 2474 301 2501 sin
324 2478 412 2501 autem
431 2472 606 2501 vehementer
625 2474 801 2509 percusseris,
821 2473 924 2502 efﬁcies
938 2479 967 2502 ut

170 2521 286 2549 resiliat.
300 2521 444 2556 Propterea
460 2525 488 2548 et
496 2526 557 2556 post
569 2520 628 2548 bare
637 2521 727 2548 omnia
738 2521 964 2556 reprehensuros,

169 2567 255 2596 misce
273 2575 368 2595 rursus
387 2567 539 2597 encomium
563 2574 625 2595 cum
648 2567 924 2602 reprehensionibus:
938 2571 966 2595 et

169 2613 295 2648 quoniam
316 2612 353 2644 id,
368 2613 440 2649 quod
459 2613 489 2640 fit
505 2613 539 2640 ab
555 2620 599 2645 eo,
620 2620 669 2647 per
683 2620 712 2640 se
733 2620 786 2640 non
802 2617 890 2648 potest
904 2621 966 2641 esse

170 2659 323 2687 encomium
336 2659 405 2695 (non
424 2664 465 2686 est
485 2659 557 2686 enim
578 2658 656 2686 laude
670 2658 779 2693 dignum
794 2659 873 2686 simul
889 2659 966 2686 habi-

171 2710 229 2734 tare
243 2713 306 2734 cum
317 2706 405 2741 puella
418 2706 551 2740 virgine),
567 2705 618 2733 hoc
641 2705 681 2732 fac
693 2713 727 2733 ex
742 2711 832 2734 mente
845 2711 872 2734 et
889 2707 966 2734 insti-

170 2756 230 2779 tuto
244 2751 302 2787 ejus
316 2752 360 2787 qui
374 2751 454 2779 simul
468 2750 580 2778 habitat.
605 2750 662 2778 Etsi
677 2751 748 2778 enim
764 2752 830 2784 scio,
847 2752 964 2786 inquies,

172 2797 244 2832 quod
256 2802 283 2824 tu
297 2801 408 2833 propter
432 2797 517 2823 Deum
533 2795 608 2828 facis,
623 2800 651 2823 et
666 2795 739 2823 illius
753 2796 860 2823 miserm
871 2797 964 2824 videas

172 2844 363 2876 calamitatem,
377 2847 405 2870 et
414 2843 485 2878 quod
501 2841 644 2870 defensore
657 2846 748 2870 careat
763 2847 790 2870 et
802 2847 926 2878 patrono,
939 2843 964 2871 ei

172 2898 283 2919 manum
296 2889 452 2926 pratbuisti;
466 2892 569 2921 etiamsi
584 2899 636 2920 non
653 2891 703 2920 hoc
718 2890 810 2918 animo
823 2889 913 2925 faciat,
932 2895 960 2919 tu

582 157 610 184 S.
637 153 775 184 J0.\NNIS
793 149 1031 179 CllRYSOSTOMI
1050 149 1208 177 AltCHlEP.
1229 150 1496 178 CONSTANTINOP.

1770 151 1823 179 380

1027 205 1071 235 dic
1083 206 1118 234 ita
1132 215 1137 233 :
1150 210 1177 234 et
1190 210 1281 241 postea
1296 206 1353 234 hzec
1368 214 1476 242 quoque
1485 206 1565 241 adde,
1578 215 1672 236 rursus
1684 213 1762 237 utens
1774 217 1824 236 ex-

1027 252 1177 285 cusatione,
1202 257 1230 280 et
1241 251 1335 280 dicens
1347 262 1353 279 :
1366 252 1429 280 Haec
1442 253 1511 285 dico,
1538 260 1592 282 non
1609 253 1717 289 jubens,
1731 255 1779 283 sed
1795 255 1823 284 in

1026 298 1183 325 memoriam
1209 302 1479 334 revocans:propter
1501 299 1585 327 Deum
1610 305 1638 327 tu
1661 299 1743 333 facis.
1766 309 1818 336 ego

1027 351 1135 379 quoque
1155 344 1182 372 id
1196 345 1268 378 scio;
1285 345 1333 373 sed
1357 345 1497 374 videamus
1518 354 1582 373 nutu
1598 355 1631 374 ex
1651 347 1702 375 hoc
1715 348 1822 383 aliquod

1026 391 1098 418 aliud
1115 397 1242 420 nascatur
1265 393 1366 420 malum
1379 401 1386 420 :
1398 397 1426 421 ct
1437 393 1460 420 si
1483 393 1586 421 nullum
1600 394 1706 430 quidem
1719 396 1764 428 sit,
1779 396 1823 423 in-

1026 443 1071 467 tus
1083 439 1203 472 contine,
1227 439 1421 475 pulchrumque
1434 439 1486 468 hoc
1500 445 1528 468 et
1548 441 1690 469 honestum
1704 442 1822 470 studium

1027 491 1205 520 persequere;
1230 485 1320 512 nullus
1343 491 1385 513 est
1405 485 1450 521 qui
1474 487 1619 515 vetet:sin
1644 492 1733 516 autem
1760 488 1823 516 hinc

1026 531 1146 558 nascitur
1168 530 1277 566 aliquod
1301 531 1430 559 damnum
1452 531 1538 567 majus
1566 532 1653 567 luem,
1678 541 1822 562 caveamus

1025 584 1074 605 oro
1089 585 1133 611 ne,
1149 578 1213 605 dum
1227 586 1307 606 uuam
1321 579 1460 607 studemus
1475 587 1600 610 recreare
1611 582 1740 615 animam,
1758 583 1820 610 mil-

1025 623 1051 652 le
1065 624 1242 652 olleudamus.
1265 625 1318 654 Nec
1333 627 1424 654 statim
1437 626 1521 654 addas
1535 628 1667 663 supplicia
1683 630 1820 664 proposita

1024 669 1058 697 iis
1067 671 1112 705 qui
1125 670 1264 698 utl’endunt
1274 676 1301 699 et
1314 672 1469 699 scandalum
1483 672 1608 708 afferunt,
1621 674 1669 702 sed
1682 674 1741 710 ejus
1751 683 1820 710 quo»

1024 724 1077 752 que
1097 716 1210 744 adsume
1234 718 1429 751 testimonium,
1454 719 1548 747 dicens
1560 728 1566 746 :
1578 719 1637 748 Non
1649 727 1718 756 opus
1733 727 1775 749 est
1789 727 1820 749 ut

1024 760 1081 790 haec
1095 769 1109 789 a
1125 770 1168 790 me
1181 762 1284 795 discas;
1303 768 1329 791 tu
1343 763 1401 799 ipse
1412 765 1477 798 scis,
1490 765 1512 792 si
1526 766 1587 800 quis
1600 766 1719 794 otl'endat
1731 775 1815 795 unum

1024 815 1056 835 cx
1069 808 1112 835 his
1125 808 1238 843 pusillis,
1254 809 1345 844 quanti
1361 810 1484 845 supplicii
1499 811 1666 839 iutentcntur
1679 813 1778 841 minae:
1792 819 1820 841 et

1023 860 1084 881 cum
1097 853 1135 880 sic
1149 854 1258 882 lenieris
1280 854 1440 888 orationem,
1455 860 1483 883 et
1496 856 1563 883 iram
1578 857 1719 892 mitigaris,
1734 858 1819 894 impo-

1023 907 1057 927 ne
1085 900 1310 929 medicamentum
1337 902 1526 931 correctionis.
1555 903 1587 932 Si’
1607 909 1698 932 autem
1724 913 1819 933 rursus

1022 950 1147 974 causatur
1168 947 1227 982 ejus
1242 947 1428 982 solitudinem,
1444 956 1478 977 nc
1494 949 1532 977 sic
1547 950 1655 985 quidem
1678 951 1817 979 obtentum

1023 993 1240 1027 reprehenderis,
1265 994 1312 1023 sed
1332 995 1376 1023 die
1390 995 1518 1024 ei:Nihil
1542 996 1637 1024 horum
1661 1001 1687 1025 te
1700 1002 1817 1026 terreat:

1022 1039 1198 1068 sufficientem
1221 1040 1333 1068 habebis
1355 1042 1556 1070 excusationem
1579 1042 1692 1071 aliorum
1706 1044 1818 1072 scanda-

1022 1086 1076 1113 lum
1089 1095 1096 1113 :
1109 1094 1162 1114 non
1177 1087 1248 1114 enim
1269 1092 1378 1123 propter
1401 1089 1563 1123 socordiam,
1585 1090 1634 1118 sed
1649 1091 1754 1119 illorum
1767 1099 1818 1120 cu-

1022 1139 1078 1159 ram
1092 1139 1200 1167 gerens,
1215 1133 1342 1161 destitisli
1355 1133 1389 1162 ab
1402 1134 1454 1162 hoc
1465 1135 1565 1163 studio.

1056 1177 1084 1205 5.
1104 1177 1138 1205 Et
1155 1178 1237 1206 breve
1247 1179 1355 1214 quidem
1369 1179 1404 1207 sit
1417 1181 1576 1214 consilium;
1598 1189 1651 1210 non
1664 1183 1736 1210 enim
1755 1187 1817 1219 eget

1021 1230 1116 1258 magna
1127 1223 1267 1257 doctrina;
1282 1225 1360 1252 venia
1376 1229 1466 1254 autem
1482 1226 1520 1254 sit
1533 1227 1617 1254 multa
1631 1233 1658 1255 et
1671 1228 1816 1264 frequens:

1021 1275 1049 1296 et
1057 1269 1229 1298 continenter
1238 1270 1352 1306 confuge
1364 1271 1398 1298 ad
1410 1272 1562 1306 caritatem,
1572 1280 1665 1301 eorum
1675 1282 1735 1310 qua:
1745 1275 1816 1302 dicta

1020 1319 1084 1342 sunt
1098 1320 1245 1351 contegens
1265 1317 1424 1352 gravitatem
1439 1322 1467 1345 et
1481 1318 1643 1351 molestiam,
1658 1319 1778 1355 dansque
1791 1321 1816 1349 ei

1021 1366 1180 1397 potestatem
1196 1366 1224 1391 et
1242 1363 1337 1392 dicens
1353 1372 1361 1391 :
1384 1363 1442 1399 Ego
1464 1365 1572 1399 quidem
1595 1367 1653 1393 haec
1670 1367 1771 1394 suadeo
1789 1372 1818 1395 et

1019 1407 1143 1441 consulo,
1155 1407 1181 1435 in
1193 1412 1238 1435 tua
1250 1412 1339 1438 autem
1354 1413 1486 1444 potestate
1499 1414 1541 1437 est
1563 1415 1593 1438 ut
1608 1411 1815 1446 persuadearis:

1021 1460 1108 1488 neque
1122 1453 1193 1481 enim
1206 1461 1274 1489 cogo
1287 1461 1336 1481 nec
1348 1454 1402 1482 vim
1415 1454 1509 1488 all'ero,
1523 1456 1570 1484 sed
1593 1460 1677 1484 totum
1689 1459 1816 1493 permitto

1020 1500 1107 1528 libero
1119 1505 1166 1528 tuo
1178 1501 1301 1529 arbitrio.
1315 1500 1343 1529 Si
1359 1502 1596 1537 reprehensionem
1608 1504 1644 1531 ita
1659 1509 1815 1540 tractemus,

1018 1546 1096 1575 facile
1110 1548 1257 1582 poterimus
1272 1553 1413 1583 peccantes
1425 1549 1580 1585 corrigere:
1596 1558 1657 1578 nam
1671 1559 1731 1586 qua:
1745 1559 1816 1580 nunc

1019 1593 1131 1622 facimus
1146 1598 1209 1622 sunt
1223 1595 1308 1630 magis
1323 1595 1468 1623 bestiarum
1484 1601 1512 1624 et
1525 1597 1638 1625 rationis
1652 1599 1813 1633 expertium,

1019 1646 1099 1674 quam
1110 1639 1259 1667 hominum.
1270 1640 1337 1668 Nam
1351 1641 1374 1668 si
1385 1649 1456 1669 nunc
1463 1641 1571 1677 quidem
1585 1644 1719 1671 senserint
1731 1644 1814 1679 aliqui

1020 1686 1173 1721 quempiam
1190 1687 1248 1714 hmc
1270 1691 1436 1722 peccantem,
1454 1688 1527 1716 illum
1541 1688 1649 1724 quidem
1670 1697 1724 1717 non
1745 1690 1814 1718 allo.

1019 1737 1148 1767 quuntur.
1164 1732 1214 1768 ipsi
1229 1738 1318 1761 autem
1332 1739 1467 1770 tamquam
1481 1735 1564 1762 ebriis
1578 1736 1690 1764 aniculae
1702 1736 1772 1765 inter
1785 1744 1816 1765 se

1019 1783 1175 1807 susurrant:
1188 1784 1215 1807 et
1227 1779 1303 1813 illud,
1315 1780 1380 1808 Sine
1393 1788 1474 1808 causa
1487 1782 1597 1815 ameris,
1612 1787 1649 1815 et,
1660 1782 1700 1810 Ne
1714 1788 1816 1811 temere

1019 1829 1047 1852 et
1060 1825 1119 1852 sine
1132 1833 1212 1852 causa
1227 1825 1290 1853 odio
1304 1825 1440 1860 habearis,
1454 1834 1585 1862 nusquam
1606 1828 1677 1863 apud
1693 1829 1753 1857 illos
1773 1830 1815 1857 vi-

1020 1873 1100 1900 detur
1113 1872 1200 1900 locum
1216 1872 1334 1905 habere;
1349 1873 1397 1901 sed
1411 1874 1518 1908 quando
1528 1875 1638 1910 cupiunt
1647 1875 1754 1910 quidem
1768 1884 1814 1904 ac-

1019 1925 1124 1950 cusare.
1136 1918 1288 1953 despiciunt
1301 1919 1378 1952 illud,
1394 1919 1451 1947 Non
1467 1920 1526 1948 sine
1538 1928 1618 1948 causa
1633 1921 1695 1949 odio
1710 1922 1813 1955 haberi,

1020 1964 1075 1991 imo
1089 1971 1154 1992 vero
1167 1965 1248 1992 etiam
1263 1965 1351 1999 puniri
1366 1965 1471 2001 (neque
1485 1966 1557 1993 enim
1573 1966 1635 1995 huic
1658 1968 1746 1995 solum
1765 1976 1814 1996 na—

1019 2011 1105 2039 scitur
1123 2011 1225 2044 odium,
1237 2011 1284 2039 sed
1299 2012 1379 2040 etiam
1395 2013 1590 2049 supplicium);
1604 2015 1711 2049 quando
1725 2021 1815 2044 autem

1020 2065 1089 2092 opus
1098 2057 1361 2092 fueritcorrectione,
1370 2064 1397 2087 et
1406 2059 1457 2087 hoc
1469 2060 1555 2095 ipsum
1562 2065 1589 2088 et
1597 2061 1669 2088 mille
1678 2061 1745 2089 alias
1755 2062 1815 2090 all‘e-

1019 2106 1275 2133 ruutexcusationes
1281 2105 1532 2134 etobtentus.'l‘unc
1539 2107 1622 2140 enim,
1630 2112 1694 2136 tunc
1701 2109 1767 2136 illud
1773 2116 1815 2137 co-

1019 2151 1104 2187 gitare
1118 2156 1265 2186 oporteret,
1281 2152 1389 2187 quando
1403 2153 1639 2188 accusas,quando
1652 2154 1813 2189 criminaris,

1019 2204 1127 2232 nempe,
1142 2196 1181 2224 Ne
1197 2202 1298 2225 temere
1312 2202 1339 2225 et
1351 2198 1410 2225 sine
1424 2205 1505 2225 causa
1527 2198 1590 2226 odio
1610 2198 1748 2232 habearis,
1769 2205 1814 2234 et,

1020 2242 1092 2270 Nihil
1103 2242 1225 2278 proﬁcio,
1236 2248 1272 2276 ct,
1282 2243 1341 2271 Non
1350 2248 1392 2271 est
1405 2244 1469 2271 mihi
1480 2251 1562 2272 curm.
1574 2244 1651 2273 Nunc
1660 2250 1750 2273 autem
1759 2251 1813 2273 tum

1018 2289 1163 2325 quidemes
1170 2289 1345 2317 vehementer
1354 2290 1523 2325 inaniterque
1530 2298 1561 2318 ac
1567 2297 1767 2325 supervacauee
1772 2298 1815 2319 cu-

1018 2335 1105 2362 riosus
1111 2351 1121 2366 .
1127 2339 1154 2362 et
1161 2335 1250 2362 odium
1260 2335 1386 2370 despicis,
1396 2340 1424 2363 et
1434 2336 1503 2363 mala
1512 2336 1715 2364 innumerabilia
1722 2344 1814 2372 :quan-

1018 2381 1054 2409 do
1067 2386 1155 2409 autem
1164 2382 1257 2409 salutis
1266 2382 1355 2409 fratris
1364 2387 1390 2410 te
1397 2389 1488 2409 curam
1496 2390 1591 2417 gerere
1597 2388 1744 2418 oporteret,
1752 2389 1815 2412 tunc

1018 2427 1059 2455 vis
1068 2435 1130 2455 esse
1144 2435 1196 2455 nou
1205 2428 1326 2455 curiosus
1333 2431 1361 2455 et
1376 2435 1428 2454 non
1442 2428 1532 2463 gravis
1544 2435 1576 2455 ac
1584 2428 1723 2457 molestus.
1734 2429 1813 2464 Atqui

1018 2481 1052 2501 ex
1065 2473 1248 2501 maledicentia
1264 2473 1373 2508 quidem
1384 2474 1502 2501 nascitur
1513 2474 1604 2502 odium
1613 2479 1639 2501 et
1649 2474 1718 2509 apud
1729 2474 1814 2502 homi-

1018 2527 1067 2546 nes
1082 2523 1110 2546 et
1123 2519 1192 2554 apud
1214 2519 1308 2552 Deum,
1324 2524 1351 2547 et
1371 2520 1423 2547 hoc
1435 2527 1489 2547 non
1509 2521 1610 2548 esttibi
1626 2528 1698 2548 cura:
1712 2530 1720 2548 :
1735 2528 1767 2548 ex
1780 2529 1813 2549 eo

1017 2565 1197 2600 autem,un
1212 2565 1260 2593 das
1268 2573 1390 2594 seorsum
1400 2566 1522 2599 consilia,
1534 2571 1562 2594 et
1575 2574 1608 2594 ex
1621 2566 1753 2601 ejusmodi
1768 2574 1812 2594 rc-

1018 2612 1254 2648 preheusionibus.
1268 2618 1295 2641 et
1307 2613 1378 2648 apud
1392 2613 1466 2640 illum
1478 2617 1506 2641 et
1515 2613 1586 2648 apud
1602 2613 1685 2640 Deum
1700 2613 1752 2640 erit
1767 2613 1813 2641 tibi

1019 2659 1147 2686 amicitia.
1173 2658 1249 2692 Quod
1277 2658 1299 2687 si
1313 2659 1395 2686 etiam
1418 2660 1476 2694 ipse
1497 2663 1525 2686 te
1545 2658 1650 2692 oderit,
1671 2663 1812 2694 propterea

1019 2705 1091 2733 Deus
1116 2710 1207 2733 manet
1231 2710 1257 2733 te
1277 2706 1362 2741 magis
1386 2705 1522 2740 diligens:
1538 2705 1592 2732 imo
1614 2712 1678 2733 vero
1702 2712 1752 2733 nec
1773 2705 1810 2732 sic

1018 2750 1117 2784 oderit,
1129 2755 1158 2778 ut
1178 2751 1285 2786 quando
1298 2751 1360 2778 odio
1382 2751 1497 2778 habebat
1518 2750 1742 2783 maledicentem;
1764 2750 1810 2778 sed

1018 2802 1082 2826 tunc
1097 2798 1205 2833 quidem
1220 2803 1355 2832 tamquam
1380 2798 1518 2825 inimicum
1534 2802 1562 2825 et
1576 2797 1682 2825 boetem
1703 2804 1813 2824 aversa-

1019 2844 1102 2877 bitur,
1116 2852 1189 2871 nunc
1203 2848 1292 2871 autem
1306 2843 1469 2871 existimabit
1483 2848 1508 2871 te
1522 2844 1618 2879 quovis
1640 2848 1716 2879 patre
1730 2843 1813 2878 magis

1022 2890 1210 2920 reverendum.
1223 2888 1300 2923 Quod
1315 2889 1338 2917 si
1349 2889 1430 2917 etiam
1445 2894 1536 2925 aperte
1550 2890 1640 2918 animo
1648 2896 1720 2925 agre
1734 2888 1812 2920 ferat.
