  <div class='ocr_page' id='page_1' title='image "/cluster/home/n/w/nwhite01/storage/ocr_20150623/61/njp.32101077772679/388.png"; bbox 0 0 2021 3117; ppageno 0'>
   <div class='ocr_carea' id='block_1_1' title="bbox 182 142 241 171">
    <p class='ocr_par' dir='ltr' id='par_1_1' title="bbox 182 142 241 171">
     <span class='ocr_line' id='line_1_1' title="bbox 182 142 241 171; baseline 0.017 -1"><span class='ocrx_word' id='word_1_1' title='bbox 182 142 241 171; x_wconf 63' lang='grc'>³-³</span> 
     </span>
    </p>
   </div>
   <div class='ocr_carea' id='block_1_2' title="bbox 182 200 977 240">
    <p class='ocr_par' dir='ltr' id='par_1_2' title="bbox 182 200 977 240">
     <span class='ocr_line' id='line_1_2' title="bbox 182 200 977 240; baseline 0.008 -11"><span class='ocrx_word' id='word_1_2' title='bbox 182 201 255 229; x_wconf 78' lang='grc' dir='ltr'>ἀλλά</span> <span class='ocrx_word' id='word_1_3' title='bbox 279 201 318 237; x_wconf 87' lang='grc' dir='ltr'>τῷ</span> <span class='ocrx_word' id='word_1_4' title='bbox 331 200 459 238; x_wconf 79' lang='grc' dir='ltr'>διασόλῳ,</span> <span class='ocrx_word' id='word_1_5' title='bbox 485 203 524 240; x_wconf 87' lang='grc' dir='ltr'>τῷ</span> <span class='ocrx_word' id='word_1_6' title='bbox 543 204 659 232; x_wconf 76' lang='grc' dir='ltr'>ὡθοῦντι</span> <span class='ocrx_word' id='word_1_7' title='bbox 683 207 731 233; x_wconf 81' lang='grc' dir='ltr'>καὶ</span> <span class='ocrx_word' id='word_1_8' title='bbox 754 207 977 240; x_wconf 71' lang='grc' dir='ltr'>ὐποσκελίζοντις</span> 
     </span>
    </p>
   </div>
   <div class='ocr_carea' id='block_1_3' title="bbox 183 247 976 288">
    <p class='ocr_par' dir='ltr' id='par_1_3' title="bbox 183 247 976 288">
     <span class='ocr_line' id='line_1_3' title="bbox 183 247 976 288; baseline 0.009 -15"><span class='ocrx_word' id='word_1_9' title='bbox 183 248 242 274; x_wconf 73' lang='grc' dir='ltr'>Καὶ</span> <span class='ocrx_word' id='word_1_10' title='bbox 258 247 342 275; x_wconf 86' lang='grc' dir='ltr'>πόθεν</span> <span class='ocrx_word' id='word_1_11' title='bbox 359 248 457 282; x_wconf 84' lang='grc' dir='ltr'>τοῦτο;</span> <span class='ocrx_word' id='word_1_12' title='bbox 475 249 538 277; x_wconf 82' lang='grc' dir='ltr'>Ὀτι</span> <span class='ocrx_word' id='word_1_13' title='bbox 553 252 604 278; x_wconf 71' lang='grc' dir='ltr'>οὐκ</span> <span class='ocrx_word' id='word_1_14' title='bbox 620 252 704 285; x_wconf 84' lang='grc' dir='ltr'>ἀνύω,</span> <span class='ocrx_word' id='word_1_15' title='bbox 723 253 809 288; x_wconf 80' lang='grc' dir='ltr'>φησὶ,</span> <span class='ocrx_word' id='word_1_16' title='bbox 827 254 914 288; x_wconf 81' lang='grc' dir='ltr'>λέγων</span> <span class='ocrx_word' id='word_1_17' title='bbox 929 254 976 280; x_wconf 79' lang='grc' dir='ltr'>καὶ</span> 
     </span>
    </p>
   </div>
   <div class='ocr_carea' id='block_1_4' title="bbox 183 292 976 334">
    <p class='ocr_par' dir='ltr' id='par_1_4' title="bbox 183 292 976 334">
     <span class='ocr_line' id='line_1_4' title="bbox 183 292 976 334; baseline 0.011 -16"><span class='ocrx_word' id='word_1_18' title='bbox 183 292 379 328; x_wconf 84' lang='grc' dir='ltr'>συμϐουλεύων</span> <span class='ocrx_word' id='word_1_19' title='bbox 405 294 441 321; x_wconf 86' lang='grc' dir='ltr'>τά</span> <span class='ocrx_word' id='word_1_20' title='bbox 466 294 570 323; x_wconf 79' lang='grc' dir='ltr'>δέοντα.</span> <span class='ocrx_word' id='word_1_21' title='bbox 597 297 683 324; x_wconf 81' lang='grc' dir='ltr'>Πόθεν</span> <span class='ocrx_word' id='word_1_22' title='bbox 702 298 732 324; x_wconf 87' lang='grc' dir='ltr'>δέ</span> <span class='ocrx_word' id='word_1_23' title='bbox 758 299 838 334; x_wconf 82' lang='grc' dir='ltr'>δῆλον</span> <span class='ocrx_word' id='word_1_24' title='bbox 861 300 902 326; x_wconf 83' lang='grc' dir='ltr'>ὄτι</span> <span class='ocrx_word' id='word_1_25' title='bbox 926 300 976 326; x_wconf 87' lang='grc' dir='ltr'>οὐκ</span> 
     </span>
    </p>
   </div>
   <div class='ocr_carea' id='block_1_5' title="bbox 181 337 976 379">
    <p class='ocr_par' dir='ltr' id='par_1_5' title="bbox 181 337 976 379">
     <span class='ocr_line' id='line_1_5' title="bbox 181 337 976 379; baseline 0.01 -15"><span class='ocrx_word' id='word_1_26' title='bbox 181 337 310 371; x_wconf 82' lang='grc' dir='ltr'>ἀνύσεις;</span> <span class='ocrx_word' id='word_1_27' title='bbox 334 339 382 366; x_wconf 84' lang='grc' dir='ltr'>καὶ</span> <span class='ocrx_word' id='word_1_28' title='bbox 403 340 459 376; x_wconf 81' lang='grc' dir='ltr'>γάρ</span> <span class='ocrx_word' id='word_1_29' title='bbox 475 341 555 368; x_wconf 84' lang='grc' dir='ltr'>τοῦτο</span> <span class='ocrx_word' id='word_1_30' title='bbox 577 343 657 370; x_wconf 81' lang='grc' dir='ltr'>πάλιν</span> <span class='ocrx_word' id='word_1_31' title='bbox 683 344 803 379; x_wconf 81' lang='grc' dir='ltr'>ἐσχάτης</span> <span class='ocrx_word' id='word_1_32' title='bbox 821 345 924 377; x_wconf 84' lang='grc' dir='ltr'>ἀνοίας,</span> <span class='ocrx_word' id='word_1_33' title='bbox 946 346 976 372; x_wconf 89' lang='grc' dir='ltr'>ἐν</span> 
     </span>
    </p>
   </div>
   <div class='ocr_carea' id='block_1_6' title="bbox 179 385 976 427">
    <p class='ocr_par' dir='ltr' id='par_1_6' title="bbox 179 385 976 427">
     <span class='ocr_line' id='line_1_6' title="bbox 179 385 976 427; baseline 0.01 -16"><span class='ocrx_word' id='word_1_34' title='bbox 179 385 273 421; x_wconf 84' lang='grc' dir='ltr'>ἀδήλῳ</span> <span class='ocrx_word' id='word_1_35' title='bbox 284 385 332 413; x_wconf 86' lang='grc' dir='ltr'>τοῦ</span> <span class='ocrx_word' id='word_1_36' title='bbox 345 385 440 419; x_wconf 77' lang='grc' dir='ltr'>τέλους</span> <span class='ocrx_word' id='word_1_37' title='bbox 453 388 592 423; x_wconf 80' lang='grc' dir='ltr'>κειμένου,</span> <span class='ocrx_word' id='word_1_38' title='bbox 610 389 748 425; x_wconf 76' lang='grc' dir='ltr'>ῥᾳθυμίας</span> <span class='ocrx_word' id='word_1_39' title='bbox 759 391 976 427; x_wconf 84' lang='grc' dir='ltr'>ὡμολογημένης</span> 
     </span>
    </p>
   </div>
   <div class='ocr_carea' id='block_1_7' title="bbox 179 431 975 472">
    <p class='ocr_par' dir='ltr' id='par_1_7' title="bbox 179 431 975 472">
     <span class='ocr_line' id='line_1_7' title="bbox 179 431 975 472; baseline 0.009 -15"><span class='ocrx_word' id='word_1_40' title='bbox 179 431 344 467; x_wconf 85' lang='grc' dir='ltr'>ἐγκλήματα</span> <span class='ocrx_word' id='word_1_41' title='bbox 368 432 506 467; x_wconf 79' lang='grc' dir='ltr'>δέχεσθαι.</span> <span class='ocrx_word' id='word_1_42' title='bbox 534 435 629 461; x_wconf 79' lang='grc' dir='ltr'>Καίτοι</span> <span class='ocrx_word' id='word_1_43' title='bbox 656 436 669 461; x_wconf 85' lang='grc' dir='ltr'>ὁ</span> <span class='ocrx_word' id='word_1_44' title='bbox 697 435 764 468; x_wconf 82' lang='grc' dir='ltr'>Θεὸς</span> <span class='ocrx_word' id='word_1_45' title='bbox 785 436 821 464; x_wconf 77' lang='grc' dir='ltr'>τὰ</span> <span class='ocrx_word' id='word_1_46' title='bbox 843 437 975 472; x_wconf 89' lang='grc' dir='ltr'>μέλλοντα</span> 
     </span>
    </p>
   </div>
   <div class='ocr_carea' id='block_1_8' title="bbox 179 477 974 518">
    <p class='ocr_par' dir='ltr' id='par_1_8' title="bbox 179 477 974 518">
     <span class='ocr_line' id='line_1_8' title="bbox 179 477 974 518; baseline 0.009 -14"><span class='ocrx_word' id='word_1_47' title='bbox 179 478 316 512; x_wconf 78' lang='grc' dir='ltr'>προειδὼς</span> <span class='ocrx_word' id='word_1_48' title='bbox 326 499 333 510; x_wconf 86' lang='grc'>,</span> <span class='ocrx_word' id='word_1_49' title='bbox 347 478 480 511; x_wconf 79' lang='grc' dir='ltr'>πολλάκις</span> <span class='ocrx_word' id='word_1_50' title='bbox 496 477 569 513; x_wconf 77' lang='grc' dir='ltr'>εἷπε,</span> <span class='ocrx_word' id='word_1_51' title='bbox 593 481 640 507; x_wconf 78' lang='grc' dir='ltr'>καὶ</span> <span class='ocrx_word' id='word_1_52' title='bbox 660 482 711 508; x_wconf 80' lang='grc' dir='ltr'>οὐκ</span> <span class='ocrx_word' id='word_1_53' title='bbox 727 483 809 518; x_wconf 74' lang='grc' dir='ltr'>ἧνυσε</span> <span class='ocrx_word' id='word_1_54' title='bbox 821 503 829 515; x_wconf 94' lang='grc'>,</span> <span class='ocrx_word' id='word_1_55' title='bbox 847 485 894 510; x_wconf 83' lang='grc' dir='ltr'>καὶ</span> <span class='ocrx_word' id='word_1_56' title='bbox 913 484 974 511; x_wconf 85' lang='grc' dir='ltr'>οὐδὲ</span> 
     </span>
    </p>
   </div>
   <div class='ocr_carea' id='block_1_9' title="bbox 178 523 972 564">
    <p class='ocr_par' dir='ltr' id='par_1_9' title="bbox 178 523 972 564">
     <span class='ocr_line' id='line_1_9' title="bbox 178 523 972 564; baseline 0.008 -14"><span class='ocrx_word' id='word_1_57' title='bbox 178 523 268 556; x_wconf 75' lang='grc' dir='ltr'>οἱτως</span> <span class='ocrx_word' id='word_1_58' title='bbox 277 525 396 560; x_wconf 74' lang='grc' dir='ltr'>ἀπέστη,</span> <span class='ocrx_word' id='word_1_59' title='bbox 408 526 551 553; x_wconf 74' lang='grc' dir='ltr'>καὶταῦτα</span> <span class='ocrx_word' id='word_1_60' title='bbox 559 527 648 560; x_wconf 81' lang='grc' dir='ltr'>εἰδὼς,</span> <span class='ocrx_word' id='word_1_61' title='bbox 659 529 699 554; x_wconf 80' lang='grc' dir='ltr'>ὅτι</span> <span class='ocrx_word' id='word_1_62' title='bbox 710 529 741 554; x_wconf 84' lang='grc' dir='ltr'>οὐ</span> <span class='ocrx_word' id='word_1_63' title='bbox 754 528 848 564; x_wconf 77' lang='grc' dir='ltr'>μέλλει</span> <span class='ocrx_word' id='word_1_64' title='bbox 856 529 972 557; x_wconf 82' lang='grc' dir='ltr'>πείθειν.</span> 
     </span>
    </p>
   </div>
   <div class='ocr_carea' id='block_1_10' title="bbox 179 569 973 611">
    <p class='ocr_par' dir='ltr' id='par_1_10' title="bbox 179 569 973 611">
     <span class='ocr_line' id='line_1_10' title="bbox 179 569 973 611; baseline 0.008 -15"><span class='ocrx_word' id='word_1_65' title='bbox 179 569 213 596; x_wconf 74' lang='grc' dir='ltr'>ΕΞ</span> <span class='ocrx_word' id='word_1_66' title='bbox 226 570 255 596; x_wconf 80' lang='grc' dir='ltr'>δὲ</span> <span class='ocrx_word' id='word_1_67' title='bbox 273 571 288 597; x_wconf 85' lang='grc' dir='ltr'><strong>ό</strong></span> <span class='ocrx_word' id='word_1_68' title='bbox 305 571 438 606; x_wconf 86' lang='grc' dir='ltr'>προειδὼς</span> <span class='ocrx_word' id='word_1_69' title='bbox 450 573 491 599; x_wconf 84' lang='grc' dir='ltr'>ὃτι</span> <span class='ocrx_word' id='word_1_70' title='bbox 505 573 582 600; x_wconf 75' lang='grc' dir='ltr'>οὐδὲν</span> <span class='ocrx_word' id='word_1_71' title='bbox 601 574 684 600; x_wconf 80' lang='grc' dir='ltr'>πλέον</span> <span class='ocrx_word' id='word_1_72' title='bbox 701 575 822 609; x_wconf 88' lang='grc' dir='ltr'>ποιήσει,</span> <span class='ocrx_word' id='word_1_73' title='bbox 837 575 884 602; x_wconf 88' lang='grc' dir='ltr'>τοῦ</span> <span class='ocrx_word' id='word_1_74' title='bbox 900 575 973 611; x_wconf 86' lang='grc' dir='ltr'>διορ-</span> 
     </span>
    </p>
   </div>
   <div class='ocr_carea' id='block_1_11' title="bbox 178 615 972 655">
    <p class='ocr_par' dir='ltr' id='par_1_11' title="bbox 178 615 972 655">
     <span class='ocr_line' id='line_1_11' title="bbox 178 615 972 655; baseline 0.008 -13"><span class='ocrx_word' id='word_1_75' title='bbox 178 615 245 643; x_wconf 77' lang='grc' dir='ltr'>θοῦν</span> <span class='ocrx_word' id='word_1_76' title='bbox 259 617 310 644; x_wconf 86' lang='grc' dir='ltr'>οὐκ</span> <span class='ocrx_word' id='word_1_77' title='bbox 325 617 486 652; x_wconf 82' lang='grc' dir='ltr'>ἀφίσταται,</span> <span class='ocrx_word' id='word_1_78' title='bbox 503 619 567 646; x_wconf 89' lang='grc' dir='ltr'>τίνα</span> <span class='ocrx_word' id='word_1_79' title='bbox 587 619 658 652; x_wconf 77' lang='grc' dir='ltr'>ἔξεις</span> <span class='ocrx_word' id='word_1_80' title='bbox 675 620 823 654; x_wconf 83' lang='grc' dir='ltr'>ἀπολογίαν</span> <span class='ocrx_word' id='word_1_81' title='bbox 838 621 852 647; x_wconf 83' lang='grc' dir='ltr'><strong><em>ὁ</em></strong></span> <span class='ocrx_word' id='word_1_82' title='bbox 867 621 972 655; x_wconf 84' lang='grc' dir='ltr'>ἀγνοῶν</span> 
     </span>
    </p>
   </div>
   <div class='ocr_carea' id='block_1_12' title="bbox 177 663 970 703">
    <p class='ocr_par' dir='ltr' id='par_1_12' title="bbox 177 663 970 703">
     <span class='ocr_line' id='line_1_12' title="bbox 177 663 970 703; baseline 0.009 -15"><span class='ocrx_word' id='word_1_83' title='bbox 177 663 211 689; x_wconf 82' lang='grc' dir='ltr'>τὸ</span> <span class='ocrx_word' id='word_1_84' title='bbox 234 663 331 699; x_wconf 78' lang='grc' dir='ltr'>μέλλον</span> <span class='ocrx_word' id='word_1_85' title='bbox 346 665 498 700; x_wconf 82' lang='grc' dir='ltr'>παντελῶς,</span> <span class='ocrx_word' id='word_1_86' title='bbox 522 667 570 693; x_wconf 73' lang='grc' dir='ltr'>καὶ</span> <span class='ocrx_word' id='word_1_87' title='bbox 587 667 750 703; x_wconf 73' lang='grc' dir='ltr'>ἐκλυόμενος</span> <span class='ocrx_word' id='word_1_88' title='bbox 771 668 817 694; x_wconf 73' lang='grc' dir='ltr'>καὶ¹</span> <span class='ocrx_word' id='word_1_89' title='bbox 841 667 970 702; x_wconf 85' lang='grc' dir='ltr'>ναρκῶν;</span> 
     </span>
    </p>
   </div>
   <div class='ocr_carea' id='block_1_13' title="bbox 178 710 971 750">
    <p class='ocr_par' dir='ltr' id='par_1_13' title="bbox 178 710 971 750">
     <span class='ocr_line' id='line_1_13' title="bbox 178 710 971 750; baseline 0.006 -14"><span class='ocrx_word' id='word_1_90' title='bbox 178 710 235 736; x_wconf 81' lang='grc' dir='ltr'>Καὶ</span> <span class='ocrx_word' id='word_1_91' title='bbox 247 710 302 747; x_wconf 81' lang='grc' dir='ltr'>γάρ</span> <span class='ocrx_word' id='word_1_92' title='bbox 315 711 445 744; x_wconf 80' lang='grc' dir='ltr'>πολλάκις</span> <span class='ocrx_word' id='word_1_93' title='bbox 455 713 682 749; x_wconf 77' lang='grc' dir='ltr'>ἐπιχειρήσαντες</span> <span class='ocrx_word' id='word_1_94' title='bbox 694 715 797 750; x_wconf 72' lang='grc' dir='ltr'>ἤνυσαν</span> <span class='ocrx_word' id='word_1_95' title='bbox 809 714 910 741; x_wconf 85' lang='grc' dir='ltr'>πολλοί·</span> <span class='ocrx_word' id='word_1_96' title='bbox 924 715 971 741; x_wconf 77' lang='grc' dir='ltr'>καὶ</span> 
     </span>
    </p>
   </div>
   <div class='ocr_carea' id='block_1_14' title="bbox 177 755 970 795">
    <p class='ocr_par' dir='ltr' id='par_1_14' title="bbox 177 755 970 795">
     <span class='ocr_line' id='line_1_14' title="bbox 177 755 970 795; baseline 0.006 -14"><span class='ocrx_word' id='word_1_97' title='bbox 177 755 224 782; x_wconf 75' lang='grc' dir='ltr'>ὅτε</span> <span class='ocrx_word' id='word_1_98' title='bbox 239 756 355 790; x_wconf 85' lang='grc' dir='ltr'>μάλιστα</span> <span class='ocrx_word' id='word_1_99' title='bbox 369 757 543 791; x_wconf 80' lang='grc' dir='ltr'>ἀπέγνωσαν,</span> <span class='ocrx_word' id='word_1_100' title='bbox 556 759 617 785; x_wconf 85' lang='grc' dir='ltr'>τότε</span> <span class='ocrx_word' id='word_1_101' title='bbox 634 759 753 794; x_wconf 87' lang='grc' dir='ltr'>μάλιστα</span> <span class='ocrx_word' id='word_1_102' title='bbox 766 759 907 795; x_wconf 77' lang='grc' dir='ltr'>ἐπέτυχον.</span> <span class='ocrx_word' id='word_1_103' title='bbox 923 760 970 786; x_wconf 77' lang='grc' dir='ltr'>Ἂν</span> 
     </span>
    </p>
   </div>
   <div class='ocr_carea' id='block_1_15' title="bbox 176 800 968 842">
    <p class='ocr_par' dir='ltr' id='par_1_15' title="bbox 176 800 968 842">
     <span class='ocr_line' id='line_1_15' title="bbox 176 800 968 842; baseline 0.008 -15"><span class='ocrx_word' id='word_1_104' title='bbox 176 800 207 827; x_wconf 81' lang='grc' dir='ltr'>δὲ</span> <span class='ocrx_word' id='word_1_105' title='bbox 223 801 269 828; x_wconf 81' lang='grc' dir='ltr'>καὶ</span> <span class='ocrx_word' id='word_1_106' title='bbox 291 801 375 837; x_wconf 75' lang='grc' dir='ltr'>μηδὲν</span> <span class='ocrx_word' id='word_1_107' title='bbox 392 803 510 839; x_wconf 80' lang='grc' dir='ltr'>ποιήσῃς</span> <span class='ocrx_word' id='word_1_108' title='bbox 532 804 625 837; x_wconf 81' lang='grc' dir='ltr'>πλέον,</span> <span class='ocrx_word' id='word_1_109' title='bbox 640 805 671 831; x_wconf 86' lang='grc' dir='ltr'>τὸ</span> <span class='ocrx_word' id='word_1_110' title='bbox 688 805 789 832; x_wconf 80' lang='grc' dir='ltr'>σαυτοῦ</span> <span class='ocrx_word' id='word_1_111' title='bbox 805 806 968 842; x_wconf 84' lang='grc' dir='ltr'>πεποίηκας.</span> 
     </span>
    </p>
   </div>
   <div class='ocr_carea' id='block_1_16' title="bbox 177 846 969 888">
    <p class='ocr_par' dir='ltr' id='par_1_16' title="bbox 177 846 969 888">
     <span class='ocr_line' id='line_1_16' title="bbox 177 846 969 888; baseline 0.009 -16"><span class='ocrx_word' id='word_1_112' title='bbox 177 846 225 882; x_wconf 83' lang='grc' dir='ltr'>Μὴ</span> <span class='ocrx_word' id='word_1_113' title='bbox 239 847 330 874; x_wconf 81' lang='grc' dir='ltr'>τοίνυν</span> <span class='ocrx_word' id='word_1_114' title='bbox 345 849 531 884; x_wconf 79' lang='grc' dir='ltr'>ἀπάνθρωπος</span> <span class='ocrx_word' id='word_1_115' title='bbox 551 851 643 885; x_wconf 81' lang='grc' dir='ltr'>γίνου,</span> <span class='ocrx_word' id='word_1_116' title='bbox 663 852 732 887; x_wconf 85' lang='grc' dir='ltr'>μήτε</span> <span class='ocrx_word' id='word_1_117' title='bbox 747 852 876 888; x_wconf 82' lang='grc' dir='ltr'>ἀνηλεὴς,</span> <span class='ocrx_word' id='word_1_118' title='bbox 901 853 969 888; x_wconf 88' lang='grc' dir='ltr'>μήτε</span> 
     </span>
    </p>
   </div>
   <div class='ocr_carea' id='block_1_17' title="bbox 176 892 969 934">
    <p class='ocr_par' dir='ltr' id='par_1_17' title="bbox 176 892 969 934">
     <span class='ocr_line' id='line_1_17' title="bbox 176 892 969 934; baseline 0.01 -17"><span class='ocrx_word' id='word_1_119' title='bbox 176 892 318 929; x_wconf 74' lang='grc' dir='ltr'>ὀλίγωρος.</span> <span class='ocrx_word' id='word_1_120' title='bbox 337 894 397 921; x_wconf 82' lang='grc' dir='ltr'>Ὀτι</span> <span class='ocrx_word' id='word_1_121' title='bbox 413 895 469 931; x_wconf 84' lang='grc' dir='ltr'>γὰρ</span> <span class='ocrx_word' id='word_1_122' title='bbox 483 895 624 932; x_wconf 82' lang='grc' dir='ltr'>ὠμότητος</span> <span class='ocrx_word' id='word_1_123' title='bbox 639 897 726 924; x_wconf 89' lang='grc' dir='ltr'>ταῦτα</span> <span class='ocrx_word' id='word_1_124' title='bbox 747 899 780 924; x_wconf 84' lang='grc' dir='ltr'>τά</span> <span class='ocrx_word' id='word_1_125' title='bbox 799 899 909 934; x_wconf 74' lang='grc' dir='ltr'>ῥήματα</span> <span class='ocrx_word' id='word_1_126' title='bbox 923 899 969 925; x_wconf 81' lang='grc' dir='ltr'>καὶ</span> 
     </span>
    </p>
   </div>
   <div class='ocr_carea' id='block_1_18' title="bbox 178 938 969 978">
    <p class='ocr_par' dir='ltr' id='par_1_18' title="bbox 178 938 969 978">
     <span class='ocr_line' id='line_1_18' title="bbox 178 938 969 978; baseline 0.006 -13"><span class='ocrx_word' id='word_1_127' title='bbox 178 938 327 974; x_wconf 64' lang='grc' dir='ltr'>ῥᾳθυμίας,</span> <span class='ocrx_word' id='word_1_128' title='bbox 343 939 423 976; x_wconf 85' lang='grc' dir='ltr'>δῆλον</span> <span class='ocrx_word' id='word_1_129' title='bbox 436 941 552 968; x_wconf 82' lang='grc' dir='ltr'>ἐκεῖθεν.</span> <span class='ocrx_word' id='word_1_130' title='bbox 568 942 646 975; x_wconf 86' lang='grc' dir='ltr'>Τίνος</span> <span class='ocrx_word' id='word_1_131' title='bbox 657 943 712 978; x_wconf 85' lang='grc' dir='ltr'>γὰρ</span> <span class='ocrx_word' id='word_1_132' title='bbox 726 943 831 975; x_wconf 72' lang='grc' dir='ltr'>ἕνεκεν,</span> <span class='ocrx_word' id='word_1_133' title='bbox 846 944 905 975; x_wconf 81' lang='grc' dir='ltr'>ἐνὸς</span> <span class='ocrx_word' id='word_1_134' title='bbox 915 943 969 970; x_wconf 84' lang='grc' dir='ltr'>τῶν</span> 
     </span>
    </p>
   </div>
   <div class='ocr_carea' id='block_1_19' title="bbox 177 985 968 1023">
    <p class='ocr_par' dir='ltr' id='par_1_19' title="bbox 177 985 968 1023">
     <span class='ocr_line' id='line_1_19' title="bbox 177 985 968 1023; baseline 0.006 -12"><span class='ocrx_word' id='word_1_135' title='bbox 177 985 269 1020; x_wconf 83' lang='grc' dir='ltr'>μελῶν</span> <span class='ocrx_word' id='word_1_136' title='bbox 291 985 338 1012; x_wconf 89' lang='grc' dir='ltr'>τοῦ</span> <span class='ocrx_word' id='word_1_137' title='bbox 359 986 486 1022; x_wconf 83' lang='grc' dir='ltr'>σώματός</span> <span class='ocrx_word' id='word_1_138' title='bbox 504 995 551 1014; x_wconf 89' lang='grc' dir='ltr'>σου</span> <span class='ocrx_word' id='word_1_139' title='bbox 577 988 738 1023; x_wconf 77' lang='grc' dir='ltr'>κάμνοντος,</span> <span class='ocrx_word' id='word_1_140' title='bbox 757 989 788 1015; x_wconf 81' lang='grc' dir='ltr'>οὺ</span> <span class='ocrx_word' id='word_1_141' title='bbox 813 989 918 1023; x_wconf 83' lang='grc' dir='ltr'>λέγεις’</span> <span class='ocrx_word' id='word_1_142' title='bbox 936 989 968 1016; x_wconf 92' lang='grc' dir='ltr'>Τί</span> 
     </span>
    </p>
   </div>
   <div class='ocr_carea' id='block_1_20' title="bbox 177 1031 968 1070">
    <p class='ocr_par' dir='ltr' id='par_1_20' title="bbox 177 1031 968 1070">
     <span class='ocr_line' id='line_1_20' title="bbox 177 1031 968 1070; baseline 0.004 -12"><span class='ocrx_word' id='word_1_143' title='bbox 177 1040 223 1066; x_wconf 90' lang='grc' dir='ltr'>μοι</span> <span class='ocrx_word' id='word_1_144' title='bbox 247 1031 334 1068; x_wconf 72' lang='grc' dir='ltr'>μέλει,</span> <span class='ocrx_word' id='word_1_145' title='bbox 352 1033 400 1060; x_wconf 73' lang='grc' dir='ltr'>καὶ</span> <span class='ocrx_word' id='word_1_146' title='bbox 422 1033 506 1060; x_wconf 81' lang='grc' dir='ltr'>πόθεν</span> <span class='ocrx_word' id='word_1_147' title='bbox 519 1034 609 1069; x_wconf 82' lang='grc' dir='ltr'>δῆλον,</span> <span class='ocrx_word' id='word_1_148' title='bbox 626 1034 668 1061; x_wconf 80' lang='grc' dir='ltr'>ὅτι</span> <span class='ocrx_word' id='word_1_149' title='bbox 685 1036 710 1061; x_wconf 81' lang='grc' dir='ltr'>εἰ</span> <span class='ocrx_word' id='word_1_150' title='bbox 729 1035 887 1070; x_wconf 76' lang='grc' dir='ltr'>ἐπιμελείας</span> <span class='ocrx_word' id='word_1_151' title='bbox 903 1044 968 1069; x_wconf 89' lang='grc' dir='ltr'>τυγ-</span> 
     </span>
    </p>
   </div>
   <div class='ocr_carea' id='block_1_21' title="bbox 175 1079 967 1116">
    <p class='ocr_par' dir='ltr' id='par_1_21' title="bbox 175 1079 967 1116">
     <span class='ocr_line' id='line_1_21' title="bbox 175 1079 967 1116; baseline 0.004 -11"><span class='ocrx_word' id='word_1_152' title='bbox 175 1079 261 1114; x_wconf 86' lang='grc' dir='ltr'>χάνει,</span> <span class='ocrx_word' id='word_1_153' title='bbox 280 1079 418 1114; x_wconf 82' lang='grc' dir='ltr'>ὑγιαίνει;</span> <span class='ocrx_word' id='word_1_154' title='bbox 440 1080 509 1107; x_wconf 87' lang='grc' dir='ltr'>ἀλλά</span> <span class='ocrx_word' id='word_1_155' title='bbox 531 1080 621 1107; x_wconf 84' lang='grc' dir='ltr'>πάντα</span> <span class='ocrx_word' id='word_1_156' title='bbox 637 1082 735 1114; x_wconf 84' lang='grc' dir='ltr'>ποιεῖς,</span> <span class='ocrx_word' id='word_1_157' title='bbox 753 1081 797 1108; x_wconf 74' lang='grc' dir='ltr'>ἵνα</span> <span class='ocrx_word' id='word_1_158' title='bbox 813 1081 865 1108; x_wconf 78' lang='grc' dir='ltr'>κᾶν</span> <span class='ocrx_word' id='word_1_159' title='bbox 884 1081 967 1116; x_wconf 82' lang='grc' dir='ltr'>μηδὲν</span> 
     </span>
    </p>
   </div>
   <div class='ocr_carea' id='block_1_22' title="bbox 175 1124 965 1162">
    <p class='ocr_par' dir='ltr' id='par_1_22' title="bbox 175 1124 965 1162">
     <span class='ocr_line' id='line_1_22' title="bbox 175 1124 965 1162; baseline 0.001 -11"><span class='ocrx_word' id='word_1_160' title='bbox 175 1124 330 1161; x_wconf 61' lang='grc' dir='ltr'>ὼρελήσῃς,</span> <span class='ocrx_word' id='word_1_161' title='bbox 349 1126 386 1161; x_wconf 79' lang='grc' dir='ltr'>μὴ</span> <span class='ocrx_word' id='word_1_162' title='bbox 401 1125 467 1162; x_wconf 74' lang='grc' dir='ltr'>ἔχῃς</span> <span class='ocrx_word' id='word_1_163' title='bbox 481 1126 607 1160; x_wconf 77' lang='grc' dir='ltr'>ἐγκαλεῖν</span> <span class='ocrx_word' id='word_1_164' title='bbox 625 1126 747 1161; x_wconf 85' lang='grc' dir='ltr'>σεαυτῷ,</span> <span class='ocrx_word' id='word_1_165' title='bbox 763 1127 805 1154; x_wconf 84' lang='grc' dir='ltr'>ὅτι</span> <span class='ocrx_word' id='word_1_166' title='bbox 820 1126 875 1153; x_wconf 84' lang='grc' dir='ltr'>τῶν</span> <span class='ocrx_word' id='word_1_167' title='bbox 889 1127 965 1161; x_wconf 85' lang='grc' dir='ltr'>ὀφει-</span> 
     </span>
    </p>
   </div>
   <div class='ocr_carea' id='block_1_23' title="bbox 174 1170 964 1208">
    <p class='ocr_par' dir='ltr' id='par_1_23' title="bbox 174 1170 964 1208">
     <span class='ocr_line' id='line_1_23' title="bbox 174 1170 964 1208; baseline 0.003 -11"><span class='ocrx_word' id='word_1_168' title='bbox 174 1171 276 1198; x_wconf 81' lang='grc' dir='ltr'>λόντων</span> <span class='ocrx_word' id='word_1_169' title='bbox 297 1171 423 1206; x_wconf 86' lang='grc' dir='ltr'>γενέσθαι</span> <span class='ocrx_word' id='word_1_170' title='bbox 443 1180 469 1198; x_wconf 90' lang='grc' dir='ltr'>τι</span> <span class='ocrx_word' id='word_1_171' title='bbox 493 1172 672 1208; x_wconf 82' lang='grc' dir='ltr'>παρελείφθη.</span> <span class='ocrx_word' id='word_1_172' title='bbox 692 1170 760 1199; x_wconf 80' lang='grc' dir='ltr'>Εἶτα</span> <span class='ocrx_word' id='word_1_173' title='bbox 778 1173 832 1200; x_wconf 85' lang='grc' dir='ltr'>τῶν</span> <span class='ocrx_word' id='word_1_174' title='bbox 849 1173 898 1208; x_wconf 83' lang='grc' dir='ltr'>μὲν</span> <span class='ocrx_word' id='word_1_175' title='bbox 917 1173 964 1199; x_wconf 87' lang='grc' dir='ltr'>τοῦ</span> 
     </span>
    </p>
   </div>
   <div class='ocr_carea' id='block_1_24' title="bbox 175 1216 965 1253">
    <p class='ocr_par' dir='ltr' id='par_1_24' title="bbox 175 1216 965 1253">
     <span class='ocr_line' id='line_1_24' title="bbox 175 1216 965 1253; baseline 0.003 -10"><span class='ocrx_word' id='word_1_176' title='bbox 175 1216 302 1252; x_wconf 83' lang='grc' dir='ltr'>σώματος</span> <span class='ocrx_word' id='word_1_177' title='bbox 327 1217 399 1244; x_wconf 79' lang='grc' dir='ltr'>οὕτω</span> <span class='ocrx_word' id='word_1_178' title='bbox 422 1217 496 1253; x_wconf 77' lang='grc'>[415]</span> <span class='ocrx_word' id='word_1_179' title='bbox 524 1218 705 1253; x_wconf 78' lang='grc' dir='ltr'>φροντιοῦμεν</span> <span class='ocrx_word' id='word_1_180' title='bbox 732 1219 835 1253; x_wconf 85' lang='grc' dir='ltr'>μελῶν,</span> <span class='ocrx_word' id='word_1_181' title='bbox 856 1219 910 1245; x_wconf 86' lang='grc' dir='ltr'>τῶν</span> <span class='ocrx_word' id='word_1_182' title='bbox 937 1219 965 1245; x_wconf 83' lang='grc' dir='ltr'>δὲ</span> 
     </span>
    </p>
   </div>
   <div class='ocr_carea' id='block_1_25' title="bbox 174 1262 966 1299">
    <p class='ocr_par' dir='ltr' id='par_1_25' title="bbox 174 1262 966 1299">
     <span class='ocr_line' id='line_1_25' title="bbox 174 1262 966 1299; baseline 0.003 -10"><span class='ocrx_word' id='word_1_183' title='bbox 174 1262 220 1289; x_wconf 82' lang='grc' dir='ltr'>τοῦ</span> <span class='ocrx_word' id='word_1_184' title='bbox 239 1263 357 1298; x_wconf 77' lang='grc' dir='ltr'>Χριστοῦ</span> <span class='ocrx_word' id='word_1_185' title='bbox 374 1263 567 1299; x_wconf 83' lang='grc' dir='ltr'>ἀμελήσομεν;</span> <span class='ocrx_word' id='word_1_186' title='bbox 589 1265 637 1290; x_wconf 76' lang='grc' dir='ltr'>καὶ</span> <span class='ocrx_word' id='word_1_187' title='bbox 657 1264 708 1291; x_wconf 87' lang='grc' dir='ltr'>ποῦ</span> <span class='ocrx_word' id='word_1_188' title='bbox 728 1264 814 1291; x_wconf 88' lang='grc' dir='ltr'>ταῦτα</span> <span class='ocrx_word' id='word_1_189' title='bbox 842 1265 966 1299; x_wconf 85' lang='grc' dir='ltr'>συγγνώ-</span> 
     </span>
    </p>
   </div>
   <div class='ocr_carea' id='block_1_26' title="bbox 175 1309 963 1346">
    <p class='ocr_par' dir='ltr' id='par_1_26' title="bbox 175 1309 963 1346">
     <span class='ocr_line' id='line_1_26' title="bbox 175 1309 963 1346; baseline -0.009 -1"><span class='ocrx_word' id='word_1_190' title='bbox 175 1317 229 1345; x_wconf 79' lang='grc' dir='ltr'>μης</span> <span class='ocrx_word' id='word_1_191' title='bbox 255 1309 333 1343; x_wconf 71' lang='grc' dir='ltr'>ἄξιας</span> <span class='ocrx_word' id='word_1_192' title='bbox 351 1310 383 1336; x_wconf 73' lang='grc' dir='ltr'>Εἰ</span> <span class='ocrx_word' id='word_1_193' title='bbox 408 1310 464 1346; x_wconf 89' lang='grc' dir='ltr'>γάρ</span> <span class='ocrx_word' id='word_1_194' title='bbox 477 1319 506 1336; x_wconf 91' lang='grc' dir='ltr'>σε</span> <span class='ocrx_word' id='word_1_195' title='bbox 531 1311 568 1346; x_wconf 81' lang='grc' dir='ltr'>μὴ</span> <span class='ocrx_word' id='word_1_196' title='bbox 583 1312 775 1346; x_wconf 86' lang='grc' dir='ltr'>κατακάμπτω</span> <span class='ocrx_word' id='word_1_197' title='bbox 799 1311 897 1345; x_wconf 84' lang='grc' dir='ltr'>λέγων,</span> <span class='ocrx_word' id='word_1_198' title='bbox 923 1312 963 1338; x_wconf 85' lang='grc' dir='ltr'>ὅτι</span> 
     </span>
    </p>
   </div>
   <div class='ocr_carea' id='block_1_27' title="bbox 173 1355 964 1395">
    <p class='ocr_par' dir='ltr' id='par_1_27' title="bbox 173 1355 964 1395">
     <span class='ocr_line' id='line_1_27' title="bbox 173 1355 964 1395; baseline 0.003 -13"><span class='ocrx_word' id='word_1_199' title='bbox 173 1355 227 1383; x_wconf 86' lang='grc' dir='ltr'>Τοῦ</span> <span class='ocrx_word' id='word_1_200' title='bbox 248 1356 344 1391; x_wconf 81' lang='grc' dir='ltr'>μέλους</span> <span class='ocrx_word' id='word_1_201' title='bbox 361 1365 408 1383; x_wconf 88' lang='grc' dir='ltr'>σου</span> <span class='ocrx_word' id='word_1_202' title='bbox 423 1357 583 1393; x_wconf 85' lang='grc' dir='ltr'>φρόντισον,</span> <span class='ocrx_word' id='word_1_203' title='bbox 610 1358 653 1384; x_wconf 78' lang='grc' dir='ltr'>ἵνα</span> <span class='ocrx_word' id='word_1_204' title='bbox 675 1357 727 1384; x_wconf 76' lang='grc' dir='ltr'>κᾶν</span> <span class='ocrx_word' id='word_1_205' title='bbox 750 1358 789 1393; x_wconf 79' lang='grc' dir='ltr'>τῷ</span> <span class='ocrx_word' id='word_1_206' title='bbox 806 1359 881 1393; x_wconf 83' lang='grc' dir='ltr'>φόϐῳ</span> <span class='ocrx_word' id='word_1_207' title='bbox 898 1358 964 1395; x_wconf 86' lang='grc' dir='ltr'>γένῃ</span> 
     </span>
    </p>
   </div>
   <div class='ocr_carea' id='block_1_28' title="bbox 175 1401 962 1439">
    <p class='ocr_par' dir='ltr' id='par_1_28' title="bbox 175 1401 962 1439">
     <span class='ocr_line' id='line_1_28' title="bbox 175 1401 962 1439; baseline 0.004 -12"><span class='ocrx_word' id='word_1_208' title='bbox 175 1401 296 1436; x_wconf 80' lang='grc' dir='ltr'>βελτίων,</span> <span class='ocrx_word' id='word_1_209' title='bbox 310 1401 358 1429; x_wconf 89' lang='grc' dir='ltr'>τοῦ</span> <span class='ocrx_word' id='word_1_210' title='bbox 371 1402 497 1437; x_wconf 87' lang='grc' dir='ltr'>σώματος</span> <span class='ocrx_word' id='word_1_211' title='bbox 509 1403 712 1438; x_wconf 80' lang='grc' dir='ltr'>ἀναμιμνήσκω</span> <span class='ocrx_word' id='word_1_212' title='bbox 727 1412 756 1429; x_wconf 91' lang='grc' dir='ltr'>σε</span> <span class='ocrx_word' id='word_1_213' title='bbox 771 1403 818 1430; x_wconf 87' lang='grc' dir='ltr'>τοῦ</span> <span class='ocrx_word' id='word_1_214' title='bbox 831 1404 962 1439; x_wconf 85' lang='grc' dir='ltr'>Χριστοῦ.</span> 
     </span>
    </p>
   </div>
   <div class='ocr_carea' id='block_1_29' title="bbox 174 1448 964 1486">
    <p class='ocr_par' dir='ltr' id='par_1_29' title="bbox 174 1448 964 1486">
     <span class='ocr_line' id='line_1_29' title="bbox 174 1448 964 1486; baseline 0.001 -11"><span class='ocrx_word' id='word_1_215' title='bbox 174 1448 235 1480; x_wconf 77' lang='grc' dir='ltr'>Πῶς</span> <span class='ocrx_word' id='word_1_216' title='bbox 261 1448 317 1484; x_wconf 80' lang='grc' dir='ltr'>γάρ</span> <span class='ocrx_word' id='word_1_217' title='bbox 342 1449 372 1475; x_wconf 81' lang='grc' dir='ltr'>οὐ</span> <span class='ocrx_word' id='word_1_218' title='bbox 394 1449 497 1485; x_wconf 81' lang='grc' dir='ltr'>φρίκης</span> <span class='ocrx_word' id='word_1_219' title='bbox 522 1449 598 1482; x_wconf 81' lang='grc' dir='ltr'>ἄξιον</span> <span class='ocrx_word' id='word_1_220' title='bbox 623 1451 783 1486; x_wconf 87' lang='grc' dir='ltr'>σηπομένην</span> <span class='ocrx_word' id='word_1_221' title='bbox 807 1450 891 1477; x_wconf 83' lang='grc' dir='ltr'>αὑτοῦ</span> <span class='ocrx_word' id='word_1_222' title='bbox 915 1450 964 1485; x_wconf 87' lang='grc' dir='ltr'>τὴν</span> 
     </span>
    </p>
   </div>
   <div class='ocr_carea' id='block_1_30' title="bbox 173 1496 964 1532">
    <p class='ocr_par' dir='ltr' id='par_1_30' title="bbox 173 1496 964 1532">
     <span class='ocr_line' id='line_1_30' title="bbox 173 1496 964 1532; baseline 0.001 -11"><span class='ocrx_word' id='word_1_223' title='bbox 173 1496 263 1530; x_wconf 79' lang='grc' dir='ltr'>σάρκα</span> <span class='ocrx_word' id='word_1_224' title='bbox 276 1496 353 1532; x_wconf 82' lang='grc' dir='ltr'>ὀρᾷν,</span> <span class='ocrx_word' id='word_1_225' title='bbox 367 1496 416 1522; x_wconf 78' lang='grc' dir='ltr'>καὶ</span> <span class='ocrx_word' id='word_1_226' title='bbox 434 1497 582 1532; x_wconf 71' lang='grc' dir='ltr'>περιορᾷν;</span> <span class='ocrx_word' id='word_1_227' title='bbox 599 1497 654 1522; x_wconf 80' lang='grc' dir='ltr'>Καὶ</span> <span class='ocrx_word' id='word_1_228' title='bbox 665 1497 689 1522; x_wconf 79' lang='grc' dir='ltr'>εί</span> <span class='ocrx_word' id='word_1_229' title='bbox 707 1496 756 1531; x_wconf 81' lang='grc' dir='ltr'>μὲν</span> <span class='ocrx_word' id='word_1_230' title='bbox 770 1496 878 1532; x_wconf 75' lang='grc' dir='ltr'>οἰκέτην</span> <span class='ocrx_word' id='word_1_231' title='bbox 892 1496 964 1530; x_wconf 73' lang='grc' dir='ltr'>ἔχοις</span> 
     </span>
    </p>
   </div>
   <div class='ocr_carea' id='block_1_31' title="bbox 172 1540 961 1578">
    <p class='ocr_par' dir='ltr' id='par_1_31' title="bbox 172 1540 961 1578">
     <span class='ocr_line' id='line_1_31' title="bbox 172 1540 961 1578; baseline 0.003 -11"><span class='ocrx_word' id='word_1_232' title='bbox 172 1541 188 1576; x_wconf 78' lang='grc' dir='ltr'><strong>ἦ</strong></span> <span class='ocrx_word' id='word_1_233' title='bbox 203 1540 264 1568; x_wconf 72' lang='grc' dir='ltr'>ὄνον</span> <span class='ocrx_word' id='word_1_234' title='bbox 281 1541 415 1578; x_wconf 83' lang='grc' dir='ltr'>σηπεδόνα</span> <span class='ocrx_word' id='word_1_235' title='bbox 429 1542 536 1578; x_wconf 80' lang='grc' dir='ltr'>έχοντα,</span> <span class='ocrx_word' id='word_1_236' title='bbox 550 1544 600 1569; x_wconf 83' lang='grc' dir='ltr'>οὐκ</span> <span class='ocrx_word' id='word_1_237' title='bbox 618 1543 650 1569; x_wconf 86' lang='grc' dir='ltr'>ἂν</span> <span class='ocrx_word' id='word_1_238' title='bbox 665 1543 793 1578; x_wconf 79' lang='grc' dir='ltr'>ἀνάσχοιο</span> <span class='ocrx_word' id='word_1_239' title='bbox 810 1543 942 1577; x_wconf 83' lang='grc' dir='ltr'>περιιδεῖν</span> <span class='ocrx_word' id='word_1_240' title='bbox 954 1550 961 1557; x_wconf 85' lang='grc'>⁶</span> 
     </span>
    </p>
   </div>
   <div class='ocr_carea' id='block_1_32' title="bbox 171 1588 961 1626">
    <p class='ocr_par' dir='ltr' id='par_1_32' title="bbox 171 1588 961 1626">
     <span class='ocr_line' id='line_1_32' title="bbox 171 1588 961 1626; baseline 0.001 -12"><span class='ocrx_word' id='word_1_241' title='bbox 171 1589 202 1614; x_wconf 79' lang='grc' dir='ltr'>τὸ</span> <span class='ocrx_word' id='word_1_242' title='bbox 211 1588 240 1614; x_wconf 68' lang='grc' dir='ltr'>δὲ</span> <span class='ocrx_word' id='word_1_243' title='bbox 255 1589 334 1624; x_wconf 86' lang='grc' dir='ltr'>σῶμα</span> <span class='ocrx_word' id='word_1_244' title='bbox 344 1589 392 1616; x_wconf 80' lang='grc' dir='ltr'>τοῦ</span> <span class='ocrx_word' id='word_1_245' title='bbox 402 1589 522 1625; x_wconf 80' lang='grc' dir='ltr'>Χριστοῦ</span> <span class='ocrx_word' id='word_1_246' title='bbox 536 1590 630 1625; x_wconf 79' lang='grc' dir='ltr'>ψώρας</span> <span class='ocrx_word' id='word_1_247' title='bbox 641 1590 712 1624; x_wconf 81' lang='grc' dir='ltr'>ὁρῶν</span> <span class='ocrx_word' id='word_1_248' title='bbox 723 1589 961 1626; x_wconf 86' lang='grc' dir='ltr'>ἐμπεπλησμένον,</span> 
     </span>
    </p>
   </div>
   <div class='ocr_carea' id='block_1_33' title="bbox 172 1633 962 1672">
    <p class='ocr_par' dir='ltr' id='par_1_33' title="bbox 172 1633 962 1672">
     <span class='ocr_line' id='line_1_33' title="bbox 172 1633 962 1672; baseline 0.001 -12"><span class='ocrx_word' id='word_1_249' title='bbox 172 1635 375 1670; x_wconf 78' lang='grc' dir='ltr'>παρατρέχεις;</span> <span class='ocrx_word' id='word_1_250' title='bbox 392 1636 440 1662; x_wconf 71' lang='grc' dir='ltr'>καὶ¹</span> <span class='ocrx_word' id='word_1_251' title='bbox 453 1637 502 1672; x_wconf 81' lang='grc' dir='ltr'>οὐχ</span> <span class='ocrx_word' id='word_1_252' title='bbox 520 1637 572 1672; x_wconf 88' lang='grc' dir='ltr'>ήγῇ</span> <span class='ocrx_word' id='word_1_253' title='bbox 588 1637 674 1663; x_wconf 86' lang='grc' dir='ltr'>ταῦτα</span> <span class='ocrx_word' id='word_1_254' title='bbox 691 1636 796 1672; x_wconf 88' lang='grc' dir='ltr'>μυρίων</span> <span class='ocrx_word' id='word_1_255' title='bbox 811 1636 873 1670; x_wconf 80' lang='grc' dir='ltr'>ἄξια</span> <span class='ocrx_word' id='word_1_256' title='bbox 893 1633 962 1662; x_wconf 75' lang='grc' dir='ltr'>εἶναι</span> 
     </span>
    </p>
   </div>
   <div class='ocr_carea' id='block_1_34' title="bbox 171 1680 960 1715">
    <p class='ocr_par' dir='ltr' id='par_1_34' title="bbox 171 1680 960 1715">
     <span class='ocr_line' id='line_1_34' title="bbox 171 1680 960 1715; baseline 0.005 -11"><span class='ocrx_word' id='word_1_257' title='bbox 171 1680 332 1714; x_wconf 76' lang='grc' dir='ltr'>κεραυνῶνς</span> <span class='ocrx_word' id='word_1_258' title='bbox 353 1680 402 1707; x_wconf 86' lang='grc' dir='ltr'>Διά</span> <span class='ocrx_word' id='word_1_259' title='bbox 416 1680 495 1707; x_wconf 88' lang='grc' dir='ltr'>τοῦτο</span> <span class='ocrx_word' id='word_1_260' title='bbox 516 1681 605 1707; x_wconf 86' lang='grc' dir='ltr'>πάντα</span> <span class='ocrx_word' id='word_1_261' title='bbox 630 1682 686 1708; x_wconf 84' lang='grc' dir='ltr'>ἄνω</span> <span class='ocrx_word' id='word_1_262' title='bbox 702 1683 748 1708; x_wconf 81' lang='grc' dir='ltr'>καὶ</span> <span class='ocrx_word' id='word_1_263' title='bbox 765 1682 840 1708; x_wconf 82' lang='grc' dir='ltr'>κάτω</span> <span class='ocrx_word' id='word_1_264' title='bbox 855 1681 960 1715; x_wconf 83' lang='grc' dir='ltr'>γέγονε,</span> 
     </span>
    </p>
   </div>
   <div class='ocr_carea' id='block_1_35' title="bbox 170 1725 907 1763">
    <p class='ocr_par' dir='ltr' id='par_1_35' title="bbox 170 1725 907 1763">
     <span class='ocr_line' id='line_1_35' title="bbox 170 1725 907 1763; baseline 0.001 -11"><span class='ocrx_word' id='word_1_265' title='bbox 170 1725 215 1752; x_wconf 74' lang='grc' dir='ltr'>διὰ</span> <span class='ocrx_word' id='word_1_266' title='bbox 230 1726 280 1761; x_wconf 85' lang='grc' dir='ltr'>τὴν</span> <span class='ocrx_word' id='word_1_267' title='bbox 294 1726 495 1763; x_wconf 82' lang='grc' dir='ltr'>ἀπανθρωπίαν</span> <span class='ocrx_word' id='word_1_268' title='bbox 508 1726 622 1762; x_wconf 85' lang='grc' dir='ltr'>ταύτην,</span> <span class='ocrx_word' id='word_1_269' title='bbox 639 1727 682 1753; x_wconf 82' lang='grc' dir='ltr'>διὰ</span> <span class='ocrx_word' id='word_1_270' title='bbox 696 1727 745 1763; x_wconf 86' lang='grc' dir='ltr'>τὴν</span> <span class='ocrx_word' id='word_1_271' title='bbox 761 1727 907 1763; x_wconf 63' lang='grc' dir='ltr'>ρᾳθυμίαν.</span> 
     </span>
    </p>
   </div>
   <div class='ocr_carea' id='block_1_36' title="bbox 207 1772 961 1809">
    <p class='ocr_par' dir='ltr' id='par_1_36' title="bbox 207 1772 961 1809">
     <span class='ocr_line' id='line_1_36' title="bbox 207 1772 961 1809; baseline 0.001 -11"><span class='ocrx_word' id='word_1_272' title='bbox 207 1772 253 1798; x_wconf 87' lang='grc' dir='ltr'>Διὸ</span> <span class='ocrx_word' id='word_1_273' title='bbox 260 1772 304 1807; x_wconf 82' lang='grc' dir='ltr'>δὴ.</span> <span class='ocrx_word' id='word_1_274' title='bbox 315 1773 479 1808; x_wconf 87' lang='grc' dir='ltr'>παρακαλῶ,</span> <span class='ocrx_word' id='word_1_275' title='bbox 488 1773 591 1807; x_wconf 85' lang='grc' dir='ltr'>ταύτην</span> <span class='ocrx_word' id='word_1_276' title='bbox 599 1773 758 1809; x_wconf 82' lang='grc' dir='ltr'>ἐκϐάλωμεν</span> <span class='ocrx_word' id='word_1_277' title='bbox 765 1774 813 1809; x_wconf 84' lang='grc' dir='ltr'>τὴν</span> <span class='ocrx_word' id='word_1_278' title='bbox 821 1774 961 1808; x_wconf 78' lang='grc' dir='ltr'>ὠμότητα·</span> 
     </span>
    </p>
   </div>
   <div class='ocr_carea' id='block_1_37' title="bbox 171 1818 962 1855">
    <p class='ocr_par' dir='ltr' id='par_1_37' title="bbox 171 1818 962 1855">
     <span class='ocr_line' id='line_1_37' title="bbox 171 1818 962 1855; baseline 0.001 -10"><span class='ocrx_word' id='word_1_279' title='bbox 171 1818 305 1853; x_wconf 77' lang='grc' dir='ltr'>πρόσελθε</span> <span class='ocrx_word' id='word_1_280' title='bbox 329 1819 426 1855; x_wconf 85' lang='grc' dir='ltr'>ἐκείνῳ</span> <span class='ocrx_word' id='word_1_281' title='bbox 448 1819 486 1854; x_wconf 85' lang='grc' dir='ltr'>τῷ</span> <span class='ocrx_word' id='word_1_282' title='bbox 503 1819 671 1846; x_wconf 83' lang='grc' dir='ltr'>συνοικοῦντι</span> <span class='ocrx_word' id='word_1_283' title='bbox 695 1822 728 1855; x_wconf 85' lang='grc' dir='ltr'>τῇ</span> <span class='ocrx_word' id='word_1_284' title='bbox 752 1820 889 1855; x_wconf 77' lang='grc' dir='ltr'>παρθένῳ,</span> <span class='ocrx_word' id='word_1_285' title='bbox 915 1820 962 1846; x_wconf 78' lang='grc' dir='ltr'>καὶ</span> 
     </span>
    </p>
   </div>
   <div class='ocr_carea' id='block_1_38' title="bbox 169 1864 961 1900">
    <p class='ocr_par' dir='ltr' id='par_1_38' title="bbox 169 1864 961 1900">
     <span class='ocr_line' id='line_1_38' title="bbox 169 1864 961 1900; baseline 0.001 -11"><span class='ocrx_word' id='word_1_286' title='bbox 169 1864 232 1891; x_wconf 82' lang='grc' dir='ltr'>είπέ</span> <span class='ocrx_word' id='word_1_287' title='bbox 252 1864 349 1900; x_wconf 89' lang='grc' dir='ltr'>μικρὸν</span> <span class='ocrx_word' id='word_1_288' title='bbox 365 1864 505 1900; x_wconf 84' lang='grc' dir='ltr'>ἐγκώμιον</span> <span class='ocrx_word' id='word_1_289' title='bbox 522 1865 569 1891; x_wconf 80' lang='grc' dir='ltr'>τοῦ</span> <span class='ocrx_word' id='word_1_290' title='bbox 585 1865 711 1899; x_wconf 84' lang='grc' dir='ltr'>ἀδελφοῦ,</span> <span class='ocrx_word' id='word_1_291' title='bbox 726 1866 780 1892; x_wconf 82' lang='grc' dir='ltr'>ἀπὸ</span> <span class='ocrx_word' id='word_1_292' title='bbox 803 1866 857 1891; x_wconf 85' lang='grc' dir='ltr'>τῶν</span> <span class='ocrx_word' id='word_1_293' title='bbox 874 1865 961 1892; x_wconf 83' lang='grc' dir='ltr'>ἄλλων</span> 
     </span>
    </p>
   </div>
   <div class='ocr_carea' id='block_1_39' title="bbox 169 1907 961 1946">
    <p class='ocr_par' dir='ltr' id='par_1_39' title="bbox 169 1907 961 1946">
     <span class='ocr_line' id='line_1_39' title="bbox 169 1907 961 1946; baseline -0.001 -9"><span class='ocrx_word' id='word_1_294' title='bbox 169 1907 208 1937; x_wconf 85' lang='grc' dir='ltr'>ὦν</span> <span class='ocrx_word' id='word_1_295' title='bbox 223 1910 278 1946; x_wconf 74' lang='grc' dir='ltr'>ἔχει</span> <span class='ocrx_word' id='word_1_296' title='bbox 292 1910 538 1946; x_wconf 70' lang='grc' dir='ltr'>πλεονεκτημάτων</span> <span class='ocrx_word' id='word_1_297' title='bbox 553 1911 618 1937; x_wconf 82' lang='grc' dir='ltr'>αὐτὸ</span> <span class='ocrx_word' id='word_1_298' title='bbox 637 1911 772 1943; x_wconf 84' lang='grc' dir='ltr'>συντιθείς</span> <span class='ocrx_word' id='word_1_299' title='bbox 783 1920 790 1926; x_wconf 74' lang='grc' dir='ltr'>ο</span> <span class='ocrx_word' id='word_1_300' title='bbox 805 1912 853 1938; x_wconf 79' lang='grc' dir='ltr'>καὶ</span> <span class='ocrx_word' id='word_1_301' title='bbox 867 1911 961 1946; x_wconf 84' lang='grc' dir='ltr'>ὥσπερ</span> 
     </span>
    </p>
   </div>
   <div class='ocr_carea' id='block_1_40' title="bbox 170 1956 961 1993">
    <p class='ocr_par' dir='ltr' id='par_1_40' title="bbox 170 1956 961 1993">
     <span class='ocr_line' id='line_1_40' title="bbox 170 1956 961 1993; baseline 0.003 -10"><span class='ocrx_word' id='word_1_302' title='bbox 170 1957 248 1984; x_wconf 75' lang='grc' dir='ltr'>ῦδατι</span> <span class='ocrx_word' id='word_1_303' title='bbox 259 1956 352 1992; x_wconf 86' lang='grc' dir='ltr'>θερμῷ</span> <span class='ocrx_word' id='word_1_304' title='bbox 364 1957 535 1992; x_wconf 77' lang='grc' dir='ltr'>περικλύζων</span> <span class='ocrx_word' id='word_1_305' title='bbox 546 1959 602 1989; x_wconf 88' lang='grc' dir='ltr'>τοῖς</span> <span class='ocrx_word' id='word_1_306' title='bbox 614 1958 735 1989; x_wconf 86' lang='grc' dir='ltr'>ἐπαίνοις</span> <span class='ocrx_word' id='word_1_307' title='bbox 743 1978 750 1989; x_wconf 92' lang='grc'>,</span> <span class='ocrx_word' id='word_1_308' title='bbox 762 1957 832 1984; x_wconf 71' lang='grc' dir='ltr'>οὕτω</span> <span class='ocrx_word' id='word_1_309' title='bbox 844 1958 961 1993; x_wconf 82' lang='grc' dir='ltr'>χάλασον</span> 
     </span>
    </p>
   </div>
   <div class='ocr_carea' id='block_1_41' title="bbox 170 2002 958 2038">
    <p class='ocr_par' dir='ltr' id='par_1_41' title="bbox 170 2002 958 2038">
     <span class='ocr_line' id='line_1_41' title="bbox 170 2002 958 2038; baseline 0.003 -9"><span class='ocrx_word' id='word_1_310' title='bbox 170 2002 252 2030; x_wconf 77' lang='grc' dir='ltr'>αὐτοῦ</span> <span class='ocrx_word' id='word_1_311' title='bbox 264 2002 308 2029; x_wconf 83' lang='grc' dir='ltr'>τὸν</span> <span class='ocrx_word' id='word_1_312' title='bbox 316 2003 397 2037; x_wconf 76' lang='grc' dir='ltr'>ὄγκον</span> <span class='ocrx_word' id='word_1_313' title='bbox 406 2002 453 2029; x_wconf 80' lang='grc' dir='ltr'>τοῦ</span> <span class='ocrx_word' id='word_1_314' title='bbox 461 2003 628 2038; x_wconf 85' lang='grc' dir='ltr'>τραύματος·</span> <span class='ocrx_word' id='word_1_315' title='bbox 637 2003 780 2030; x_wconf 81' lang='grc' dir='ltr'>ταλάνισον</span> <span class='ocrx_word' id='word_1_316' title='bbox 793 2004 840 2029; x_wconf 77' lang='grc' dir='ltr'>καὶ</span> <span class='ocrx_word' id='word_1_317' title='bbox 852 2005 958 2036; x_wconf 84' lang='grc' dir='ltr'>σαυτὸν,</span> 
     </span>
    </p>
   </div>
   <div class='ocr_carea' id='block_1_42' title="bbox 171 2048 958 2085">
    <p class='ocr_par' dir='ltr' id='par_1_42' title="bbox 171 2048 958 2085">
     <span class='ocr_line' id='line_1_42' title="bbox 171 2048 958 2085; baseline 0.001 -10"><span class='ocrx_word' id='word_1_318' title='bbox 171 2048 359 2084; x_wconf 84' lang='grc' dir='ltr'>κατηγόρησον</span> <span class='ocrx_word' id='word_1_319' title='bbox 389 2050 436 2076; x_wconf 86' lang='grc' dir='ltr'>τοῦ</span> <span class='ocrx_word' id='word_1_320' title='bbox 464 2050 556 2076; x_wconf 89' lang='grc' dir='ltr'>κοινοῦ</span> <span class='ocrx_word' id='word_1_321' title='bbox 588 2050 643 2076; x_wconf 86' lang='grc' dir='ltr'>τῶν</span> <span class='ocrx_word' id='word_1_322' title='bbox 669 2049 821 2085; x_wconf 82' lang='grc' dir='ltr'>ἀνθρώπων</span> <span class='ocrx_word' id='word_1_323' title='bbox 847 2050 958 2084; x_wconf 80' lang='grc' dir='ltr'>γένους,</span> 
     </span>
    </p>
   </div>
   <div class='ocr_carea' id='block_1_43' title="bbox 169 2096 960 2131">
    <p class='ocr_par' dir='ltr' id='par_1_43' title="bbox 169 2096 960 2131">
     <span class='ocr_line' id='line_1_43' title="bbox 169 2096 960 2131; baseline 0 -9"><span class='ocrx_word' id='word_1_324' title='bbox 169 2096 255 2127; x_wconf 78' lang='grc' dir='ltr'>δεῖξον</span> <span class='ocrx_word' id='word_1_325' title='bbox 266 2096 307 2123; x_wconf 85' lang='grc' dir='ltr'>ὃτι</span> <span class='ocrx_word' id='word_1_326' title='bbox 318 2096 417 2128; x_wconf 82' lang='grc' dir='ltr'>πάντες</span> <span class='ocrx_word' id='word_1_327' title='bbox 428 2097 457 2122; x_wconf 79' lang='grc' dir='ltr'>ἐν</span> <span class='ocrx_word' id='word_1_328' title='bbox 468 2097 648 2131; x_wconf 82' lang='grc' dir='ltr'>ἁμαρτήμασι</span> <span class='ocrx_word' id='word_1_329' title='bbox 657 2097 838 2131; x_wconf 82' lang='grc' dir='ltr'>τυγχάνομεν,</span> <span class='ocrx_word' id='word_1_330' title='bbox 848 2097 960 2131; x_wconf 77' lang='grc' dir='ltr'>αἴτησον</span> 
     </span>
    </p>
   </div>
   <div class='ocr_carea' id='block_1_44' title="bbox 169 2142 959 2178">
    <p class='ocr_par' dir='ltr' id='par_1_44' title="bbox 169 2142 959 2178">
     <span class='ocr_line' id='line_1_44' title="bbox 169 2142 959 2178; baseline 0 -10"><span class='ocrx_word' id='word_1_331' title='bbox 169 2142 349 2178; x_wconf 78' lang='grc' dir='ltr'>συγγνώμην,</span> <span class='ocrx_word' id='word_1_332' title='bbox 372 2142 468 2174; x_wconf 70' lang='grc' dir='ltr'>εἰπὼν,</span> <span class='ocrx_word' id='word_1_333' title='bbox 484 2143 526 2170; x_wconf 85' lang='grc' dir='ltr'>ὃτι</span> <span class='ocrx_word' id='word_1_334' title='bbox 552 2143 658 2177; x_wconf 82' lang='grc' dir='ltr'>μείζοσι</span> <span class='ocrx_word' id='word_1_335' title='bbox 679 2142 778 2169; x_wconf 79' lang='grc' dir='ltr'>σαυτοῦ</span> <span class='ocrx_word' id='word_1_336' title='bbox 799 2143 959 2178; x_wconf 86' lang='grc' dir='ltr'>πράγμασιν</span> 
     </span>
    </p>
   </div>
   <div class='ocr_carea' id='block_1_45' title="bbox 168 2187 960 2224">
    <p class='ocr_par' dir='ltr' id='par_1_45' title="bbox 168 2187 960 2224">
     <span class='ocr_line' id='line_1_45' title="bbox 168 2187 960 2224; baseline 0.001 -9"><span class='ocrx_word' id='word_1_337' title='bbox 168 2190 327 2224; x_wconf 81' lang='grc' dir='ltr'>ἐπιχειρεῖς,</span> <span class='ocrx_word' id='word_1_338' title='bbox 338 2189 395 2215; x_wconf 82' lang='grc' dir='ltr'>ἀλλ’</span> <span class='ocrx_word' id='word_1_339' title='bbox 413 2190 429 2224; x_wconf 87' lang='grc' dir='ltr'>ή</span> <span class='ocrx_word' id='word_1_340' title='bbox 443 2190 538 2224; x_wconf 81' lang='grc' dir='ltr'>ἀγάπη</span> <span class='ocrx_word' id='word_1_341' title='bbox 553 2190 643 2216; x_wconf 81' lang='grc' dir='ltr'>πάντα</span> <span class='ocrx_word' id='word_1_342' title='bbox 657 2189 744 2216; x_wconf 82' lang='grc' dir='ltr'>πείθει</span> <span class='ocrx_word' id='word_1_343' title='bbox 763 2190 877 2224; x_wconf 80' lang='grc' dir='ltr'>τολμᾷν.</span> <span class='ocrx_word' id='word_1_344' title='bbox 894 2187 960 2216; x_wconf 72' lang='grc' dir='ltr'>Εἶτα</span> 
     </span>
    </p>
   </div>
   <div class='ocr_carea' id='block_1_46' title="bbox 168 2234 960 2270">
    <p class='ocr_par' dir='ltr' id='par_1_46' title="bbox 168 2234 960 2270">
     <span class='ocr_line' id='line_1_46' title="bbox 168 2234 960 2270; baseline 0 -9"><span class='ocrx_word' id='word_1_345' title='bbox 168 2234 372 2270; x_wconf 75' lang='grc' dir='ltr'>συμϐουλεύων,</span> <span class='ocrx_word' id='word_1_346' title='bbox 387 2235 425 2270; x_wconf 81' lang='grc' dir='ltr'>μὴ</span> <span class='ocrx_word' id='word_1_347' title='bbox 442 2235 636 2266; x_wconf 77' lang='grc' dir='ltr'>ἐπιτακτικῶς,</span> <span class='ocrx_word' id='word_1_348' title='bbox 649 2235 707 2261; x_wconf 73' lang='grc' dir='ltr'>ἀλλ’</span> <span class='ocrx_word' id='word_1_349' title='bbox 718 2234 870 2268; x_wconf 79' lang='grc' dir='ltr'>ἁδελφικῶς</span> <span class='ocrx_word' id='word_1_350' title='bbox 881 2235 960 2261; x_wconf 81' lang='grc' dir='ltr'>τοῦτο</span> 
     </span>
    </p>
   </div>
   <div class='ocr_carea' id='block_1_47' title="bbox 167 2280 957 2316">
    <p class='ocr_par' dir='ltr' id='par_1_47' title="bbox 167 2280 957 2316">
     <span class='ocr_line' id='line_1_47' title="bbox 167 2280 957 2316; baseline -0.003 -8"><span class='ocrx_word' id='word_1_351' title='bbox 167 2281 248 2308; x_wconf 80' lang='grc' dir='ltr'>ποίει·</span> <span class='ocrx_word' id='word_1_352' title='bbox 272 2280 321 2307; x_wconf 72' lang='grc' dir='ltr'>καὶ</span> <span class='ocrx_word' id='word_1_353' title='bbox 345 2280 451 2312; x_wconf 81' lang='grc' dir='ltr'>τούτοις</span> <span class='ocrx_word' id='word_1_354' title='bbox 478 2281 544 2306; x_wconf 83' lang='grc' dir='ltr'>πᾶσι</span> <span class='ocrx_word' id='word_1_355' title='bbox 570 2280 690 2316; x_wconf 83' lang='grc' dir='ltr'>χαλάσας</span> <span class='ocrx_word' id='word_1_356' title='bbox 713 2280 763 2314; x_wconf 81' lang='grc' dir='ltr'>τὴν</span> <span class='ocrx_word' id='word_1_357' title='bbox 791 2281 957 2315; x_wconf 76' lang='grc' dir='ltr'>φλεγμονὴν,</span> 
     </span>
    </p>
   </div>
   <div class='ocr_carea' id='block_1_48' title="bbox 158 2326 959 2364">
    <p class='ocr_par' dir='ltr' id='par_1_48' title="bbox 158 2326 959 2364">
     <span class='ocr_line' id='line_1_48' title="bbox 158 2326 959 2364; baseline -0.002 -10"><span class='ocrx_word' id='word_1_358' title='bbox 158 2328 214 2364; x_wconf 19' lang='grc' dir='ltr'>,καὶ</span> <span class='ocrx_word' id='word_1_359' title='bbox 223 2327 498 2363; x_wconf 81' lang='grc' dir='ltr'>παραμυθησάμενος</span> <span class='ocrx_word' id='word_1_360' title='bbox 509 2328 558 2361; x_wconf 84' lang='grc' dir='ltr'>τὴν</span> <span class='ocrx_word' id='word_1_361' title='bbox 568 2326 702 2361; x_wconf 78' lang='grc' dir='ltr'>ἀλγηδόνα</span> <span class='ocrx_word' id='word_1_362' title='bbox 714 2326 761 2362; x_wconf 80' lang='grc' dir='ltr'>τὴν</span> <span class='ocrx_word' id='word_1_363' title='bbox 773 2327 804 2353; x_wconf 76' lang='grc' dir='ltr'>ἐκ</span> <span class='ocrx_word' id='word_1_364' title='bbox 813 2327 862 2361; x_wconf 84' lang='grc' dir='ltr'>τῆς</span> <span class='ocrx_word' id='word_1_365' title='bbox 872 2327 959 2361; x_wconf 78' lang='grc' dir='ltr'>τομῆς</span> 
     </span>
    </p>
   </div>
   <div class='ocr_carea' id='block_1_49' title="bbox 167 2370 959 2407">
    <p class='ocr_par' dir='ltr' id='par_1_49' title="bbox 167 2370 959 2407">
     <span class='ocr_line' id='line_1_49' title="bbox 167 2370 959 2407; baseline -0.001 -9"><span class='ocrx_word' id='word_1_366' title='bbox 167 2373 369 2407; x_wconf 82' lang='grc' dir='ltr'>συμϐαίνουσαν</span> <span class='ocrx_word' id='word_1_367' title='bbox 389 2371 435 2398; x_wconf 84' lang='grc' dir='ltr'>τοῦ</span> <span class='ocrx_word' id='word_1_368' title='bbox 457 2371 599 2407; x_wconf 82' lang='grc' dir='ltr'>μέλλοντος</span> <span class='ocrx_word' id='word_1_369' title='bbox 617 2371 728 2406; x_wconf 79' lang='grc' dir='ltr'>ἐλέγχου</span> <span class='ocrx_word' id='word_1_370' title='bbox 752 2370 897 2405; x_wconf 84' lang='grc' dir='ltr'>γενέσθαι,</span> <span class='ocrx_word' id='word_1_371' title='bbox 913 2372 959 2397; x_wconf 78' lang='grc' dir='ltr'>καὶ</span> 
     </span>
    </p>
   </div>
   <div class='ocr_carea' id='block_1_50' title="bbox 167 2418 958 2454">
    <p class='ocr_par' dir='ltr' id='par_1_50' title="bbox 167 2418 958 2454">
     <span class='ocr_line' id='line_1_50' title="bbox 167 2418 958 2454; baseline -0.001 -9"><span class='ocrx_word' id='word_1_372' title='bbox 167 2418 296 2450; x_wconf 85' lang='grc' dir='ltr'>πολλάκις</span> <span class='ocrx_word' id='word_1_373' title='bbox 320 2419 353 2454; x_wconf 82' lang='grc' dir='ltr'>τῇ</span> <span class='ocrx_word' id='word_1_374' title='bbox 374 2419 537 2454; x_wconf 82' lang='grc' dir='ltr'>παραιτήσει</span> <span class='ocrx_word' id='word_1_375' title='bbox 556 2419 744 2454; x_wconf 82' lang='grc' dir='ltr'>χρησάμενος,</span> <span class='ocrx_word' id='word_1_376' title='bbox 768 2418 815 2444; x_wconf 73' lang='grc' dir='ltr'>καὶ</span> <span class='ocrx_word' id='word_1_377' title='bbox 830 2427 958 2452; x_wconf 86' lang='grc' dir='ltr'>παρακα-</span> 
     </span>
    </p>
   </div>
   <div class='ocr_carea' id='block_1_51' title="bbox 164 2463 956 2500">
    <p class='ocr_par' dir='ltr' id='par_1_51' title="bbox 164 2463 956 2500">
     <span class='ocr_line' id='line_1_51' title="bbox 164 2463 956 2500; baseline 0 -10"><span class='ocrx_word' id='word_1_378' title='bbox 164 2465 246 2496; x_wconf 86' lang='grc' dir='ltr'>λέσας</span> <span class='ocrx_word' id='word_1_379' title='bbox 262 2465 300 2499; x_wconf 83' lang='grc' dir='ltr'>μὴ</span> <span class='ocrx_word' id='word_1_380' title='bbox 314 2464 487 2500; x_wconf 80' lang='grc' dir='ltr'>ὀργισθῆναι·</span> <span class='ocrx_word' id='word_1_381' title='bbox 502 2465 566 2491; x_wconf 80' lang='grc' dir='ltr'>ὅταν</span> <span class='ocrx_word' id='word_1_382' title='bbox 579 2465 661 2491; x_wconf 81' lang='grc' dir='ltr'>αὑτὸν</span> <span class='ocrx_word' id='word_1_383' title='bbox 673 2464 829 2500; x_wconf 82' lang='grc' dir='ltr'>καταδήσῃς</span> <span class='ocrx_word' id='word_1_384' title='bbox 841 2463 956 2496; x_wconf 76' lang='grc' dir='ltr'>τούτοις,</span> 
     </span>
    </p>
   </div>
   <div class='ocr_carea' id='block_1_52' title="bbox 163 2510 957 2546">
    <p class='ocr_par' dir='ltr' id='par_1_52' title="bbox 163 2510 957 2546">
     <span class='ocr_line' id='line_1_52' title="bbox 163 2510 957 2546; baseline -0.001 -10"><span class='ocrx_word' id='word_1_385' title='bbox 163 2511 224 2546; x_wconf 76' lang='grc' dir='ltr'>τρτε</span> <span class='ocrx_word' id='word_1_386' title='bbox 243 2510 332 2544; x_wconf 79' lang='grc' dir='ltr'>ἔπαγε</span> <span class='ocrx_word' id='word_1_387' title='bbox 357 2511 406 2545; x_wconf 83' lang='grc' dir='ltr'>τὴν</span> <span class='ocrx_word' id='word_1_388' title='bbox 429 2510 547 2546; x_wconf 85' lang='grc' dir='ltr'>πληγὴν,</span> <span class='ocrx_word' id='word_1_389' title='bbox 571 2511 641 2546; x_wconf 86' lang='grc' dir='ltr'>μήτε</span> <span class='ocrx_word' id='word_1_390' title='bbox 661 2510 768 2545; x_wconf 84' lang='grc' dir='ltr'>δεσμῶν</span> <span class='ocrx_word' id='word_1_391' title='bbox 784 2510 814 2536; x_wconf 86' lang='grc' dir='ltr'>τὸ</span> <span class='ocrx_word' id='word_1_392' title='bbox 831 2511 957 2545; x_wconf 79' lang='grc' dir='ltr'>πρᾶγμα,</span> 
     </span>
    </p>
   </div>
   <div class='ocr_carea' id='block_1_53' title="bbox 167 2556 958 2592">
    <p class='ocr_par' dir='ltr' id='par_1_53' title="bbox 167 2556 958 2592">
     <span class='ocr_line' id='line_1_53' title="bbox 167 2556 958 2592; baseline 0 -10"><span class='ocrx_word' id='word_1_393' title='bbox 167 2558 234 2592; x_wconf 90' lang='grc' dir='ltr'>μήτε</span> <span class='ocrx_word' id='word_1_394' title='bbox 251 2556 368 2585; x_wconf 68' lang='grc' dir='ltr'>ἐκλύων,</span> <span class='ocrx_word' id='word_1_395' title='bbox 385 2557 429 2583; x_wconf 75' lang='grc' dir='ltr'>ἵνα</span> <span class='ocrx_word' id='word_1_396' title='bbox 442 2558 511 2592; x_wconf 83' lang='grc' dir='ltr'>μήτε</span> <span class='ocrx_word' id='word_1_397' title='bbox 525 2557 630 2584; x_wconf 82' lang='grc' dir='ltr'>ἐκεῖθεν</span> <span class='ocrx_word' id='word_1_398' title='bbox 643 2557 818 2592; x_wconf 80' lang='grc' dir='ltr'>ἀποπηδήσῃ,</span> <span class='ocrx_word' id='word_1_399' title='bbox 834 2557 901 2592; x_wconf 81' lang='grc' dir='ltr'>μήτε</span> <span class='ocrx_word' id='word_1_400' title='bbox 916 2558 958 2583; x_wconf 77' lang='grc' dir='ltr'>ἐν-</span> 
     </span>
    </p>
   </div>
   <div class='ocr_carea' id='block_1_54' title="bbox 165 2602 956 2638">
    <p class='ocr_par' dir='ltr' id='par_1_54' title="bbox 165 2602 956 2638">
     <span class='ocr_line' id='line_1_54' title="bbox 165 2602 956 2638; baseline 0 -11"><span class='ocrx_word' id='word_1_401' title='bbox 165 2602 260 2630; x_wconf 76' lang='grc' dir='ltr'>τεῦθεν</span> <span class='ocrx_word' id='word_1_402' title='bbox 277 2603 484 2638; x_wconf 79' lang='grc' dir='ltr'>καταφρονήσῃ.</span> <span class='ocrx_word' id='word_1_403' title='bbox 511 2604 561 2629; x_wconf 88' lang='grc' dir='ltr'>Ἀν</span> <span class='ocrx_word' id='word_1_404' title='bbox 583 2612 613 2629; x_wconf 86' lang='grc' dir='ltr'>τε</span> <span class='ocrx_word' id='word_1_405' title='bbox 631 2604 686 2638; x_wconf 83' lang='grc' dir='ltr'>γὰρ</span> <span class='ocrx_word' id='word_1_406' title='bbox 701 2603 738 2638; x_wconf 85' lang='grc' dir='ltr'>μὴ</span> <span class='ocrx_word' id='word_1_407' title='bbox 759 2603 869 2638; x_wconf 79' lang='grc' dir='ltr'>καιρίαν</span> <span class='ocrx_word' id='word_1_408' title='bbox 893 2602 956 2637; x_wconf 76' lang='grc' dir='ltr'>δῷς,</span> 
     </span>
    </p>
   </div>
   <div class='ocr_carea' id='block_1_55' title="bbox 163 2649 958 2687">
    <p class='ocr_par' dir='ltr' id='par_1_55' title="bbox 163 2649 958 2687">
     <span class='ocr_line' id='line_1_55' title="bbox 163 2649 958 2687; baseline -0.003 -10"><span class='ocrx_word' id='word_1_409' title='bbox 163 2650 239 2677; x_wconf 47' lang='lat' dir='ltr'>nam</span> <span class='ocrx_word' id='word_1_410' title='bbox 252 2651 374 2687; x_wconf 69' lang='grc' dir='ltr'>εἰργάσω</span> <span class='ocrx_word' id='word_1_411' title='bbox 395 2650 485 2677; x_wconf 71' lang='grc' dir='ltr'>πλέον’</span> <span class='ocrx_word' id='word_1_412' title='bbox 501 2651 535 2678; x_wconf 80' lang='grc' dir='ltr'>ἂν</span> <span class='ocrx_word' id='word_1_413' title='bbox 554 2651 583 2677; x_wconf 84' lang='grc' dir='ltr'>δὲ</span> <span class='ocrx_word' id='word_1_414' title='bbox 600 2650 722 2686; x_wconf 81' lang='grc' dir='ltr'>σφοδρῶς</span> <span class='ocrx_word' id='word_1_415' title='bbox 747 2650 868 2685; x_wconf 78' lang='grc' dir='ltr'>πλήξῃς,</span> <span class='ocrx_word' id='word_1_416' title='bbox 891 2649 958 2676; x_wconf 84' lang='grc' dir='ltr'>ἀπο-</span> 
     </span>
    </p>
   </div>
   <div class='ocr_carea' id='block_1_56' title="bbox 164 2695 956 2732">
    <p class='ocr_par' dir='ltr' id='par_1_56' title="bbox 164 2695 956 2732">
     <span class='ocr_line' id='line_1_56' title="bbox 164 2695 956 2732; baseline -0.003 -9"><span class='ocrx_word' id='word_1_417' title='bbox 164 2697 312 2732; x_wconf 82' lang='grc' dir='ltr'>οκιρτῆσαι</span> <span class='ocrx_word' id='word_1_418' title='bbox 334 2697 477 2732; x_wconf 85' lang='grc' dir='ltr'>ἐποίησας.</span> <span class='ocrx_word' id='word_1_419' title='bbox 496 2697 541 2724; x_wconf 80' lang='grc' dir='ltr'>Διὸ</span> <span class='ocrx_word' id='word_1_420' title='bbox 556 2697 587 2732; x_wconf 84' lang='grc' dir='ltr'>δὴ</span> <span class='ocrx_word' id='word_1_421' title='bbox 604 2697 651 2723; x_wconf 88' lang='grc' dir='ltr'>καί</span> <span class='ocrx_word' id='word_1_422' title='bbox 673 2697 742 2732; x_wconf 79' lang='grc' dir='ltr'>μετὰ</span> <span class='ocrx_word' id='word_1_423' title='bbox 758 2696 845 2723; x_wconf 79' lang='grc' dir='ltr'>ταῦτα</span> <span class='ocrx_word' id='word_1_424' title='bbox 868 2695 956 2722; x_wconf 82' lang='grc' dir='ltr'>πάντα</span> 
     </span>
    </p>
   </div>
   <div class='ocr_carea' id='block_1_57' title="bbox 163 2743 957 2779">
    <p class='ocr_par' dir='ltr' id='par_1_57' title="bbox 163 2743 957 2779">
     <span class='ocr_line' id='line_1_57' title="bbox 163 2743 957 2779; baseline -0.004 -10"><span class='ocrx_word' id='word_1_425' title='bbox 163 2743 287 2779; x_wconf 73' lang='grc' dir='ltr'>ἐλέγχειν</span> <span class='ocrx_word' id='word_1_426' title='bbox 311 2743 438 2779; x_wconf 78' lang='grc' dir='ltr'>μέλλων,</span> <span class='ocrx_word' id='word_1_427' title='bbox 465 2743 597 2778; x_wconf 80' lang='grc' dir='ltr'>ἀνάμιξον</span> <span class='ocrx_word' id='word_1_428' title='bbox 624 2743 705 2770; x_wconf 80' lang='grc' dir='ltr'>πάλιν</span> <span class='ocrx_word' id='word_1_429' title='bbox 737 2743 875 2778; x_wconf 77' lang='grc' dir='ltr'>ἐγκώμιον</span> <span class='ocrx_word' id='word_1_430' title='bbox 901 2743 957 2772; x_wconf 76' lang='grc' dir='ltr'>τοῖς</span> 
     </span>
    </p>
   </div>
   <div class='ocr_carea' id='block_1_58' title="bbox 150 2787 956 2827">
    <p class='ocr_par' dir='ltr' id='par_1_58' title="bbox 150 2787 956 2827">
     <span class='ocr_line' id='line_1_58' title="bbox 150 2787 956 2827; baseline -0.004 -12"><span class='ocrx_word' id='word_1_431' title='bbox 150 2823 152 2827; x_wconf 23' lang='grc' dir='ltr'>ν</span> <span class='ocrx_word' id='word_1_432' title='bbox 163 2790 296 2826; x_wconf 82' lang='grc' dir='ltr'>ἐλέγχοις·</span> <span class='ocrx_word' id='word_1_433' title='bbox 309 2790 356 2816; x_wconf 73' lang='grc' dir='ltr'>καὶ</span> <span class='ocrx_word' id='word_1_434' title='bbox 368 2789 462 2825; x_wconf 85' lang='grc' dir='ltr'>ἐπειδὴ</span> <span class='ocrx_word' id='word_1_435' title='bbox 473 2789 540 2816; x_wconf 80' lang='grc' dir='ltr'>αὐτὸ</span> <span class='ocrx_word' id='word_1_436' title='bbox 551 2790 610 2816; x_wconf 79' lang='grc' dir='ltr'>καθ’</span> <span class='ocrx_word' id='word_1_437' title='bbox 623 2789 703 2815; x_wconf 77' lang='grc' dir='ltr'>ἑαυτὸ</span> <span class='ocrx_word' id='word_1_438' title='bbox 714 2788 744 2815; x_wconf 80' lang='grc' dir='ltr'>τὸ</span> <span class='ocrx_word' id='word_1_439' title='bbox 755 2788 915 2822; x_wconf 77' lang='grc' dir='ltr'>γιγνόμενον</span> <span class='ocrx_word' id='word_1_440' title='bbox 926 2787 956 2812; x_wconf 81' lang='grc' dir='ltr'>ού</span> 
     </span>
    </p>
   </div>
   <div class='ocr_carea' id='block_1_59' title="bbox 161 2834 955 2873">
    <p class='ocr_par' dir='ltr' id='par_1_59' title="bbox 161 2834 955 2873">
     <span class='ocr_line' id='line_1_59' title="bbox 161 2834 955 2873; baseline -0.001 -11"><span class='ocrx_word' id='word_1_441' title='bbox 161 2837 274 2869; x_wconf 68' lang='grc' dir='ltr'>δύναται</span> <span class='ocrx_word' id='word_1_442' title='bbox 285 2834 356 2864; x_wconf 82' lang='grc' dir='ltr'>εἶναι</span> <span class='ocrx_word' id='word_1_443' title='bbox 369 2837 507 2872; x_wconf 82' lang='grc' dir='ltr'>ἐγκώμιον</span> <span class='ocrx_word' id='word_1_444' title='bbox 519 2837 560 2872; x_wconf 80' lang='grc' dir='ltr'>(ού</span> <span class='ocrx_word' id='word_1_445' title='bbox 572 2837 627 2873; x_wconf 78' lang='grc' dir='ltr'>γὰρ</span> <span class='ocrx_word' id='word_1_446' title='bbox 637 2837 711 2868; x_wconf 80' lang='grc' dir='ltr'>ἄξιον</span> <span class='ocrx_word' id='word_1_447' title='bbox 721 2837 832 2863; x_wconf 75' lang='grc' dir='ltr'>ἐπαίνου</span> <span class='ocrx_word' id='word_1_448' title='bbox 844 2836 874 2862; x_wconf 84' lang='grc' dir='ltr'>τὸ</span> <span class='ocrx_word' id='word_1_449' title='bbox 888 2835 955 2870; x_wconf 78' lang='grc' dir='ltr'>κόρῃ</span> 
     </span>
    </p>
   </div>
   <div class='ocr_carea' id='block_1_60' title="bbox 164 2881 956 2919">
    <p class='ocr_par' dir='ltr' id='par_1_60' title="bbox 164 2881 956 2919">
     <span class='ocr_line' id='line_1_60' title="bbox 164 2881 956 2919; baseline -0.003 -10"><span class='ocrx_word' id='word_1_450' title='bbox 164 2884 300 2911; x_wconf 74' lang='grc' dir='ltr'>συνοικεῖν</span> <span class='ocrx_word' id='word_1_451' title='bbox 315 2883 466 2919; x_wconf 80' lang='grc' dir='ltr'>παρθένῳ),</span> <span class='ocrx_word' id='word_1_452' title='bbox 481 2883 535 2910; x_wconf 81' lang='grc' dir='ltr'>ἀπὸ</span> <span class='ocrx_word' id='word_1_453' title='bbox 548 2884 597 2918; x_wconf 83' lang='grc' dir='ltr'>τῆς</span> <span class='ocrx_word' id='word_1_454' title='bbox 611 2882 723 2918; x_wconf 78' lang='grc' dir='ltr'>γνώμης</span> <span class='ocrx_word' id='word_1_455' title='bbox 738 2882 784 2909; x_wconf 78' lang='grc' dir='ltr'>τοῦ</span> <span class='ocrx_word' id='word_1_456' title='bbox 801 2881 956 2909; x_wconf 70' lang='grc' dir='ltr'>συνοικοῦν-</span> 
     </span>
    </p>
   </div>
   <div class='ocr_carea' id='block_1_61' title="bbox 704 147 1310 178">
    <p class='ocr_par' dir='ltr' id='par_1_61' title="bbox 704 147 1310 178">
     <span class='ocr_line' id='line_1_61' title="bbox 704 147 1310 178; baseline 0.007 -4"><span class='ocrx_word' id='word_1_457' title='bbox 704 147 737 175; x_wconf 79' lang='lat' dir='ltr'>IN</span> <span class='ocrx_word' id='word_1_458' title='bbox 758 148 867 178; x_wconf 80' lang='lat' dir='ltr'>EPIST.</span> <span class='ocrx_word' id='word_1_459' title='bbox 889 149 958 176; x_wconf 76' lang='lat' dir='ltr'>IAD</span> <span class='ocrx_word' id='word_1_460' title='bbox 977 147 1058 175; x_wconf 68' lang='grc' dir='ltr'>σοις.</span> <span class='ocrx_word' id='word_1_461' title='bbox 1079 147 1199 176; x_wconf 80' lang='lat' dir='ltr'>HOMIL.</span> <span class='ocrx_word' id='word_1_462' title='bbox 1221 148 1310 178; x_wconf 75' lang='lat' dir='ltr'>XLIV.</span> 
     </span>
    </p>
   </div>
   <div class='ocr_carea' id='block_1_62' title="bbox 1770 157 1827 185">
    <p class='ocr_par' dir='ltr' id='par_1_62' title="bbox 1770 157 1827 185">
     <span class='ocr_line' id='line_1_62' title="bbox 1770 157 1827 185; baseline 0.018 -1"><span class='ocrx_word' id='word_1_463' title='bbox 1770 157 1827 185; x_wconf 74' lang='lat'>380</span> 
     </span>
    </p>
   </div>
   <div class='ocr_carea' id='block_1_63' title="bbox 1031 205 1821 245">
    <p class='ocr_par' dir='ltr' id='par_1_63' title="bbox 1031 205 1821 245">
     <span class='ocr_line' id='line_1_63' title="bbox 1031 205 1821 245; baseline 0.01 -13"><span class='ocrx_word' id='word_1_464' title='bbox 1031 214 1078 237; x_wconf 88' lang='grc' dir='ltr'>τος</span> <span class='ocrx_word' id='word_1_465' title='bbox 1091 205 1170 234; x_wconf 82' lang='grc' dir='ltr'>τοῦτο</span> <span class='ocrx_word' id='word_1_466' title='bbox 1185 206 1313 242; x_wconf 75' lang='grc' dir='ltr'>ἐργάζου,</span> <span class='ocrx_word' id='word_1_467' title='bbox 1329 208 1375 234; x_wconf 77' lang='grc' dir='ltr'>καὶ</span> <span class='ocrx_word' id='word_1_468' title='bbox 1389 208 1461 242; x_wconf 86' lang='grc' dir='ltr'>ειπέ,</span> <span class='ocrx_word' id='word_1_469' title='bbox 1473 209 1515 236; x_wconf 80' lang='grc' dir='ltr'>ὅτι</span> <span class='ocrx_word' id='word_1_470' title='bbox 1530 207 1595 237; x_wconf 74' lang='grc' dir='ltr'>Οἶδα</span> <span class='ocrx_word' id='word_1_471' title='bbox 1611 211 1662 245; x_wconf 77' lang='grc' dir='ltr'>μὲν</span> <span class='ocrx_word' id='word_1_472' title='bbox 1672 212 1713 238; x_wconf 83' lang='grc' dir='ltr'>δτι</span> <span class='ocrx_word' id='word_1_473' title='bbox 1726 213 1769 240; x_wconf 80' lang='grc' dir='ltr'>διὰ</span> <span class='ocrx_word' id='word_1_474' title='bbox 1775 215 1821 241; x_wconf 85' lang='grc' dir='ltr'>τὸν</span> 
     </span>
    </p>
   </div>
   <div class='ocr_carea' id='block_1_64' title="bbox 1028 251 1822 293">
    <p class='ocr_par' dir='ltr' id='par_1_64' title="bbox 1028 251 1822 293">
     <span class='ocr_line' id='line_1_64' title="bbox 1028 251 1822 293; baseline 0.013 -16"><span class='ocrx_word' id='word_1_475' title='bbox 1028 251 1096 280; x_wconf 85' lang='grc' dir='ltr'>Θεὸν</span> <span class='ocrx_word' id='word_1_476' title='bbox 1111 252 1144 279; x_wconf 86' lang='grc' dir='ltr'>σὺ</span> <span class='ocrx_word' id='word_1_477' title='bbox 1158 254 1256 285; x_wconf 84' lang='grc' dir='ltr'>ποιεῖς,</span> <span class='ocrx_word' id='word_1_478' title='bbox 1270 253 1319 280; x_wconf 81' lang='grc' dir='ltr'>καὶ</span> <span class='ocrx_word' id='word_1_479' title='bbox 1331 254 1382 289; x_wconf 83' lang='grc' dir='ltr'>τὴν</span> <span class='ocrx_word' id='word_1_480' title='bbox 1395 254 1514 290; x_wconf 75' lang='grc' dir='ltr'>ἐρημίαν</span> <span class='ocrx_word' id='word_1_481' title='bbox 1527 256 1574 282; x_wconf 80' lang='grc' dir='ltr'>καὶ</span> <span class='ocrx_word' id='word_1_482' title='bbox 1585 256 1617 282; x_wconf 86' lang='grc' dir='ltr'>τὸ</span> <span class='ocrx_word' id='word_1_483' title='bbox 1634 257 1822 293; x_wconf 82' lang='grc' dir='ltr'>ἀπροστάτευ-</span> 
     </span>
    </p>
   </div>
   <div class='ocr_carea' id='block_1_65' title="bbox 1026 297 1819 343">
    <p class='ocr_par' dir='ltr' id='par_1_65' title="bbox 1026 297 1819 343">
     <span class='ocr_line' id='line_1_65' title="bbox 1026 297 1819 343; baseline 0.013 -21"><span class='ocrx_word' id='word_1_484' title='bbox 1026 305 1075 343; x_wconf 83' lang='grc' dir='ltr'>τον</span> <span class='ocrx_word' id='word_1_485' title='bbox 1090 297 1140 332; x_wconf 86' lang='grc' dir='ltr'>τῆς</span> <span class='ocrx_word' id='word_1_486' title='bbox 1157 298 1254 330; x_wconf 85' lang='grc' dir='ltr'>ἀθλίας</span> <span class='ocrx_word' id='word_1_487' title='bbox 1272 299 1380 334; x_wconf 83' lang='grc' dir='ltr'>ἐκείνης</span> <span class='ocrx_word' id='word_1_488' title='bbox 1396 299 1458 326; x_wconf 85' lang='grc' dir='ltr'>ἰδὼν</span> <span class='ocrx_word' id='word_1_489' title='bbox 1474 302 1553 336; x_wconf 85' lang='grc' dir='ltr'>χεῖρα</span> <span class='ocrx_word' id='word_1_490' title='bbox 1569 301 1684 338; x_wconf 80' lang='grc' dir='ltr'>ὠρεξας.</span> <span class='ocrx_word' id='word_1_491' title='bbox 1705 304 1764 333; x_wconf 80' lang='grc' dir='ltr'>Κᾶν</span> <span class='ocrx_word' id='word_1_492' title='bbox 1781 306 1819 343; x_wconf 78' lang='grc' dir='ltr'>μὴ</span> 
     </span>
    </p>
   </div>
   <div class='ocr_carea' id='block_1_66' title="bbox 1026 341 1819 383">
    <p class='ocr_par' dir='ltr' id='par_1_66' title="bbox 1026 341 1819 383">
     <span class='ocr_line' id='line_1_66' title="bbox 1026 341 1819 383; baseline 0.013 -16"><span class='ocrx_word' id='word_1_493' title='bbox 1026 341 1112 378; x_wconf 83' lang='grc' dir='ltr'>ταύτῃ</span> <span class='ocrx_word' id='word_1_494' title='bbox 1128 344 1191 378; x_wconf 87' lang='grc' dir='ltr'>ποιῇ</span> <span class='ocrx_word' id='word_1_495' title='bbox 1205 344 1238 378; x_wconf 79' lang='grc' dir='ltr'>τῇ</span> <span class='ocrx_word' id='word_1_496' title='bbox 1252 343 1360 380; x_wconf 84' lang='grc' dir='ltr'>γνώμῃ,</span> <span class='ocrx_word' id='word_1_497' title='bbox 1374 345 1406 372; x_wconf 80' lang='grc' dir='ltr'>σὺ</span> <span class='ocrx_word' id='word_1_498' title='bbox 1418 345 1489 372; x_wconf 80' lang='grc' dir='ltr'>οὕτω</span> <span class='ocrx_word' id='word_1_499' title='bbox 1504 345 1578 380; x_wconf 86' lang='grc' dir='ltr'>λέγε,</span> <span class='ocrx_word' id='word_1_500' title='bbox 1595 347 1644 374; x_wconf 78' lang='grc' dir='ltr'>καὶ</span> <span class='ocrx_word' id='word_1_501' title='bbox 1656 349 1727 383; x_wconf 87' lang='grc' dir='ltr'>μετά</span> <span class='ocrx_word' id='word_1_502' title='bbox 1741 341 1819 377; x_wconf 82' lang='grc' dir='ltr'>τοῦτο</span> 
     </span>
    </p>
   </div>
   <div class='ocr_carea' id='block_1_67' title="bbox 1026 387 1821 430">
    <p class='ocr_par' dir='ltr' id='par_1_67' title="bbox 1026 387 1821 430">
     <span class='ocr_line' id='line_1_67' title="bbox 1026 387 1821 430; baseline 0.013 -17"><span class='ocrx_word' id='word_1_503' title='bbox 1026 387 1168 423; x_wconf 82' lang='grc' dir='ltr'>προστίθει</span> <span class='ocrx_word' id='word_1_504' title='bbox 1188 389 1235 416; x_wconf 76' lang='grc' dir='ltr'>καὶ</span> <span class='ocrx_word' id='word_1_505' title='bbox 1252 390 1356 424; x_wconf 87' lang='grc' dir='ltr'>ταῦτα,</span> <span class='ocrx_word' id='word_1_506' title='bbox 1374 391 1455 418; x_wconf 88' lang='grc' dir='ltr'>πάλιν</span> <span class='ocrx_word' id='word_1_507' title='bbox 1473 393 1640 428; x_wconf 83' lang='grc' dir='ltr'>παραιτήσει</span> <span class='ocrx_word' id='word_1_508' title='bbox 1658 394 1798 430; x_wconf 84' lang='grc' dir='ltr'>χρώμενος</span> <span class='ocrx_word' id='word_1_509' title='bbox 1810 416 1821 429; x_wconf 81' lang='grc'>,</span> 
     </span>
    </p>
   </div>
   <div class='ocr_carea' id='block_1_68' title="bbox 1026 435 1819 477">
    <p class='ocr_par' dir='ltr' id='par_1_68' title="bbox 1026 435 1819 477">
     <span class='ocr_line' id='line_1_68' title="bbox 1026 435 1819 477; baseline 0.01 -16"><span class='ocrx_word' id='word_1_510' title='bbox 1026 435 1073 463; x_wconf 70' lang='grc' dir='ltr'>καὶ</span> <span class='ocrx_word' id='word_1_511' title='bbox 1097 435 1183 469; x_wconf 88' lang='grc' dir='ltr'>λέγων</span> <span class='ocrx_word' id='word_1_512' title='bbox 1193 456 1201 468; x_wconf 89' lang='grc'>,</span> <span class='ocrx_word' id='word_1_513' title='bbox 1215 436 1256 463; x_wconf 83' lang='grc' dir='ltr'>ὃτι</span> <span class='ocrx_word' id='word_1_514' title='bbox 1271 437 1328 464; x_wconf 73' lang='grc' dir='ltr'>Οὐκ</span> <span class='ocrx_word' id='word_1_515' title='bbox 1343 438 1508 471; x_wconf 78' lang='grc' dir='ltr'>ἐπιτάττων,</span> <span class='ocrx_word' id='word_1_516' title='bbox 1528 440 1585 466; x_wconf 85' lang='grc' dir='ltr'>ἀλλ’</span> <span class='ocrx_word' id='word_1_517' title='bbox 1599 441 1819 477; x_wconf 79' lang='grc' dir='ltr'>ὑπομιμνήσκων</span> 
     </span>
    </p>
   </div>
   <div class='ocr_carea' id='block_1_69' title="bbox 1024 481 1817 522">
    <p class='ocr_par' dir='ltr' id='par_1_69' title="bbox 1024 481 1817 522">
     <span class='ocr_line' id='line_1_69' title="bbox 1024 481 1817 522; baseline 0.013 -16"><span class='ocrx_word' id='word_1_518' title='bbox 1024 481 1111 508; x_wconf 80' lang='grc' dir='ltr'>ταῦτά</span> <span class='ocrx_word' id='word_1_519' title='bbox 1123 489 1211 518; x_wconf 85' lang='grc' dir='ltr'>φημι·</span> <span class='ocrx_word' id='word_1_520' title='bbox 1223 482 1268 509; x_wconf 80' lang='grc' dir='ltr'>διὰ</span> <span class='ocrx_word' id='word_1_521' title='bbox 1277 483 1323 509; x_wconf 85' lang='grc' dir='ltr'>τὸν</span> <span class='ocrx_word' id='word_1_522' title='bbox 1338 483 1405 512; x_wconf 83' lang='grc' dir='ltr'>Θεὸν</span> <span class='ocrx_word' id='word_1_523' title='bbox 1419 485 1452 511; x_wconf 81' lang='grc' dir='ltr'>σὺ</span> <span class='ocrx_word' id='word_1_524' title='bbox 1468 486 1566 518; x_wconf 81' lang='grc' dir='ltr'>ποιεῖς,</span> <span class='ocrx_word' id='word_1_525' title='bbox 1583 484 1642 513; x_wconf 77' lang='grc' dir='ltr'>οἶδα</span> <span class='ocrx_word' id='word_1_526' title='bbox 1656 488 1743 522; x_wconf 81' lang='grc' dir='ltr'>κάγώ’</span> <span class='ocrx_word' id='word_1_527' title='bbox 1759 489 1817 516; x_wconf 83' lang='grc' dir='ltr'>ἀλλ’</span> 
     </span>
    </p>
   </div>
   <div class='ocr_carea' id='block_1_70' title="bbox 1025 525 1819 567">
    <p class='ocr_par' dir='ltr' id='par_1_70' title="bbox 1025 525 1819 567">
     <span class='ocr_line' id='line_1_70' title="bbox 1025 525 1819 567; baseline 0.009 -15"><span class='ocrx_word' id='word_1_528' title='bbox 1025 525 1124 562; x_wconf 83' lang='grc' dir='ltr'>ἴδωμεν</span> <span class='ocrx_word' id='word_1_529' title='bbox 1149 527 1186 562; x_wconf 83' lang='grc' dir='ltr'>μὴ</span> <span class='ocrx_word' id='word_1_530' title='bbox 1210 527 1337 562; x_wconf 86' lang='grc' dir='ltr'>τίκτηται</span> <span class='ocrx_word' id='word_1_531' title='bbox 1359 529 1392 555; x_wconf 84' lang='grc' dir='ltr'>ὲκ</span> <span class='ocrx_word' id='word_1_532' title='bbox 1415 529 1511 556; x_wconf 84' lang='grc' dir='ltr'>τούτου</span> <span class='ocrx_word' id='word_1_533' title='bbox 1533 530 1617 557; x_wconf 83' lang='grc' dir='ltr'>κακὸν</span> <span class='ocrx_word' id='word_1_534' title='bbox 1635 531 1746 567; x_wconf 73' lang='grc' dir='ltr'>ἕτερον·</span> <span class='ocrx_word' id='word_1_535' title='bbox 1766 532 1819 560; x_wconf 78' lang='grc' dir='ltr'>κᾶν</span> 
     </span>
    </p>
   </div>
   <div class='ocr_carea' id='block_1_71' title="bbox 1025 572 1816 613">
    <p class='ocr_par' dir='ltr' id='par_1_71' title="bbox 1025 572 1816 613">
     <span class='ocr_line' id='line_1_71' title="bbox 1025 572 1816 613; baseline 0.009 -15"><span class='ocrx_word' id='word_1_536' title='bbox 1025 572 1074 607; x_wconf 85' lang='grc' dir='ltr'>μέν</span> <span class='ocrx_word' id='word_1_537' title='bbox 1091 573 1172 608; x_wconf 77' lang='grc' dir='ltr'>μηδὲν</span> <span class='ocrx_word' id='word_1_538' title='bbox 1187 572 1216 609; x_wconf 85' lang='grc' dir='ltr'>ᾗ,</span> <span class='ocrx_word' id='word_1_539' title='bbox 1238 573 1338 609; x_wconf 83' lang='grc' dir='ltr'>κάτεχε</span> <span class='ocrx_word' id='word_1_540' title='bbox 1352 574 1438 606; x_wconf 78' lang='grc' dir='ltr'>ἔνδον,</span> <span class='ocrx_word' id='word_1_541' title='bbox 1453 577 1501 602; x_wconf 81' lang='grc' dir='ltr'>καὶ</span> <span class='ocrx_word' id='word_1_542' title='bbox 1512 575 1574 611; x_wconf 81' lang='grc' dir='ltr'>ἐχου</span> <span class='ocrx_word' id='word_1_543' title='bbox 1586 577 1635 611; x_wconf 87' lang='grc' dir='ltr'>τῆς</span> <span class='ocrx_word' id='word_1_544' title='bbox 1649 577 1734 613; x_wconf 77' lang='grc' dir='ltr'>καλῆς</span> <span class='ocrx_word' id='word_1_545' title='bbox 1750 578 1816 605; x_wconf 85' lang='grc' dir='ltr'>ταύ-</span> 
     </span>
    </p>
   </div>
   <div class='ocr_carea' id='block_1_72' title="bbox 1022 619 1816 658">
    <p class='ocr_par' dir='ltr' id='par_1_72' title="bbox 1022 619 1816 658">
     <span class='ocr_line' id='line_1_72' title="bbox 1022 619 1816 658; baseline 0.008 -13"><span class='ocrx_word' id='word_1_546' title='bbox 1022 627 1072 654; x_wconf 87' lang='grc' dir='ltr'>της</span> <span class='ocrx_word' id='word_1_547' title='bbox 1091 619 1220 655; x_wconf 83' lang='grc' dir='ltr'>σπουδῆς,</span> <span class='ocrx_word' id='word_1_548' title='bbox 1242 621 1256 646; x_wconf 81' lang='grc' dir='ltr'><strong>ὁ</strong></span> <span class='ocrx_word' id='word_1_549' title='bbox 1268 620 1381 647; x_wconf 80' lang='grc' dir='ltr'>κωλύων</span> <span class='ocrx_word' id='word_1_550' title='bbox 1399 622 1503 654; x_wconf 80' lang='grc' dir='ltr'>οὐδείς’</span> <span class='ocrx_word' id='word_1_551' title='bbox 1517 622 1549 648; x_wconf 84' lang='grc' dir='ltr'>ἂν</span> <span class='ocrx_word' id='word_1_552' title='bbox 1566 622 1594 648; x_wconf 84' lang='grc' dir='ltr'>δὲ</span> <span class='ocrx_word' id='word_1_553' title='bbox 1609 623 1695 658; x_wconf 77' lang='grc' dir='ltr'>βλάϐη</span> <span class='ocrx_word' id='word_1_554' title='bbox 1711 632 1753 655; x_wconf 86' lang='grc' dir='ltr'>τις</span> <span class='ocrx_word' id='word_1_555' title='bbox 1773 625 1816 651; x_wconf 87' lang='grc' dir='ltr'>ἐν-</span> 
     </span>
    </p>
   </div>
   <div class='ocr_carea' id='block_1_73' title="bbox 1022 664 1816 705">
    <p class='ocr_par' dir='ltr' id='par_1_73' title="bbox 1022 664 1816 705">
     <span class='ocr_line' id='line_1_73' title="bbox 1022 664 1816 705; baseline 0.008 -14"><span class='ocrx_word' id='word_1_556' title='bbox 1022 664 1116 692; x_wconf 81' lang='grc' dir='ltr'>τεῦθεν</span> <span class='ocrx_word' id='word_1_557' title='bbox 1140 665 1249 701; x_wconf 87' lang='grc' dir='ltr'>γίνηται</span> <span class='ocrx_word' id='word_1_558' title='bbox 1272 666 1320 692; x_wconf 87' lang='grc' dir='ltr'>τοῦ</span> <span class='ocrx_word' id='word_1_559' title='bbox 1343 666 1457 702; x_wconf 79' lang='grc' dir='ltr'>κέρδους</span> <span class='ocrx_word' id='word_1_560' title='bbox 1484 667 1595 702; x_wconf 81' lang='grc' dir='ltr'>μείζων,</span> <span class='ocrx_word' id='word_1_561' title='bbox 1620 668 1816 705; x_wconf 77' lang='grc' dir='ltr'>φυλαξώμεθα.</span> 
     </span>
    </p>
   </div>
   <div class='ocr_carea' id='block_1_74' title="bbox 1022 711 1816 749">
    <p class='ocr_par' dir='ltr' id='par_1_74' title="bbox 1022 711 1816 749">
     <span class='ocr_line' id='line_1_74' title="bbox 1022 711 1816 749; baseline 0.004 -11"><span class='ocrx_word' id='word_1_562' title='bbox 1022 711 1189 746; x_wconf 86' lang='grc' dir='ltr'>παρακαλῶ,</span> <span class='ocrx_word' id='word_1_563' title='bbox 1211 711 1248 747; x_wconf 88' lang='grc' dir='ltr'>μὴ</span> <span class='ocrx_word' id='word_1_564' title='bbox 1267 711 1429 744; x_wconf 84' lang='grc' dir='ltr'>σπεύδοντες</span> <span class='ocrx_word' id='word_1_565' title='bbox 1452 713 1519 748; x_wconf 89' lang='grc' dir='ltr'>μίαν</span> <span class='ocrx_word' id='word_1_566' title='bbox 1537 713 1692 740; x_wconf 83' lang='grc' dir='ltr'>ἀναπαῦσαι</span> <span class='ocrx_word' id='word_1_567' title='bbox 1706 713 1816 749; x_wconf 73' lang='grc' dir='ltr'>ψυχὴν,</span> 
     </span>
    </p>
   </div>
   <div class='ocr_carea' id='block_1_75' title="bbox 1021 755 1816 794">
    <p class='ocr_par' dir='ltr' id='par_1_75' title="bbox 1021 755 1816 794">
     <span class='ocr_line' id='line_1_75' title="bbox 1021 755 1816 794; baseline 0.006 -13"><span class='ocrx_word' id='word_1_568' title='bbox 1021 755 1122 790; x_wconf 86' lang='grc' dir='ltr'>μυρίας</span> <span class='ocrx_word' id='word_1_569' title='bbox 1135 755 1370 792; x_wconf 81' lang='grc' dir='ltr'>σκανδαλίσωμεν.</span> <span class='ocrx_word' id='word_1_570' title='bbox 1389 757 1445 783; x_wconf 77' lang='grc' dir='ltr'>Καὶ</span> <span class='ocrx_word' id='word_1_571' title='bbox 1462 757 1500 793; x_wconf 84' lang='grc' dir='ltr'>μὴ</span> <span class='ocrx_word' id='word_1_572' title='bbox 1521 758 1645 794; x_wconf 77' lang='grc' dir='ltr'>προσθῇς</span> <span class='ocrx_word' id='word_1_573' title='bbox 1664 758 1765 791; x_wconf 77' lang='grc' dir='ltr'>εὐθέως</span> <span class='ocrx_word' id='word_1_574' title='bbox 1780 759 1816 786; x_wconf 78' lang='grc' dir='ltr'>τὰ</span> 
     </span>
    </p>
   </div>
   <div class='ocr_carea' id='block_1_76' title="bbox 1021 802 1814 840">
    <p class='ocr_par' dir='ltr' id='par_1_76' title="bbox 1021 802 1814 840">
     <span class='ocr_line' id='line_1_76' title="bbox 1021 802 1814 840; baseline 0.005 -12"><span class='ocrx_word' id='word_1_575' title='bbox 1021 802 1133 837; x_wconf 88' lang='grc' dir='ltr'>κείμενα</span> <span class='ocrx_word' id='word_1_576' title='bbox 1142 804 1198 834; x_wconf 87' lang='grc' dir='ltr'>τοῖς</span> <span class='ocrx_word' id='word_1_577' title='bbox 1208 803 1414 835; x_wconf 81' lang='grc' dir='ltr'>σκανδαλίζουσι</span> <span class='ocrx_word' id='word_1_578' title='bbox 1434 803 1612 839; x_wconf 83' lang='grc' dir='ltr'>κολαστήρια,</span> <span class='ocrx_word' id='word_1_579' title='bbox 1627 804 1696 831; x_wconf 86' lang='grc' dir='ltr'>ἀλλὰ</span> <span class='ocrx_word' id='word_1_580' title='bbox 1704 804 1753 840; x_wconf 77' lang='grc' dir='ltr'>τὴν</span> <span class='ocrx_word' id='word_1_581' title='bbox 1763 805 1814 832; x_wconf 83' lang='grc' dir='ltr'>αὑ-</span> 
     </span>
    </p>
   </div>
   <div class='ocr_carea' id='block_1_77' title="bbox 1019 848 1814 886">
    <p class='ocr_par' dir='ltr' id='par_1_77' title="bbox 1019 848 1814 886">
     <span class='ocr_line' id='line_1_77' title="bbox 1019 848 1814 886; baseline 0.004 -11"><span class='ocrx_word' id='word_1_582' title='bbox 1019 848 1066 875; x_wconf 87' lang='grc' dir='ltr'>τοῦ</span> <span class='ocrx_word' id='word_1_583' title='bbox 1079 849 1273 884; x_wconf 81' lang='grc' dir='ltr'>προσλάμὸανε</span> <span class='ocrx_word' id='word_1_584' title='bbox 1284 850 1455 885; x_wconf 83' lang='grc' dir='ltr'>μαρτυρίαν,</span> <span class='ocrx_word' id='word_1_585' title='bbox 1467 850 1554 884; x_wconf 88' lang='grc' dir='ltr'>λέγων</span> <span class='ocrx_word' id='word_1_586' title='bbox 1564 860 1570 866; x_wconf 90' lang='grc'><strong>·</strong></span> <span class='ocrx_word' id='word_1_587' title='bbox 1584 851 1620 878; x_wconf 79' lang='grc' dir='ltr'>Οὐ</span> <span class='ocrx_word' id='word_1_588' title='bbox 1635 849 1709 886; x_wconf 67' lang='grc'><strong>[414]</strong></span> <span class='ocrx_word' id='word_1_589' title='bbox 1719 851 1814 886; x_wconf 86' lang='grc' dir='ltr'>χρείαν</span> 
     </span>
    </p>
   </div>
   <div class='ocr_carea' id='block_1_78' title="bbox 1019 894 1813 932">
    <p class='ocr_par' dir='ltr' id='par_1_78' title="bbox 1019 894 1813 932">
     <span class='ocr_line' id='line_1_78' title="bbox 1019 894 1813 932; baseline 0.004 -12"><span class='ocrx_word' id='word_1_590' title='bbox 1019 894 1092 930; x_wconf 69' lang='grc' dir='ltr'>ἔχεις</span> <span class='ocrx_word' id='word_1_591' title='bbox 1111 894 1206 930; x_wconf 87' lang='grc' dir='ltr'>μαθεῖν</span> <span class='ocrx_word' id='word_1_592' title='bbox 1225 895 1314 923; x_wconf 87' lang='grc' dir='ltr'>ταῦτα</span> <span class='ocrx_word' id='word_1_593' title='bbox 1330 897 1396 932; x_wconf 81' lang='grc' dir='ltr'>παρ’</span> <span class='ocrx_word' id='word_1_594' title='bbox 1420 895 1502 931; x_wconf 81' lang='grc' dir='ltr'>ἐμοῦ,</span> <span class='ocrx_word' id='word_1_595' title='bbox 1517 895 1592 928; x_wconf 78' lang='grc' dir='ltr'>οἶδας</span> <span class='ocrx_word' id='word_1_596' title='bbox 1613 897 1660 924; x_wconf 82' lang='grc' dir='ltr'>καὶ</span> <span class='ocrx_word' id='word_1_597' title='bbox 1675 896 1757 928; x_wconf 82' lang='grc' dir='ltr'>αὐτὸς</span> <span class='ocrx_word' id='word_1_598' title='bbox 1771 896 1813 923; x_wconf 82' lang='grc' dir='ltr'>ὅτι</span> 
     </span>
    </p>
   </div>
   <div class='ocr_carea' id='block_1_79' title="bbox 1019 940 1811 978">
    <p class='ocr_par' dir='ltr' id='par_1_79' title="bbox 1019 940 1811 978">
     <span class='ocr_line' id='line_1_79' title="bbox 1019 940 1811 978; baseline 0.003 -12"><span class='ocrx_word' id='word_1_599' title='bbox 1019 940 1068 967; x_wconf 79' lang='grc' dir='ltr'>ἐάν</span> <span class='ocrx_word' id='word_1_600' title='bbox 1085 949 1128 973; x_wconf 85' lang='grc' dir='ltr'>τις</span> <span class='ocrx_word' id='word_1_601' title='bbox 1147 941 1196 968; x_wconf 77' lang='grc' dir='ltr'>ἕνα</span> <span class='ocrx_word' id='word_1_602' title='bbox 1214 941 1270 968; x_wconf 85' lang='grc' dir='ltr'>τῶν</span> <span class='ocrx_word' id='word_1_603' title='bbox 1294 942 1403 977; x_wconf 83' lang='grc' dir='ltr'>μικρῶν</span> <span class='ocrx_word' id='word_1_604' title='bbox 1419 941 1522 970; x_wconf 86' lang='grc' dir='ltr'>τούτων</span> <span class='ocrx_word' id='word_1_605' title='bbox 1547 942 1722 978; x_wconf 86' lang='grc' dir='ltr'>σκανδαλίσῃ,</span> <span class='ocrx_word' id='word_1_606' title='bbox 1741 942 1811 977; x_wconf 89' lang='grc' dir='ltr'>πόση</span> 
     </span>
    </p>
   </div>
   <div class='ocr_carea' id='block_1_80' title="bbox 1019 987 1813 1024">
    <p class='ocr_par' dir='ltr' id='par_1_80' title="bbox 1019 987 1813 1024">
     <span class='ocr_line' id='line_1_80' title="bbox 1019 987 1813 1024; baseline 0.001 -10"><span class='ocrx_word' id='word_1_607' title='bbox 1019 987 1165 1023; x_wconf 70' lang='grc' dir='ltr'>ὴπείληται</span> <span class='ocrx_word' id='word_1_608' title='bbox 1186 988 1265 1023; x_wconf 71' lang='grc' dir='ltr'>δίκηο</span> <span class='ocrx_word' id='word_1_609' title='bbox 1283 988 1331 1015; x_wconf 84' lang='grc' dir='ltr'>καὶ</span> <span class='ocrx_word' id='word_1_610' title='bbox 1350 988 1437 1021; x_wconf 86' lang='grc' dir='ltr'>οὓτως</span> <span class='ocrx_word' id='word_1_611' title='bbox 1455 988 1556 1024; x_wconf 81' lang='grc' dir='ltr'>ἡδύνας</span> <span class='ocrx_word' id='word_1_612' title='bbox 1576 988 1624 1014; x_wconf 85' lang='grc' dir='ltr'>τὸν</span> <span class='ocrx_word' id='word_1_613' title='bbox 1649 988 1742 1022; x_wconf 85' lang='grc' dir='ltr'>λόγον,</span> <span class='ocrx_word' id='word_1_614' title='bbox 1765 988 1813 1015; x_wconf 81' lang='grc' dir='ltr'>καὶ</span> 
     </span>
    </p>
   </div>
   <div class='ocr_carea' id='block_1_81' title="bbox 1018 1033 1812 1070">
    <p class='ocr_par' dir='ltr' id='par_1_81' title="bbox 1018 1033 1812 1070">
     <span class='ocr_line' id='line_1_81' title="bbox 1018 1033 1812 1070; baseline 0 -10"><span class='ocrx_word' id='word_1_615' title='bbox 1018 1033 1116 1065; x_wconf 81' lang='grc' dir='ltr'>λεάνας</span> <span class='ocrx_word' id='word_1_616' title='bbox 1126 1034 1175 1069; x_wconf 86' lang='grc' dir='ltr'>τὴν</span> <span class='ocrx_word' id='word_1_617' title='bbox 1189 1034 1285 1070; x_wconf 81' lang='grc' dir='ltr'>ὀργὴν,</span> <span class='ocrx_word' id='word_1_618' title='bbox 1298 1034 1416 1061; x_wconf 86' lang='grc' dir='ltr'>ἐπιτίθει</span> <span class='ocrx_word' id='word_1_619' title='bbox 1431 1035 1462 1061; x_wconf 88' lang='grc' dir='ltr'>τὸ</span> <span class='ocrx_word' id='word_1_620' title='bbox 1475 1035 1621 1070; x_wconf 84' lang='grc' dir='ltr'>φάρμακον</span> <span class='ocrx_word' id='word_1_621' title='bbox 1635 1034 1686 1069; x_wconf 85' lang='grc' dir='ltr'>τῆς</span> <span class='ocrx_word' id='word_1_622' title='bbox 1698 1034 1812 1069; x_wconf 85' lang='grc' dir='ltr'>διορθώ-</span> 
     </span>
    </p>
   </div>
   <div class='ocr_carea' id='block_1_82' title="bbox 1019 1081 1810 1117">
    <p class='ocr_par' dir='ltr' id='par_1_82' title="bbox 1019 1081 1810 1117">
     <span class='ocr_line' id='line_1_82' title="bbox 1019 1081 1810 1117; baseline 0.001 -10"><span class='ocrx_word' id='word_1_623' title='bbox 1019 1089 1097 1112; x_wconf 85' lang='grc' dir='ltr'>σεως.</span> <span class='ocrx_word' id='word_1_624' title='bbox 1116 1081 1147 1107; x_wconf 75' lang='lat' dir='ltr'>Ei</span> <span class='ocrx_word' id='word_1_625' title='bbox 1161 1081 1189 1108; x_wconf 79' lang='grc' dir='ltr'>δὲ</span> <span class='ocrx_word' id='word_1_626' title='bbox 1204 1081 1401 1116; x_wconf 79' lang='grc' dir='ltr'>προφασίζοιτο</span> <span class='ocrx_word' id='word_1_627' title='bbox 1416 1081 1500 1108; x_wconf 88' lang='grc' dir='ltr'>πάλιν</span> <span class='ocrx_word' id='word_1_628' title='bbox 1513 1081 1562 1117; x_wconf 81' lang='grc' dir='ltr'>τὴν</span> <span class='ocrx_word' id='word_1_629' title='bbox 1577 1081 1697 1116; x_wconf 84' lang='grc' dir='ltr'>ἐρημίαν</span> <span class='ocrx_word' id='word_1_630' title='bbox 1712 1081 1810 1116; x_wconf 73' lang='grc' dir='ltr'>αὐτῆς,</span> 
     </span>
    </p>
   </div>
   <div class='ocr_carea' id='block_1_83' title="bbox 1018 1126 1810 1163">
    <p class='ocr_par' dir='ltr' id='par_1_83' title="bbox 1018 1126 1810 1163">
     <span class='ocr_line' id='line_1_83' title="bbox 1018 1126 1810 1163; baseline -0.001 -10"><span class='ocrx_word' id='word_1_631' title='bbox 1018 1126 1086 1161; x_wconf 84' lang='grc' dir='ltr'>μηδέ</span> <span class='ocrx_word' id='word_1_632' title='bbox 1099 1126 1186 1158; x_wconf 80' lang='grc' dir='ltr'>οὕτως</span> <span class='ocrx_word' id='word_1_633' title='bbox 1200 1126 1314 1163; x_wconf 76' lang='grc' dir='ltr'>ἐλέγξῃς</span> <span class='ocrx_word' id='word_1_634' title='bbox 1330 1126 1381 1162; x_wconf 83' lang='grc' dir='ltr'>τὴν</span> <span class='ocrx_word' id='word_1_635' title='bbox 1397 1127 1508 1162; x_wconf 81' lang='grc' dir='ltr'>σκῆψιν,</span> <span class='ocrx_word' id='word_1_636' title='bbox 1529 1126 1587 1154; x_wconf 84' lang='grc' dir='ltr'>ἀλλ’</span> <span class='ocrx_word' id='word_1_637' title='bbox 1605 1127 1665 1153; x_wconf 82' lang='grc' dir='ltr'>είπὲ</span> <span class='ocrx_word' id='word_1_638' title='bbox 1679 1127 1747 1162; x_wconf 83' lang='grc' dir='ltr'>πρὸς</span> <span class='ocrx_word' id='word_1_639' title='bbox 1761 1127 1810 1154; x_wconf 88' lang='grc' dir='ltr'>αὑ-</span> 
     </span>
    </p>
   </div>
   <div class='ocr_carea' id='block_1_84' title="bbox 1015 1172 1810 1207">
    <p class='ocr_par' dir='ltr' id='par_1_84' title="bbox 1015 1172 1810 1207">
     <span class='ocr_line' id='line_1_84' title="bbox 1015 1172 1810 1207; baseline -0.001 -8"><span class='ocrx_word' id='word_1_640' title='bbox 1015 1172 1078 1200; x_wconf 80' lang='grc' dir='ltr'>τόν’</span> <span class='ocrx_word' id='word_1_641' title='bbox 1104 1173 1196 1207; x_wconf 80' lang='grc' dir='ltr'>Μηδέν</span> <span class='ocrx_word' id='word_1_642' title='bbox 1226 1181 1255 1199; x_wconf 88' lang='grc' dir='ltr'>σε</span> <span class='ocrx_word' id='word_1_643' title='bbox 1284 1173 1388 1199; x_wconf 88' lang='grc' dir='ltr'>τούτων</span> <span class='ocrx_word' id='word_1_644' title='bbox 1413 1173 1541 1207; x_wconf 89' lang='grc' dir='ltr'>φοϐείτω,</span> <span class='ocrx_word' id='word_1_645' title='bbox 1564 1172 1713 1207; x_wconf 86' lang='grc' dir='ltr'>ἀπολογίαν</span> <span class='ocrx_word' id='word_1_646' title='bbox 1739 1172 1810 1205; x_wconf 71' lang='grc' dir='ltr'>ἕξεις</span> 
     </span>
    </p>
   </div>
   <div class='ocr_carea' id='block_1_85' title="bbox 1015 1218 1810 1255">
    <p class='ocr_par' dir='ltr' id='par_1_85' title="bbox 1015 1218 1810 1255">
     <span class='ocr_line' id='line_1_85' title="bbox 1015 1218 1810 1255; baseline 0.001 -10"><span class='ocrx_word' id='word_1_647' title='bbox 1015 1218 1166 1253; x_wconf 83' lang='grc' dir='ltr'>ἀρκοῦσαν,</span> <span class='ocrx_word' id='word_1_648' title='bbox 1187 1219 1218 1246; x_wconf 87' lang='grc' dir='ltr'>τὸ</span> <span class='ocrx_word' id='word_1_649' title='bbox 1233 1219 1336 1254; x_wconf 85' lang='grc' dir='ltr'>ἐτέρων</span> <span class='ocrx_word' id='word_1_650' title='bbox 1356 1219 1504 1246; x_wconf 83' lang='grc' dir='ltr'>σκάνδαλον</span> <span class='ocrx_word' id='word_1_651' title='bbox 1515 1227 1521 1234; x_wconf 88' lang='grc'><strong>·</strong></span> <span class='ocrx_word' id='word_1_652' title='bbox 1546 1220 1577 1246; x_wconf 84' lang='grc' dir='ltr'>οὐ</span> <span class='ocrx_word' id='word_1_653' title='bbox 1595 1219 1648 1254; x_wconf 83' lang='grc' dir='ltr'>γὰρ</span> <span class='ocrx_word' id='word_1_654' title='bbox 1662 1219 1706 1246; x_wconf 84' lang='grc' dir='ltr'>διὰ</span> <span class='ocrx_word' id='word_1_655' title='bbox 1724 1219 1810 1255; x_wconf 78' lang='grc' dir='ltr'>ῥᾳθυ-</span> 
     </span>
    </p>
   </div>
   <div class='ocr_carea' id='block_1_86' title="bbox 1017 1265 1808 1302">
    <p class='ocr_par' dir='ltr' id='par_1_86' title="bbox 1017 1265 1808 1302">
     <span class='ocr_line' id='line_1_86' title="bbox 1017 1265 1808 1302; baseline 0 -11"><span class='ocrx_word' id='word_1_656' title='bbox 1017 1265 1092 1299; x_wconf 86' lang='grc' dir='ltr'>μίαν,</span> <span class='ocrx_word' id='word_1_657' title='bbox 1105 1265 1163 1294; x_wconf 84' lang='grc' dir='ltr'>ἀλλ’</span> <span class='ocrx_word' id='word_1_658' title='bbox 1183 1266 1297 1293; x_wconf 79' lang='grc' dir='ltr'>ἐκείνων</span> <span class='ocrx_word' id='word_1_659' title='bbox 1311 1266 1478 1302; x_wconf 86' lang='grc' dir='ltr'>κηδόμενος,</span> <span class='ocrx_word' id='word_1_660' title='bbox 1496 1266 1600 1302; x_wconf 80' lang='grc' dir='ltr'>ταύτης</span> <span class='ocrx_word' id='word_1_661' title='bbox 1617 1265 1739 1301; x_wconf 86' lang='grc' dir='ltr'>ἀπέστης</span> <span class='ocrx_word' id='word_1_662' title='bbox 1758 1265 1808 1299; x_wconf 78' lang='grc' dir='ltr'>τῆς</span> 
     </span>
    </p>
   </div>
   <div class='ocr_carea' id='block_1_87' title="bbox 1015 1312 1146 1348">
    <p class='ocr_par' dir='ltr' id='par_1_87' title="bbox 1015 1312 1146 1348">
     <span class='ocr_line' id='line_1_87' title="bbox 1015 1312 1146 1348; baseline 0.008 -10"><span class='ocrx_word' id='word_1_663' title='bbox 1015 1312 1146 1348; x_wconf 72' lang='grc' dir='ltr'>σπουδῆς.</span> 
     </span>
    </p>
   </div>
   <div class='ocr_carea' id='block_1_88' title="bbox 1051 1401 1807 1438">
    <p class='ocr_par' dir='ltr' id='par_1_88' title="bbox 1051 1401 1807 1438">
     <span class='ocr_line' id='line_1_88' title="bbox 1051 1401 1807 1438; baseline 0.001 -10"><span class='ocrx_word' id='word_1_664' title='bbox 1051 1405 1081 1428; x_wconf 81' lang='grc' dir='ltr'>ε”</span> <span class='ocrx_word' id='word_1_665' title='bbox 1101 1402 1156 1429; x_wconf 80' lang='grc' dir='ltr'>Καὶ</span> <span class='ocrx_word' id='word_1_666' title='bbox 1165 1401 1200 1428; x_wconf 82' lang='grc' dir='ltr'>τὰ</span> <span class='ocrx_word' id='word_1_667' title='bbox 1209 1402 1259 1437; x_wconf 82' lang='grc' dir='ltr'>μὲν</span> <span class='ocrx_word' id='word_1_668' title='bbox 1268 1405 1317 1438; x_wconf 83' lang='grc' dir='ltr'>τῆς</span> <span class='ocrx_word' id='word_1_669' title='bbox 1326 1402 1483 1438; x_wconf 82' lang='grc' dir='ltr'>συμϐουλῆς</span> <span class='ocrx_word' id='word_1_670' title='bbox 1498 1402 1568 1429; x_wconf 81' lang='grc' dir='ltr'>ἑστω</span> <span class='ocrx_word' id='word_1_671' title='bbox 1583 1403 1612 1429; x_wconf 87' lang='grc' dir='ltr'>ἐν</span> <span class='ocrx_word' id='word_1_672' title='bbox 1625 1402 1720 1438; x_wconf 88' lang='grc' dir='ltr'>βραχεῖ</span> <span class='ocrx_word' id='word_1_673' title='bbox 1729 1410 1735 1416; x_wconf 89' lang='grc'><strong>·</strong></span> <span class='ocrx_word' id='word_1_674' title='bbox 1747 1401 1807 1429; x_wconf 76' lang='grc' dir='ltr'>οὐδὲ</span> 
     </span>
    </p>
   </div>
   <div class='ocr_carea' id='block_1_89' title="bbox 1013 1448 1807 1485">
    <p class='ocr_par' dir='ltr' id='par_1_89' title="bbox 1013 1448 1807 1485">
     <span class='ocr_line' id='line_1_89' title="bbox 1013 1448 1807 1485; baseline 0.003 -11"><span class='ocrx_word' id='word_1_675' title='bbox 1013 1449 1067 1484; x_wconf 90' lang='grc' dir='ltr'>γάρ</span> <span class='ocrx_word' id='word_1_676' title='bbox 1079 1448 1165 1475; x_wconf 84' lang='grc' dir='ltr'>δεῖται</span> <span class='ocrx_word' id='word_1_677' title='bbox 1179 1449 1356 1481; x_wconf 84' lang='grc' dir='ltr'>διδασκαλίας</span> <span class='ocrx_word' id='word_1_678' title='bbox 1374 1449 1492 1485; x_wconf 85' lang='grc' dir='ltr'>πολλῆς·</span> <span class='ocrx_word' id='word_1_679' title='bbox 1514 1449 1548 1476; x_wconf 81' lang='grc' dir='ltr'>τὰ</span> <span class='ocrx_word' id='word_1_680' title='bbox 1567 1449 1596 1476; x_wconf 81' lang='grc' dir='ltr'>δέ</span> <span class='ocrx_word' id='word_1_681' title='bbox 1613 1450 1662 1484; x_wconf 85' lang='grc' dir='ltr'>τῆς</span> <span class='ocrx_word' id='word_1_682' title='bbox 1683 1448 1807 1483; x_wconf 87' lang='grc' dir='ltr'>συγγνώ-</span> 
     </span>
    </p>
   </div>
   <div class='ocr_carea' id='block_1_90' title="bbox 1015 1494 1807 1530">
    <p class='ocr_par' dir='ltr' id='par_1_90' title="bbox 1015 1494 1807 1530">
     <span class='ocr_line' id='line_1_90' title="bbox 1015 1494 1807 1530; baseline -0.003 -8"><span class='ocrx_word' id='word_1_683' title='bbox 1015 1503 1068 1530; x_wconf 85' lang='grc' dir='ltr'>μης</span> <span class='ocrx_word' id='word_1_684' title='bbox 1086 1495 1167 1522; x_wconf 87' lang='grc' dir='ltr'>πάλιν</span> <span class='ocrx_word' id='word_1_685' title='bbox 1180 1494 1266 1522; x_wconf 86' lang='grc' dir='ltr'>πολλὰ</span> <span class='ocrx_word' id='word_1_686' title='bbox 1279 1495 1327 1522; x_wconf 78' lang='grc' dir='ltr'>καὶ</span> <span class='ocrx_word' id='word_1_687' title='bbox 1339 1495 1496 1530; x_wconf 89' lang='grc' dir='ltr'>ἐπάλληλα·</span> <span class='ocrx_word' id='word_1_688' title='bbox 1510 1495 1558 1522; x_wconf 79' lang='grc' dir='ltr'>καὶ</span> <span class='ocrx_word' id='word_1_689' title='bbox 1575 1495 1621 1521; x_wconf 78' lang='grc' dir='ltr'>ἐπὶ</span> <span class='ocrx_word' id='word_1_690' title='bbox 1633 1495 1683 1530; x_wconf 81' lang='grc' dir='ltr'>τὴν</span> <span class='ocrx_word' id='word_1_691' title='bbox 1696 1495 1807 1530; x_wconf 84' lang='grc' dir='ltr'>ἀγάπην</span> 
     </span>
    </p>
   </div>
   <div class='ocr_carea' id='block_1_91' title="bbox 1014 1540 1808 1576">
    <p class='ocr_par' dir='ltr' id='par_1_91' title="bbox 1014 1540 1808 1576">
     <span class='ocr_line' id='line_1_91' title="bbox 1014 1540 1808 1576; baseline -0.001 -8"><span class='ocrx_word' id='word_1_692' title='bbox 1014 1540 1170 1575; x_wconf 86' lang='grc' dir='ltr'>κατάφευγε</span> <span class='ocrx_word' id='word_1_693' title='bbox 1185 1540 1319 1576; x_wconf 77' lang='grc' dir='ltr'>συνεχῶς,</span> <span class='ocrx_word' id='word_1_694' title='bbox 1334 1541 1489 1573; x_wconf 79' lang='grc' dir='ltr'>συσκιάζων</span> <span class='ocrx_word' id='word_1_695' title='bbox 1504 1541 1535 1568; x_wconf 87' lang='grc' dir='ltr'>τὸ</span> <span class='ocrx_word' id='word_1_696' title='bbox 1555 1541 1683 1576; x_wconf 82' lang='grc' dir='ltr'>φορτικὸν</span> <span class='ocrx_word' id='word_1_697' title='bbox 1700 1541 1754 1568; x_wconf 83' lang='grc' dir='ltr'>τῶν</span> <span class='ocrx_word' id='word_1_698' title='bbox 1768 1542 1808 1567; x_wconf 58' lang='grc' dir='ltr'>εἰ-</span> 
     </span>
    </p>
   </div>
   <div class='ocr_carea' id='block_1_92' title="bbox 1015 1585 1806 1622">
    <p class='ocr_par' dir='ltr' id='par_1_92' title="bbox 1015 1585 1806 1622">
     <span class='ocr_line' id='line_1_92' title="bbox 1015 1585 1806 1622; baseline -0.001 -9"><span class='ocrx_word' id='word_1_699' title='bbox 1015 1586 1152 1622; x_wconf 85' lang='grc' dir='ltr'>ρημένων,</span> <span class='ocrx_word' id='word_1_700' title='bbox 1171 1587 1218 1613; x_wconf 80' lang='grc' dir='ltr'>καὶ</span> <span class='ocrx_word' id='word_1_701' title='bbox 1235 1586 1284 1622; x_wconf 82' lang='grc' dir='ltr'>τὴν</span> <span class='ocrx_word' id='word_1_702' title='bbox 1296 1585 1420 1619; x_wconf 78' lang='grc' dir='ltr'>ἐξουσίαν</span> <span class='ocrx_word' id='word_1_703' title='bbox 1438 1586 1513 1622; x_wconf 82' lang='grc' dir='ltr'>αὐτῷ</span> <span class='ocrx_word' id='word_1_704' title='bbox 1529 1586 1627 1618; x_wconf 79' lang='grc' dir='ltr'>διδοὺς,</span> <span class='ocrx_word' id='word_1_705' title='bbox 1647 1586 1694 1613; x_wconf 77' lang='grc' dir='ltr'>καὶ</span> <span class='ocrx_word' id='word_1_706' title='bbox 1707 1586 1806 1620; x_wconf 84' lang='grc' dir='ltr'>λέγων,</span> 
     </span>
    </p>
   </div>
   <div class='ocr_carea' id='block_1_93' title="bbox 1012 1631 1805 1668">
    <p class='ocr_par' dir='ltr' id='par_1_93' title="bbox 1012 1631 1805 1668">
     <span class='ocr_line' id='line_1_93' title="bbox 1012 1631 1805 1668; baseline -0.001 -9"><span class='ocrx_word' id='word_1_707' title='bbox 1012 1633 1053 1659; x_wconf 83' lang='grc' dir='ltr'>δτι</span> <span class='ocrx_word' id='word_1_708' title='bbox 1077 1631 1147 1667; x_wconf 81' lang='grc' dir='ltr'>Ἐγὼ</span> <span class='ocrx_word' id='word_1_709' title='bbox 1170 1633 1219 1668; x_wconf 77' lang='grc' dir='ltr'>μὲν</span> <span class='ocrx_word' id='word_1_710' title='bbox 1240 1632 1328 1659; x_wconf 81' lang='grc' dir='ltr'>ταῦτα</span> <span class='ocrx_word' id='word_1_711' title='bbox 1350 1632 1477 1668; x_wconf 87' lang='grc' dir='ltr'>παραινῶ</span> <span class='ocrx_word' id='word_1_712' title='bbox 1494 1633 1540 1659; x_wconf 79' lang='grc' dir='ltr'>καὶ</span> <span class='ocrx_word' id='word_1_713' title='bbox 1556 1632 1742 1668; x_wconf 76' lang='grc' dir='ltr'>συμϐουλεύω,</span> <span class='ocrx_word' id='word_1_714' title='bbox 1757 1632 1805 1658; x_wconf 79' lang='grc' dir='ltr'>τοῦ</span> 
     </span>
    </p>
   </div>
   <div class='ocr_carea' id='block_1_94' title="bbox 1011 1678 1808 1714">
    <p class='ocr_par' dir='ltr' id='par_1_94' title="bbox 1011 1678 1808 1714">
     <span class='ocr_line' id='line_1_94' title="bbox 1011 1678 1808 1714; baseline 0 -10"><span class='ocrx_word' id='word_1_715' title='bbox 1011 1678 1041 1705; x_wconf 79' lang='grc' dir='ltr'>δὲ</span> <span class='ocrx_word' id='word_1_716' title='bbox 1057 1678 1200 1712; x_wconf 82' lang='grc' dir='ltr'>πεισθῆναι</span> <span class='ocrx_word' id='word_1_717' title='bbox 1217 1678 1312 1714; x_wconf 88' lang='grc' dir='ltr'>κύριος</span> <span class='ocrx_word' id='word_1_718' title='bbox 1327 1678 1409 1710; x_wconf 85' lang='grc' dir='ltr'>αὑτός</span> <span class='ocrx_word' id='word_1_719' title='bbox 1421 1686 1428 1692; x_wconf 90' lang='grc'>·</span> <span class='ocrx_word' id='word_1_720' title='bbox 1451 1678 1512 1704; x_wconf 73' lang='grc' dir='ltr'>οὐδὲ</span> <span class='ocrx_word' id='word_1_721' title='bbox 1531 1678 1586 1714; x_wconf 86' lang='grc' dir='ltr'>γάρ</span> <span class='ocrx_word' id='word_1_722' title='bbox 1605 1678 1808 1712; x_wconf 82' lang='grc' dir='ltr'>καταναγκάζω</span> 
     </span>
    </p>
   </div>
   <div class='ocr_carea' id='block_1_95' title="bbox 1013 1723 1808 1760">
    <p class='ocr_par' dir='ltr' id='par_1_95' title="bbox 1013 1723 1808 1760">
     <span class='ocr_line' id='line_1_95' title="bbox 1013 1723 1808 1760; baseline 0 -10"><span class='ocrx_word' id='word_1_723' title='bbox 1013 1724 1060 1750; x_wconf 80' lang='grc' dir='ltr'>καὶ</span> <span class='ocrx_word' id='word_1_724' title='bbox 1078 1723 1218 1759; x_wconf 78' lang='grc' dir='ltr'>βιάζομαι,</span> <span class='ocrx_word' id='word_1_725' title='bbox 1233 1723 1302 1750; x_wconf 82' lang='grc' dir='ltr'>ἀλλά</span> <span class='ocrx_word' id='word_1_726' title='bbox 1316 1725 1349 1760; x_wconf 81' lang='grc' dir='ltr'>τῇ</span> <span class='ocrx_word' id='word_1_727' title='bbox 1363 1724 1453 1759; x_wconf 70' lang='grc' dir='ltr'>οἰκείᾳ.</span> <span class='ocrx_word' id='word_1_728' title='bbox 1469 1732 1516 1750; x_wconf 90' lang='grc' dir='ltr'>σου</span> <span class='ocrx_word' id='word_1_729' title='bbox 1540 1723 1571 1750; x_wconf 79' lang='grc' dir='ltr'>τὸ</span> <span class='ocrx_word' id='word_1_730' title='bbox 1589 1725 1644 1751; x_wconf 74' lang='grc' dir='ltr'>πᾶν</span> <span class='ocrx_word' id='word_1_731' title='bbox 1665 1723 1808 1757; x_wconf 85' lang='grc' dir='ltr'>ἐπιτρέπω</span> 
     </span>
    </p>
   </div>
   <div class='ocr_carea' id='block_1_96' title="bbox 1012 1769 1807 1806">
    <p class='ocr_par' dir='ltr' id='par_1_96' title="bbox 1012 1769 1807 1806">
     <span class='ocr_line' id='line_1_96' title="bbox 1012 1769 1807 1806; baseline 0 -10"><span class='ocrx_word' id='word_1_732' title='bbox 1012 1769 1119 1805; x_wconf 84' lang='grc' dir='ltr'>γνώμῃ.</span> <span class='ocrx_word' id='word_1_733' title='bbox 1132 1770 1180 1796; x_wconf 77' lang='grc' dir='ltr'>Ἂν</span> <span class='ocrx_word' id='word_1_734' title='bbox 1195 1769 1266 1796; x_wconf 81' lang='grc' dir='ltr'>οὕτω</span> <span class='ocrx_word' id='word_1_735' title='bbox 1279 1770 1516 1806; x_wconf 80' lang='grc' dir='ltr'>μεταχειρίζωμεν</span> <span class='ocrx_word' id='word_1_736' title='bbox 1531 1771 1576 1796; x_wconf 80' lang='grc' dir='ltr'>τὸν</span> <span class='ocrx_word' id='word_1_737' title='bbox 1589 1769 1710 1805; x_wconf 75' lang='grc' dir='ltr'>ἔλεγχον,</span> <span class='ocrx_word' id='word_1_738' title='bbox 1725 1769 1807 1804; x_wconf 72' lang='lat' dir='ltr'>8mm-</span> 
     </span>
    </p>
   </div>
   <div class='ocr_carea' id='block_1_97' title="bbox 1013 1815 1806 1852">
    <p class='ocr_par' dir='ltr' id='par_1_97' title="bbox 1013 1815 1806 1852">
     <span class='ocr_line' id='line_1_97' title="bbox 1013 1815 1806 1852; baseline 0.001 -11"><span class='ocrx_word' id='word_1_739' title='bbox 1013 1815 1117 1850; x_wconf 75' lang='grc' dir='ltr'>σόμεθα</span> <span class='ocrx_word' id='word_1_740' title='bbox 1128 1815 1227 1851; x_wconf 72' lang='grc' dir='ltr'>ῥᾳδίως</span> <span class='ocrx_word' id='word_1_741' title='bbox 1240 1817 1304 1848; x_wconf 82' lang='grc' dir='ltr'>τοὺς</span> <span class='ocrx_word' id='word_1_742' title='bbox 1318 1816 1525 1852; x_wconf 84' lang='grc' dir='ltr'>ἁμαρτάνοντας</span> <span class='ocrx_word' id='word_1_743' title='bbox 1538 1817 1676 1851; x_wconf 84' lang='grc' dir='ltr'>διορθοῦν·</span> <span class='ocrx_word' id='word_1_744' title='bbox 1692 1816 1730 1848; x_wconf 84' lang='grc' dir='ltr'>ὡς</span> <span class='ocrx_word' id='word_1_745' title='bbox 1744 1816 1761 1842; x_wconf 77' lang='grc' dir='ltr'>ἃ</span> <span class='ocrx_word' id='word_1_746' title='bbox 1774 1825 1806 1850; x_wconf 88' lang='grc' dir='ltr'>γε</span> 
     </span>
    </p>
   </div>
   <div class='ocr_carea' id='block_1_98' title="bbox 1012 1861 1806 1898">
    <p class='ocr_par' dir='ltr' id='par_1_98' title="bbox 1012 1861 1806 1898">
     <span class='ocr_line' id='line_1_98' title="bbox 1012 1861 1806 1898; baseline 0.003 -11"><span class='ocrx_word' id='word_1_747' title='bbox 1012 1861 1059 1887; x_wconf 83' lang='grc' dir='ltr'>νῦν</span> <span class='ocrx_word' id='word_1_748' title='bbox 1075 1861 1215 1896; x_wconf 80' lang='grc' dir='ltr'>ποιοῦμεν,</span> <span class='ocrx_word' id='word_1_749' title='bbox 1231 1862 1334 1897; x_wconf 84' lang='grc' dir='ltr'>θηρίων</span> <span class='ocrx_word' id='word_1_750' title='bbox 1352 1862 1451 1897; x_wconf 80' lang='grc' dir='ltr'>μᾶλλόν</span> <span class='ocrx_word' id='word_1_751' title='bbox 1468 1863 1526 1889; x_wconf 87' lang='grc' dir='ltr'>ἐστι</span> <span class='ocrx_word' id='word_1_752' title='bbox 1538 1863 1586 1889; x_wconf 76' lang='grc' dir='ltr'>καὶ</span> <span class='ocrx_word' id='word_1_753' title='bbox 1596 1862 1713 1896; x_wconf 87' lang='grc' dir='ltr'>ἀλόγων,</span> <span class='ocrx_word' id='word_1_754' title='bbox 1731 1862 1806 1898; x_wconf 83' lang='grc' dir='ltr'>ἢάν-</span> 
     </span>
    </p>
   </div>
   <div class='ocr_carea' id='block_1_99' title="bbox 1012 1905 1805 1942">
    <p class='ocr_par' dir='ltr' id='par_1_99' title="bbox 1012 1905 1805 1942">
     <span class='ocr_line' id='line_1_99' title="bbox 1012 1905 1805 1942; baseline 0.004 -11"><span class='ocrx_word' id='word_1_755' title='bbox 1012 1905 1140 1939; x_wconf 87' lang='grc' dir='ltr'>θρώπων.</span> <span class='ocrx_word' id='word_1_756' title='bbox 1160 1907 1209 1933; x_wconf 76' lang='grc' dir='ltr'>Ἂν</span> <span class='ocrx_word' id='word_1_757' title='bbox 1225 1907 1280 1942; x_wconf 84' lang='grc' dir='ltr'>γὰρ</span> <span class='ocrx_word' id='word_1_758' title='bbox 1294 1907 1443 1934; x_wconf 60' lang='lat' dir='ltr'>meum:</span> <span class='ocrx_word' id='word_1_759' title='bbox 1458 1916 1531 1939; x_wconf 83' lang='grc' dir='ltr'>τινες</span> <span class='ocrx_word' id='word_1_760' title='bbox 1547 1907 1595 1934; x_wconf 80' lang='grc' dir='ltr'>νῦν</span> <span class='ocrx_word' id='word_1_761' title='bbox 1607 1907 1720 1934; x_wconf 76' lang='grc' dir='ltr'>τοιαῦτά</span> <span class='ocrx_word' id='word_1_762' title='bbox 1732 1916 1805 1939; x_wconf 91' lang='grc' dir='ltr'>τινος</span> 
     </span>
    </p>
   </div>
   <div class='ocr_carea' id='block_1_100' title="bbox 1011 1952 1805 1988">
    <p class='ocr_par' dir='ltr' id='par_1_100' title="bbox 1011 1952 1805 1988">
     <span class='ocr_line' id='line_1_100' title="bbox 1011 1952 1805 1988; baseline 0.003 -10"><span class='ocrx_word' id='word_1_763' title='bbox 1011 1952 1227 1987; x_wconf 83' lang='grc' dir='ltr'>ἁμαρτάνοντος,</span> <span class='ocrx_word' id='word_1_764' title='bbox 1248 1952 1345 1988; x_wconf 84' lang='grc' dir='ltr'>ἐκείνῳ</span> <span class='ocrx_word' id='word_1_765' title='bbox 1364 1953 1414 1987; x_wconf 84' lang='grc' dir='ltr'>μὲν</span> <span class='ocrx_word' id='word_1_766' title='bbox 1432 1953 1510 1980; x_wconf 73' lang='grc' dir='ltr'>οὐδὲν</span> <span class='ocrx_word' id='word_1_767' title='bbox 1524 1953 1706 1988; x_wconf 83' lang='grc' dir='ltr'>διαλέγονται,</span> <span class='ocrx_word' id='word_1_768' title='bbox 1726 1953 1805 1980; x_wconf 75' lang='grc' dir='ltr'>αὐτοὶ</span> 
     </span>
    </p>
   </div>
   <div class='ocr_carea' id='block_1_101' title="bbox 1011 1997 1804 2034">
    <p class='ocr_par' dir='ltr' id='par_1_101' title="bbox 1011 1997 1804 2034">
     <span class='ocr_line' id='line_1_101' title="bbox 1011 1997 1804 2034; baseline 0.004 -11"><span class='ocrx_word' id='word_1_769' title='bbox 1011 1997 1039 2023; x_wconf 80' lang='grc' dir='ltr'>δὲ</span> <span class='ocrx_word' id='word_1_770' title='bbox 1049 1997 1175 2034; x_wconf 80' lang='grc' dir='ltr'>καθάπερ</span> <span class='ocrx_word' id='word_1_771' title='bbox 1191 1998 1300 2034; x_wconf 83' lang='grc' dir='ltr'>γραῖδια</span> <span class='ocrx_word' id='word_1_772' title='bbox 1315 1998 1448 2034; x_wconf 81' lang='grc' dir='ltr'>μεθύοντα</span> <span class='ocrx_word' id='word_1_773' title='bbox 1462 1998 1635 2034; x_wconf 73' lang='grc' dir='ltr'>ψιθυρίζουσι</span> <span class='ocrx_word' id='word_1_774' title='bbox 1650 1999 1709 2034; x_wconf 83' lang='grc' dir='ltr'>μετ’</span> <span class='ocrx_word' id='word_1_775' title='bbox 1720 1999 1804 2034; x_wconf 75' lang='grc' dir='ltr'>ἀλλή-</span> 
     </span>
    </p>
   </div>
   <div class='ocr_carea' id='block_1_102' title="bbox 1011 2044 1803 2085">
    <p class='ocr_par' dir='ltr' id='par_1_102' title="bbox 1011 2044 1803 2085">
     <span class='ocr_line' id='line_1_102' title="bbox 1011 2044 1803 2085; baseline 0.003 -15"><span class='ocrx_word' id='word_1_776' title='bbox 1011 2044 1081 2070; x_wconf 90' lang='grc' dir='ltr'>λων·</span> <span class='ocrx_word' id='word_1_777' title='bbox 1095 2045 1143 2071; x_wconf 80' lang='grc' dir='ltr'>καὶ</span> <span class='ocrx_word' id='word_1_778' title='bbox 1166 2045 1285 2080; x_wconf 86' lang='grc' dir='ltr'>οὐδαμοῦ</span> <span class='ocrx_word' id='word_1_779' title='bbox 1307 2045 1344 2085; x_wconf 69' lang='grc' dir='ltr'>τὸ,</span> <span class='ocrx_word' id='word_1_780' title='bbox 1371 2045 1438 2080; x_wconf 85' lang='grc' dir='ltr'>Εὶκῆ</span> <span class='ocrx_word' id='word_1_781' title='bbox 1454 2045 1544 2080; x_wconf 88' lang='grc' dir='ltr'>φιλοῦ,</span> <span class='ocrx_word' id='word_1_782' title='bbox 1566 2046 1628 2081; x_wconf 80' lang='grc' dir='ltr'>εικῆ</span> <span class='ocrx_word' id='word_1_783' title='bbox 1657 2047 1694 2081; x_wconf 83' lang='grc' dir='ltr'>μὴ</span> <span class='ocrx_word' id='word_1_784' title='bbox 1711 2045 1803 2080; x_wconf 77' lang='grc' dir='ltr'>μισοῦ,</span> 
     </span>
    </p>
   </div>
   <div class='ocr_carea' id='block_1_103' title="bbox 1011 2089 1802 2127">
    <p class='ocr_par' dir='ltr' id='par_1_103' title="bbox 1011 2089 1802 2127">
     <span class='ocr_line' id='line_1_103' title="bbox 1011 2089 1802 2127; baseline 0.001 -10"><span class='ocrx_word' id='word_1_785' title='bbox 1011 2089 1129 2118; x_wconf 80' lang='grc' dir='ltr'>ἐνταῦθα</span> <span class='ocrx_word' id='word_1_786' title='bbox 1139 2091 1213 2118; x_wconf 90' lang='grc' dir='ltr'>δοκεῖ</span> <span class='ocrx_word' id='word_1_787' title='bbox 1221 2090 1312 2127; x_wconf 83' lang='grc' dir='ltr'>χώραν</span> <span class='ocrx_word' id='word_1_788' title='bbox 1321 2091 1392 2126; x_wconf 83' lang='grc' dir='ltr'>ἐχειν</span> <span class='ocrx_word' id='word_1_789' title='bbox 1400 2092 1503 2124; x_wconf 80' lang='grc' dir='ltr'>αὐτοῖς,</span> <span class='ocrx_word' id='word_1_790' title='bbox 1516 2091 1573 2118; x_wconf 86' lang='grc' dir='ltr'>ἀλλ’</span> <span class='ocrx_word' id='word_1_791' title='bbox 1587 2092 1651 2118; x_wconf 82' lang='grc' dir='ltr'>ὅταν</span> <span class='ocrx_word' id='word_1_792' title='bbox 1668 2092 1717 2127; x_wconf 81' lang='grc' dir='ltr'>μὲν</span> <span class='ocrx_word' id='word_1_793' title='bbox 1732 2100 1802 2118; x_wconf 81' lang='grc' dir='ltr'>κακ-</span> 
     </span>
    </p>
   </div>
   <div class='ocr_carea' id='block_1_104' title="bbox 1011 2136 1806 2173">
    <p class='ocr_par' dir='ltr' id='par_1_104' title="bbox 1011 2136 1806 2173">
     <span class='ocr_line' id='line_1_104' title="bbox 1011 2136 1806 2173; baseline 0.001 -10"><span class='ocrx_word' id='word_1_794' title='bbox 1011 2137 1149 2172; x_wconf 87' lang='grc' dir='ltr'>ηγορῆσαι</span> <span class='ocrx_word' id='word_1_795' title='bbox 1186 2136 1361 2172; x_wconf 84' lang='grc' dir='ltr'>ἐπιθυμῶσι,</span> <span class='ocrx_word' id='word_1_796' title='bbox 1390 2137 1591 2173; x_wconf 82' lang='grc' dir='ltr'>καταφρονοῦσι</span> <span class='ocrx_word' id='word_1_797' title='bbox 1610 2137 1658 2164; x_wconf 88' lang='grc' dir='ltr'>τοῦ</span> <span class='ocrx_word' id='word_1_798' title='bbox 1683 2137 1720 2172; x_wconf 86' lang='grc' dir='ltr'>μὴ</span> <span class='ocrx_word' id='word_1_799' title='bbox 1741 2137 1806 2172; x_wconf 79' lang='grc' dir='ltr'>είκῆ</span> 
     </span>
    </p>
   </div>
   <div class='ocr_carea' id='block_1_105' title="bbox 1012 2182 1804 2219">
    <p class='ocr_par' dir='ltr' id='par_1_105' title="bbox 1012 2182 1804 2219">
     <span class='ocr_line' id='line_1_105' title="bbox 1012 2182 1804 2219; baseline 0 -10"><span class='ocrx_word' id='word_1_800' title='bbox 1012 2182 1164 2219; x_wconf 83' lang='grc' dir='ltr'>μισεῖσθαι,</span> <span class='ocrx_word' id='word_1_801' title='bbox 1183 2182 1283 2218; x_wconf 84' lang='grc' dir='ltr'>μᾶλλον</span> <span class='ocrx_word' id='word_1_802' title='bbox 1301 2183 1329 2210; x_wconf 87' lang='grc' dir='ltr'>δέ</span> <span class='ocrx_word' id='word_1_803' title='bbox 1344 2184 1390 2210; x_wconf 78' lang='grc' dir='ltr'>καὶ</span> <span class='ocrx_word' id='word_1_804' title='bbox 1411 2184 1459 2210; x_wconf 78' lang='grc' dir='ltr'>τοῦ</span> <span class='ocrx_word' id='word_1_805' title='bbox 1479 2183 1642 2216; x_wconf 74' lang='grc' dir='ltr'>κολάζεσθαι</span> <span class='ocrx_word' id='word_1_806' title='bbox 1659 2183 1730 2219; x_wconf 86' lang='grc' dir='ltr'>(οὺδέ</span> <span class='ocrx_word' id='word_1_807' title='bbox 1748 2183 1804 2218; x_wconf 82' lang='grc' dir='ltr'>γὰρ</span> 
     </span>
    </p>
   </div>
   <div class='ocr_carea' id='block_1_106' title="bbox 1012 2221 1801 2265">
    <p class='ocr_par' dir='ltr' id='par_1_106' title="bbox 1012 2221 1801 2265">
     <span class='ocr_line' id='line_1_106' title="bbox 1012 2221 1801 2265; baseline 0 -10"><span class='ocrx_word' id='word_1_808' title='bbox 1012 2232 1089 2265; x_wconf 83' lang='grc' dir='ltr'>μῖσος</span> <span class='ocrx_word' id='word_1_809' title='bbox 1104 2229 1229 2256; x_wconf 79' lang='grc' dir='ltr'>ἐντεῦθεν</span> <span class='ocrx_word' id='word_1_810' title='bbox 1247 2229 1339 2265; x_wconf 87' lang='grc' dir='ltr'>μόνον,</span> <span class='ocrx_word' id='word_1_811' title='bbox 1363 2229 1432 2255; x_wconf 88' lang='grc' dir='ltr'>ἀλλά</span> <span class='ocrx_word' id='word_1_812' title='bbox 1450 2230 1496 2256; x_wconf 82' lang='grc' dir='ltr'>καὶ</span> <span class='ocrx_word' id='word_1_813' title='bbox 1513 2221 1624 2260; x_wconf 75' lang='grc' dir='ltr'>κόλασις</span> <span class='ocrx_word' id='word_1_814' title='bbox 1646 2229 1780 2263; x_wconf 83' lang='grc' dir='ltr'>τίκτεται)</span> <span class='ocrx_word' id='word_1_815' title='bbox 1792 2236 1801 2244; x_wconf 72' lang='grc'><strong><em>⁸</em></strong></span> 
     </span>
    </p>
   </div>
   <div class='ocr_carea' id='block_1_107' title="bbox 1010 2275 1802 2311">
    <p class='ocr_par' dir='ltr' id='par_1_107' title="bbox 1010 2275 1802 2311">
     <span class='ocr_line' id='line_1_107' title="bbox 1010 2275 1802 2311; baseline -0.003 -8"><span class='ocrx_word' id='word_1_816' title='bbox 1010 2277 1073 2303; x_wconf 82' lang='grc' dir='ltr'>ὅταν</span> <span class='ocrx_word' id='word_1_817' title='bbox 1087 2276 1115 2302; x_wconf 81' lang='grc' dir='ltr'>δὲ</span> <span class='ocrx_word' id='word_1_818' title='bbox 1128 2275 1297 2311; x_wconf 80' lang='grc' dir='ltr'>διορθώσεως</span> <span class='ocrx_word' id='word_1_819' title='bbox 1311 2275 1369 2311; x_wconf 85' lang='grc' dir='ltr'>δέῃ,</span> <span class='ocrx_word' id='word_1_820' title='bbox 1386 2275 1465 2302; x_wconf 83' lang='grc' dir='ltr'>τοῦτό</span> <span class='ocrx_word' id='word_1_821' title='bbox 1491 2284 1521 2302; x_wconf 82' lang='grc' dir='ltr'>τε</span> <span class='ocrx_word' id='word_1_822' title='bbox 1543 2275 1609 2302; x_wconf 76' lang='grc' dir='ltr'>αὐτὸ</span> <span class='ocrx_word' id='word_1_823' title='bbox 1632 2275 1679 2302; x_wconf 81' lang='grc' dir='ltr'>καὶ</span> <span class='ocrx_word' id='word_1_824' title='bbox 1701 2275 1802 2311; x_wconf 87' lang='grc' dir='ltr'>μυρίας</span> 
     </span>
    </p>
   </div>
   <div class='ocr_carea' id='block_1_108' title="bbox 1010 2321 1803 2358">
    <p class='ocr_par' dir='ltr' id='par_1_108' title="bbox 1010 2321 1803 2358">
     <span class='ocr_line' id='line_1_108' title="bbox 1010 2321 1803 2358; baseline -0.001 -9"><span class='ocrx_word' id='word_1_825' title='bbox 1010 2322 1105 2358; x_wconf 75' lang='grc' dir='ltr'>ἐτέρας</span> <span class='ocrx_word' id='word_1_826' title='bbox 1124 2322 1292 2358; x_wconf 82' lang='grc' dir='ltr'>προφέρουσι</span> <span class='ocrx_word' id='word_1_827' title='bbox 1314 2321 1475 2358; x_wconf 84' lang='grc' dir='ltr'>προφάσεις.</span> <span class='ocrx_word' id='word_1_828' title='bbox 1497 2321 1591 2348; x_wconf 87' lang='grc' dir='ltr'>Ταῦτα</span> <span class='ocrx_word' id='word_1_829' title='bbox 1604 2321 1659 2356; x_wconf 85' lang='grc' dir='ltr'>γὰρ</span> <span class='ocrx_word' id='word_1_830' title='bbox 1675 2322 1736 2348; x_wconf 81' lang='grc' dir='ltr'>τότε</span> <span class='ocrx_word' id='word_1_831' title='bbox 1759 2322 1803 2348; x_wconf 76' lang='grc' dir='ltr'>ἐν-</span> 
     </span>
    </p>
   </div>
   <div class='ocr_carea' id='block_1_109' title="bbox 1009 2367 1801 2404">
    <p class='ocr_par' dir='ltr' id='par_1_109' title="bbox 1009 2367 1801 2404">
     <span class='ocr_line' id='line_1_109' title="bbox 1009 2367 1801 2404; baseline -0.001 -9"><span class='ocrx_word' id='word_1_832' title='bbox 1009 2369 1191 2404; x_wconf 75' lang='grc' dir='ltr'>νοεῖνέχρῆν,</span> <span class='ocrx_word' id='word_1_833' title='bbox 1213 2369 1278 2395; x_wconf 83' lang='grc' dir='ltr'>ὃταν</span> <span class='ocrx_word' id='word_1_834' title='bbox 1301 2370 1473 2404; x_wconf 83' lang='grc' dir='ltr'>κακηγορῇς,</span> <span class='ocrx_word' id='word_1_835' title='bbox 1494 2369 1558 2395; x_wconf 86' lang='grc' dir='ltr'>ὃταν</span> <span class='ocrx_word' id='word_1_836' title='bbox 1582 2368 1740 2404; x_wconf 86' lang='grc' dir='ltr'>διαϐάλλῃς,</span> <span class='ocrx_word' id='word_1_837' title='bbox 1758 2367 1801 2402; x_wconf 83' lang='grc' dir='ltr'>τὸ,</span> 
     </span>
    </p>
   </div>
   <div class='ocr_carea' id='block_1_110' title="bbox 1010 2414 1803 2452">
    <p class='ocr_par' dir='ltr' id='par_1_110' title="bbox 1010 2414 1803 2452">
     <span class='ocr_line' id='line_1_110' title="bbox 1010 2414 1803 2452; baseline -0.001 -10"><span class='ocrx_word' id='word_1_838' title='bbox 1010 2416 1077 2452; x_wconf 82' lang='grc' dir='ltr'><strong>Εἰκῆ</strong></span> <span class='ocrx_word' id='word_1_839' title='bbox 1092 2416 1129 2452; x_wconf 78' lang='grc' dir='ltr'>μὴ</span> <span class='ocrx_word' id='word_1_840' title='bbox 1150 2416 1242 2450; x_wconf 82' lang='grc' dir='ltr'>μισοῦ,</span> <span class='ocrx_word' id='word_1_841' title='bbox 1262 2415 1309 2442; x_wconf 73' lang='grc' dir='ltr'>καὶ</span> <span class='ocrx_word' id='word_1_842' title='bbox 1325 2415 1364 2448; x_wconf 83' lang='grc' dir='ltr'>τὸ,</span> <span class='ocrx_word' id='word_1_843' title='bbox 1381 2415 1463 2442; x_wconf 80' lang='grc' dir='ltr'>Οὐδὲν</span> <span class='ocrx_word' id='word_1_844' title='bbox 1479 2414 1554 2442; x_wconf 86' lang='grc' dir='ltr'>ἀνύω</span> <span class='ocrx_word' id='word_1_845' title='bbox 1565 2436 1572 2447; x_wconf 88' lang='grc'>,</span> <span class='ocrx_word' id='word_1_846' title='bbox 1593 2416 1640 2441; x_wconf 75' lang='grc' dir='ltr'>καὶ</span> <span class='ocrx_word' id='word_1_847' title='bbox 1656 2415 1698 2447; x_wconf 86' lang='grc' dir='ltr'>τὸ,</span> <span class='ocrx_word' id='word_1_848' title='bbox 1718 2415 1803 2442; x_wconf 80' lang='grc' dir='ltr'>Οὐδέν</span> 
     </span>
    </p>
   </div>
   <div class='ocr_carea' id='block_1_111' title="bbox 1010 2460 1801 2496">
    <p class='ocr_par' dir='ltr' id='par_1_111' title="bbox 1010 2460 1801 2496">
     <span class='ocr_line' id='line_1_111' title="bbox 1010 2460 1801 2496; baseline 0 -9"><span class='ocrx_word' id='word_1_849' title='bbox 1010 2471 1055 2496; x_wconf 91' lang='grc' dir='ltr'>μοι</span> <span class='ocrx_word' id='word_1_850' title='bbox 1067 2461 1153 2496; x_wconf 84' lang='grc' dir='ltr'>μέλει.</span> <span class='ocrx_word' id='word_1_851' title='bbox 1163 2461 1220 2487; x_wconf 84' lang='grc' dir='ltr'>Νῦν</span> <span class='ocrx_word' id='word_1_852' title='bbox 1230 2462 1267 2494; x_wconf 79' lang='grc' dir='ltr'>δὲ,</span> <span class='ocrx_word' id='word_1_853' title='bbox 1283 2462 1343 2487; x_wconf 83' lang='grc' dir='ltr'>τότε</span> <span class='ocrx_word' id='word_1_854' title='bbox 1362 2461 1412 2496; x_wconf 87' lang='grc' dir='ltr'>μέν</span> <span class='ocrx_word' id='word_1_855' title='bbox 1426 2461 1664 2496; x_wconf 88' lang='grc' dir='ltr'>πολυπραγμονεῖς</span> <span class='ocrx_word' id='word_1_856' title='bbox 1678 2460 1801 2496; x_wconf 82' lang='grc' dir='ltr'>σφοδρῶς</span> 
     </span>
    </p>
   </div>
   <div class='ocr_carea' id='block_1_112' title="bbox 1009 2507 1799 2544">
    <p class='ocr_par' dir='ltr' id='par_1_112' title="bbox 1009 2507 1799 2544">
     <span class='ocr_line' id='line_1_112' title="bbox 1009 2507 1799 2544; baseline -0.001 -10"><span class='ocrx_word' id='word_1_857' title='bbox 1009 2509 1054 2534; x_wconf 67' lang='grc' dir='ltr'>καὶ</span> <span class='ocrx_word' id='word_1_858' title='bbox 1071 2508 1236 2544; x_wconf 86' lang='grc' dir='ltr'>περιέργως,</span> <span class='ocrx_word' id='word_1_859' title='bbox 1251 2508 1299 2534; x_wconf 82' lang='grc' dir='ltr'>καὶ</span> <span class='ocrx_word' id='word_1_860' title='bbox 1318 2508 1414 2543; x_wconf 80' lang='grc' dir='ltr'>μίσους</span> <span class='ocrx_word' id='word_1_861' title='bbox 1435 2509 1618 2543; x_wconf 80' lang='grc' dir='ltr'>καταφρονεῖς</span> <span class='ocrx_word' id='word_1_862' title='bbox 1633 2507 1681 2533; x_wconf 73' lang='grc' dir='ltr'>καὶ</span> <span class='ocrx_word' id='word_1_863' title='bbox 1695 2507 1799 2542; x_wconf 84' lang='grc' dir='ltr'>μυρίων</span> 
     </span>
    </p>
   </div>
   <div class='ocr_carea' id='block_1_113' title="bbox 1008 2552 1799 2589">
    <p class='ocr_par' dir='ltr' id='par_1_113' title="bbox 1008 2552 1799 2589">
     <span class='ocr_line' id='line_1_113' title="bbox 1008 2552 1799 2589; baseline -0.003 -8"><span class='ocrx_word' id='word_1_864' title='bbox 1008 2555 1118 2581; x_wconf 82' lang='grc' dir='ltr'>κακῶν·</span> <span class='ocrx_word' id='word_1_865' title='bbox 1141 2555 1205 2581; x_wconf 82' lang='grc' dir='ltr'>ὅταν</span> <span class='ocrx_word' id='word_1_866' title='bbox 1234 2554 1261 2580; x_wconf 83' lang='grc' dir='ltr'>δὲ</span> <span class='ocrx_word' id='word_1_867' title='bbox 1282 2554 1353 2588; x_wconf 79' lang='grc' dir='ltr'>ὑπὲρ</span> <span class='ocrx_word' id='word_1_868' title='bbox 1379 2554 1428 2588; x_wconf 85' lang='grc' dir='ltr'>τῆς</span> <span class='ocrx_word' id='word_1_869' title='bbox 1452 2553 1588 2589; x_wconf 86' lang='grc' dir='ltr'>σωτηρίας</span> <span class='ocrx_word' id='word_1_870' title='bbox 1612 2553 1659 2580; x_wconf 88' lang='grc' dir='ltr'>τοῦ</span> <span class='ocrx_word' id='word_1_871' title='bbox 1684 2552 1799 2587; x_wconf 83' lang='grc' dir='ltr'>ἀδελφοῦ</span> 
     </span>
    </p>
   </div>
   <div class='ocr_carea' id='block_1_114' title="bbox 1008 2598 1800 2636">
    <p class='ocr_par' dir='ltr' id='par_1_114' title="bbox 1008 2598 1800 2636">
     <span class='ocr_line' id='line_1_114' title="bbox 1008 2598 1800 2636; baseline -0.003 -10"><span class='ocrx_word' id='word_1_872' title='bbox 1008 2600 1162 2636; x_wconf 75' lang='grc' dir='ltr'>φροντίζειν</span> <span class='ocrx_word' id='word_1_873' title='bbox 1183 2600 1240 2636; x_wconf 80' lang='grc' dir='ltr'>δέῃ,</span> <span class='ocrx_word' id='word_1_874' title='bbox 1257 2599 1317 2626; x_wconf 85' lang='grc' dir='ltr'>τότε</span> <span class='ocrx_word' id='word_1_875' title='bbox 1333 2600 1379 2626; x_wconf 73' lang='grc' dir='ltr'>καὶ</span> <span class='ocrx_word' id='word_1_876' title='bbox 1399 2600 1554 2634; x_wconf 82' lang='grc' dir='ltr'>ἀπράγμων</span> <span class='ocrx_word' id='word_1_877' title='bbox 1573 2599 1620 2625; x_wconf 78' lang='grc' dir='ltr'>καὶ</span> <span class='ocrx_word' id='word_1_878' title='bbox 1642 2598 1800 2634; x_wconf 73' lang='grc' dir='ltr'>ἀνεπαχθὴς</span> 
     </span>
    </p>
   </div>
   <div class='ocr_carea' id='block_1_115' title="bbox 1007 2645 1799 2682">
    <p class='ocr_par' dir='ltr' id='par_1_115' title="bbox 1007 2645 1799 2682">
     <span class='ocr_line' id='line_1_115' title="bbox 1007 2645 1799 2682; baseline -0.004 -8"><span class='ocrx_word' id='word_1_879' title='bbox 1007 2657 1048 2679; x_wconf 91' lang='grc' dir='ltr'>τις</span> <span class='ocrx_word' id='word_1_880' title='bbox 1064 2645 1133 2673; x_wconf 72' lang='grc' dir='ltr'>εἶναι</span> <span class='ocrx_word' id='word_1_881' title='bbox 1150 2646 1253 2681; x_wconf 85' lang='grc' dir='ltr'>βούλει·</span> <span class='ocrx_word' id='word_1_882' title='bbox 1271 2645 1359 2675; x_wconf 77' lang='grc' dir='ltr'>καίτοι</span> <span class='ocrx_word' id='word_1_883' title='bbox 1378 2646 1431 2672; x_wconf 82' lang='grc' dir='ltr'>ἀπὸ</span> <span class='ocrx_word' id='word_1_884' title='bbox 1450 2646 1499 2681; x_wconf 80' lang='grc' dir='ltr'>μὲν</span> <span class='ocrx_word' id='word_1_885' title='bbox 1519 2646 1689 2682; x_wconf 81' lang='grc' dir='ltr'>κακηγορίας</span> <span class='ocrx_word' id='word_1_886' title='bbox 1704 2645 1752 2671; x_wconf 82' lang='grc' dir='ltr'>καὶ</span> <span class='ocrx_word' id='word_1_887' title='bbox 1767 2645 1799 2671; x_wconf 84' lang='grc' dir='ltr'>τὸ</span> 
     </span>
    </p>
   </div>
   <div class='ocr_carea' id='block_1_116' title="bbox 1008 2685 1797 2728">
    <p class='ocr_par' dir='ltr' id='par_1_116' title="bbox 1008 2685 1797 2728">
     <span class='ocr_line' id='line_1_116' title="bbox 1008 2685 1797 2728; baseline -0.001 -10"><span class='ocrx_word' id='word_1_888' title='bbox 1008 2692 1076 2728; x_wconf 86' lang='grc' dir='ltr'>πρὸς</span> <span class='ocrx_word' id='word_1_889' title='bbox 1089 2691 1249 2728; x_wconf 83' lang='grc' dir='ltr'>ἀνθρώπους</span> <span class='ocrx_word' id='word_1_890' title='bbox 1261 2692 1308 2719; x_wconf 69' lang='grc' dir='ltr'>καὶ</span> <span class='ocrx_word' id='word_1_891' title='bbox 1319 2692 1349 2718; x_wconf 86' lang='grc' dir='ltr'>τὸ</span> <span class='ocrx_word' id='word_1_892' title='bbox 1368 2692 1434 2726; x_wconf 85' lang='grc' dir='ltr'>πρὸς</span> <span class='ocrx_word' id='word_1_893' title='bbox 1446 2692 1492 2718; x_wconf 86' lang='grc' dir='ltr'>τὸν</span> <span class='ocrx_word' id='word_1_894' title='bbox 1505 2691 1571 2718; x_wconf 87' lang='grc' dir='ltr'>Θεὸν</span> <span class='ocrx_word' id='word_1_895' title='bbox 1587 2692 1692 2726; x_wconf 84' lang='grc' dir='ltr'>γίνεται</span> <span class='ocrx_word' id='word_1_896' title='bbox 1709 2685 1797 2726; x_wconf 76' lang='grc' dir='ltr'>μίσος,</span> 
     </span>
    </p>
   </div>
   <div class='ocr_carea' id='block_1_117' title="bbox 1007 2736 1798 2773">
    <p class='ocr_par' dir='ltr' id='par_1_117' title="bbox 1007 2736 1798 2773">
     <span class='ocr_line' id='line_1_117' title="bbox 1007 2736 1798 2773; baseline -0.001 -9"><span class='ocrx_word' id='word_1_897' title='bbox 1007 2739 1054 2764; x_wconf 68' lang='grc' dir='ltr'>καὶ</span> <span class='ocrx_word' id='word_1_898' title='bbox 1065 2739 1096 2764; x_wconf 84' lang='grc' dir='ltr'>ού</span> <span class='ocrx_word' id='word_1_899' title='bbox 1109 2738 1212 2773; x_wconf 86' lang='grc' dir='ltr'>σφόδρα</span> <span class='ocrx_word' id='word_1_900' title='bbox 1223 2747 1264 2764; x_wconf 83' lang='grc' dir='ltr'>σοι</span> <span class='ocrx_word' id='word_1_901' title='bbox 1275 2737 1354 2764; x_wconf 82' lang='grc' dir='ltr'>τοῦτο</span> <span class='ocrx_word' id='word_1_902' title='bbox 1370 2738 1446 2772; x_wconf 86' lang='grc' dir='ltr'>μέλει</span> <span class='ocrx_word' id='word_1_903' title='bbox 1457 2745 1463 2753; x_wconf 81' lang='lat'>&#39;</span> <span class='ocrx_word' id='word_1_904' title='bbox 1479 2738 1534 2765; x_wconf 86' lang='grc' dir='ltr'>ἀπὸ</span> <span class='ocrx_word' id='word_1_905' title='bbox 1547 2738 1575 2764; x_wconf 81' lang='grc' dir='ltr'>δέ</span> <span class='ocrx_word' id='word_1_906' title='bbox 1587 2738 1637 2773; x_wconf 84' lang='grc' dir='ltr'>τῆς</span> <span class='ocrx_word' id='word_1_907' title='bbox 1652 2737 1712 2763; x_wconf 77' lang='grc' dir='ltr'>κατ’</span> <span class='ocrx_word' id='word_1_908' title='bbox 1731 2736 1798 2763; x_wconf 76' lang='grc' dir='ltr'>ἰδίαν</span> 
     </span>
    </p>
   </div>
   <div class='ocr_carea' id='block_1_118' title="bbox 1009 2782 1797 2820">
    <p class='ocr_par' dir='ltr' id='par_1_118' title="bbox 1009 2782 1797 2820">
     <span class='ocr_line' id='line_1_118' title="bbox 1009 2782 1797 2820; baseline -0.003 -10"><span class='ocrx_word' id='word_1_909' title='bbox 1009 2784 1163 2820; x_wconf 86' lang='grc' dir='ltr'>συμϐουλῆς</span> <span class='ocrx_word' id='word_1_910' title='bbox 1183 2785 1228 2810; x_wconf 76' lang='grc' dir='ltr'>καὶ</span> <span class='ocrx_word' id='word_1_911' title='bbox 1243 2783 1297 2811; x_wconf 82' lang='grc' dir='ltr'>τῶν</span> <span class='ocrx_word' id='word_1_912' title='bbox 1311 2784 1440 2810; x_wconf 86' lang='grc' dir='ltr'>τοιούτων</span> <span class='ocrx_word' id='word_1_913' title='bbox 1453 2784 1573 2819; x_wconf 85' lang='grc' dir='ltr'>ἐλέγχων</span> <span class='ocrx_word' id='word_1_914' title='bbox 1587 2784 1633 2810; x_wconf 77' lang='grc' dir='ltr'>καὶ</span> <span class='ocrx_word' id='word_1_915' title='bbox 1651 2783 1719 2818; x_wconf 87' lang='grc' dir='ltr'>πρὸς</span> <span class='ocrx_word' id='word_1_916' title='bbox 1733 2782 1797 2808; x_wconf 80' lang='grc' dir='ltr'>τοῦ·</span> 
     </span>
    </p>
   </div>
   <div class='ocr_carea' id='block_1_119' title="bbox 1006 2827 1797 2865">
    <p class='ocr_par' dir='ltr' id='par_1_119' title="bbox 1006 2827 1797 2865">
     <span class='ocr_line' id='line_1_119' title="bbox 1006 2827 1797 2865; baseline -0.001 -9"><span class='ocrx_word' id='word_1_917' title='bbox 1006 2840 1051 2857; x_wconf 84' lang='grc' dir='ltr'>τον</span> <span class='ocrx_word' id='word_1_918' title='bbox 1067 2830 1113 2857; x_wconf 82' lang='grc' dir='ltr'>καὶ</span> <span class='ocrx_word' id='word_1_919' title='bbox 1137 2829 1206 2865; x_wconf 83' lang='grc' dir='ltr'>πρὸς</span> <span class='ocrx_word' id='word_1_920' title='bbox 1226 2829 1272 2856; x_wconf 79' lang='grc' dir='ltr'>τὸν</span> <span class='ocrx_word' id='word_1_921' title='bbox 1285 2828 1350 2856; x_wconf 87' lang='grc' dir='ltr'>Θεὸν</span> <span class='ocrx_word' id='word_1_922' title='bbox 1365 2829 1441 2856; x_wconf 74' lang='grc' dir='ltr'>ἔσται</span> <span class='ocrx_word' id='word_1_923' title='bbox 1459 2839 1500 2856; x_wconf 90' lang='grc' dir='ltr'>σοι</span> <span class='ocrx_word' id='word_1_924' title='bbox 1516 2830 1602 2864; x_wconf 86' lang='grc' dir='ltr'>φιλία.</span> <span class='ocrx_word' id='word_1_925' title='bbox 1630 2830 1678 2855; x_wconf 79' lang='grc' dir='ltr'>Ἂν</span> <span class='ocrx_word' id='word_1_926' title='bbox 1702 2827 1730 2854; x_wconf 79' lang='grc' dir='ltr'>δὲ</span> <span class='ocrx_word' id='word_1_927' title='bbox 1750 2827 1797 2855; x_wconf 73' lang='grc' dir='ltr'>καὶ</span> 
     </span>
    </p>
   </div>
   <div class='ocr_carea' id='block_1_120' title="bbox 1007 2872 1793 2912">
    <p class='ocr_par' dir='ltr' id='par_1_120' title="bbox 1007 2872 1793 2912">
     <span class='ocr_line' id='line_1_120' title="bbox 1007 2872 1793 2912; baseline -0.005 -10"><span class='ocrx_word' id='word_1_928' title='bbox 1007 2876 1087 2908; x_wconf 82' lang='grc' dir='ltr'>αὐτὸς</span> <span class='ocrx_word' id='word_1_929' title='bbox 1105 2876 1181 2911; x_wconf 79' lang='grc' dir='ltr'>μισῇ,</span> <span class='ocrx_word' id='word_1_930' title='bbox 1202 2877 1216 2902; x_wconf 80' lang='grc' dir='ltr'><strong>ὀ</strong></span> <span class='ocrx_word' id='word_1_931' title='bbox 1234 2875 1300 2908; x_wconf 82' lang='grc' dir='ltr'>Θεὸς</span> <span class='ocrx_word' id='word_1_932' title='bbox 1319 2876 1393 2912; x_wconf 83' lang='grc' dir='ltr'>μένει</span> <span class='ocrx_word' id='word_1_933' title='bbox 1420 2875 1462 2902; x_wconf 80' lang='grc' dir='ltr'>διὰ</span> <span class='ocrx_word' id='word_1_934' title='bbox 1481 2873 1559 2902; x_wconf 83' lang='grc' dir='ltr'>τοῦτο</span> <span class='ocrx_word' id='word_1_935' title='bbox 1578 2874 1678 2910; x_wconf 79' lang='grc' dir='ltr'>μᾶλλον</span> <span class='ocrx_word' id='word_1_936' title='bbox 1693 2872 1793 2908; x_wconf 58' lang='grc' dir='ltr'>φιλῶν</span> 
     </span>
    </p>
   </div>
  </div>
