2021 3117
160 143 208 172 381

157 205 282 228 seorsum
312 197 383 234 apud
411 204 441 226 se
468 203 580 232 magnas
605 195 653 223 tibi
681 195 791 223 babebit
815 195 926 231 gratias.

194 244 222 273 ϐ.
239 244 300 271 Haec
316 251 380 278 ergo
393 242 553 278 cogitantes,
562 248 652 268 curatn
664 247 789 275 geramus
802 245 954 268 nostrorum

157 290 343 318 membrorum
353 309 361 322 ,
376 295 463 323 tteque
479 288 594 322 linguam
614 286 684 314 alter
700 286 727 313 in
745 286 858 314 alterum
873 293 954 313 acua-

158 343 230 369 mus,
246 342 333 370 neque
347 334 429 362 verba
445 333 587 368 loquamur
606 339 666 367 quae
684 331 841 367 demergant
858 336 885 359 et
903 331 953 358 ob-

158 387 251 414 ruant,
276 380 394 416 proximi
415 379 513 407 bonam
530 378 627 406 latnam
644 377 841 410 subvertentes,
852 382 879 405 et
901 384 953 404 non

158 435 239 455 secus
255 431 336 461 atque
355 426 384 453 in
398 425 468 453 bello
481 429 507 452 et
521 431 608 459 pugna
627 423 778 451 sauciantes
790 427 817 450 et
831 422 952 450 sauciati.

157 472 228 507 Quid
242 473 314 500 enim
324 471 380 506 jatn
402 470 511 506 prodest
523 469 654 504 jejunium
669 473 715 496 aut
734 468 834 503 vigilia,
848 467 956 502 quando

158 519 234 547 ebria
255 518 336 546 fuerit
357 517 457 552 lingua,
471 521 498 544 et
517 516 592 543 canis
605 514 730 543 carnibus
751 513 955 541 immundiorem

159 573 281 593 mensam
301 563 431 596 comedit,
446 567 476 590 ut
495 569 554 597 quae
574 562 734 597 sangnivora
753 560 847 588 en'ecta
870 560 913 592 sit,
929 565 956 588 et
996 564 998 567 '

160 617 267 638 omnum
280 608 398 637 eﬂ'utidat
411 612 439 635 et
458 608 556 635 cloacae
579 606 699 634 canalem
721 613 752 633 os
773 605 869 637 faciat;
899 605 956 632 imo

159 663 225 684 vero
237 663 271 683 eo
283 655 363 689 longe
373 653 503 688 impurius
512 657 540 679 et
552 652 636 687 magis
646 650 874 679 abominandum?
889 650 955 677 Nam

163 701 235 738 quod
257 700 331 728 illinc
354 699 462 735 quidem
488 697 619 734 procedit,
634 704 732 732 corpus
754 696 869 732 polluit:
886 694 957 730 quod

161 747 225 775 hinc
238 751 339 778 autem,
360 752 433 780 saepe
456 743 568 771 suifocat
590 743 717 770 animam.
732 742 795 770 llmc
818 741 888 775 dico,
903 748 956 768 non

161 802 254 822 eorum
270 794 314 829 qui
326 792 397 820 male
410 791 532 824 audiunt,
548 795 649 818 temere
662 797 753 818 curam
768 797 882 825 gerens;
896 796 957 815 nam

160 841 200 868 illi
216 847 322 876 quoque
345 838 418 875 digni
441 842 504 866 sunt
526 837 651 869 coronis,
667 844 728 865 cum
743 844 804 872 qute
830 835 958 863 dicuntur

162 886 252 914 ferunt
270 885 395 917 fortiter;
419 883 467 912 sed
489 888 607 911 vestrum
622 883 667 918 qui
681 882 781 910 dicitis.
805 881 871 909 Nam
896 889 957 909 eum

162 931 271 963 quidem
280 952 287 965 ,
297 930 343 966 qui
359 935 460 958 temere
470 933 498 957 et
510 929 569 957 sine
580 935 660 956 causa
673 928 743 955 male
756 927 839 958 audit,
852 927 958 954 beatum

161 977 338 1014 pronuntiant
352 976 517 1012 Scripturaz’;
539 983 602 1003 eum
622 980 723 1007 autem,
739 974 785 1009 qui
800 973 869 1001 male
882 973 957 1006 dicit,

162 1031 178 1052 a
198 1023 301 1051 sanctis
315 1022 452 1058 expellunt
475 1021 628 1058 mysteriis,
645 1020 699 1048 imo
721 1020 755 1047 ab
777 1019 835 1054 ipso
858 1019 959 1046 ambitu

165 1070 288 1098 ecclesiae
302 1077 310 1096 :
326 1068 404 1101 Eum,
416 1068 512 1103 inquit,
528 1067 571 1102 qui
587 1067 730 1094 clanculum
741 1065 851 1092 detrahit
869 1065 902 1091 de
913 1072 960 1091 suo

163 1115 291 1150 proximo,
301 1113 467 1150 persequebar
476 1112 561 1148 (Psat.
574 1111 636 1140 ιοο.
646 1111 691 1148 5);
701 1110 846 1147 quinetiam
855 1117 917 1138 eum
924 1109 960 1136 di-

163 1161 199 1189 cit
211 1160 347 1196 indignum
358 1159 474 1188 lectione
483 1166 620 1186 sacrarum
632 1157 781 1185 literarum.
791 1156 851 1188 Cur,
863 1155 959 1190 inquit,

165 1211 191 1234 tu
204 1215 310 1234 enarras
320 1205 519 1242 justiﬁcationes
535 1212 613 1235 meas,
625 1208 649 1230 et
660 1203 768 1230 assumis
787 1206 961 1229 testamentum

163 1261 247 1280 meum
272 1260 317 1287 per
331 1259 360 1279 os
379 1256 450 1278 tuum
473 1249 559 1285 (Psal.
576 1249 621 1277 49.
638 1248 702 1283 l6)?
727 1247 829 1275 Deinde
851 1254 959 1274 causam

164 1299 288 1330 aﬂ'erens,
300 1297 366 1325 dicit
381 1305 388 1323 :
406 1296 504 1324 Sedens
521 1299 610 1322 contra
629 1293 736 1328 fratrem
757 1298 829 1320 tuum
843 1292 961 1327 loqueba-

166 1345 211 1372 ris.
222 1345 256 1372 Et
266 1344 309 1372 hic
321 1344 428 1380 quidem
440 1350 493 1370 non
507 1341 639 1374 distinxit,
649 1341 739 1368 sintne
749 1347 812 1367 vera
828 1346 861 1366 an
877 1338 960 1371 falsa;

167 1391 232 1418 alibi
255 1395 345 1418 autem
369 1390 420 1417 hoc
439 1395 545 1424 quoque
568 1386 715 1423 prohibuit,
730 1385 877 1413 ostendens
891 1384 962 1420 quod

166 1437 273 1466 etiamsi
296 1444 359 1465 vera
372 1436 456 1469 dicas,
472 1443 504 1463 ea
517 1442 571 1462 non
590 1437 654 1461 sunt
666 1441 680 1460 a
695 1437 722 1460 te
734 1431 857 1460 dicenda.
874 1429 963 1458 Nolite

165 1484 294 1521 iudicare,
311 1481 408 1517 inquit,
423 1486 450 1508 ut
460 1489 510 1508 non
519 1479 670 1516 judicemini
685 1477 791 1513 (Matth.
805 1477 833 1504 7.
845 1476 882 1511 1).
896 1475 962 1503 Nam

167 1535 194 1558 et
213 1530 258 1565 qui
273 1529 443 1565 publicanum
463 1527 612 1555 maledictis
632 1524 823 1556 insectabatur,
838 1527 880 1550 est
898 1530 962 1550 con-

166 1576 318 1608 demnatus,
330 1575 380 1602 etsi
395 1581 458 1602 vere
476 1573 550 1601 illum
567 1571 719 1599 accusabat.
732 1569 800 1604 Quid
813 1576 876 1596 vero
883 1569 906 1596 si
917 1568 962 1601 sit,

167 1622 264 1657 inquit,
274 1620 406 1656 quispiam
420 1619 507 1647 audax
517 1622 545 1646 et
557 1616 749 1649 exsecrandus,
763 1622 815 1642 non
827 1618 869 1642 est
879 1614 935 1649 ipse
948 1621 963 1640 a

169 1666 249 1694 nobis
274 1665 450 1700 corrigendus
469 1669 499 1692 et
525 1659 877 1699 arguendus‘l-Arguendus
900 1666 965 1686 sane

167 1717 210 1741 est
231 1716 259 1740 et
271 1711 455 1747 corrigendus,
469 1709 516 1738 sed
540 1710 576 1737 ita
599 1714 626 1736 ut
640 1708 715 1744 prius
728 1706 802 1735 dixi:
819 1705 861 1733 sin
874 1709 964 1732 autem

171 1758 222 1785 hoc
245 1757 311 1785 lacis
334 1757 358 1784 ei
383 1755 559 1791 exprobrans,
574 1753 635 1782 vide
650 1761 693 1786 ne,
709 1752 774 1780 dum
800 1751 965 1779 Pharisaeum

170 1804 245 1831 illum
263 1803 387 1836 imitaris,
402 1802 428 1830 id
453 1802 501 1829 tibi
516 1800 587 1836 quod
607 1800 646 1827 illi
661 1799 775 1827 accidat.
797 1797 870 1825 Nihil
893 1796 965 1824 enim

170 1850 234 1877 hinc
247 1849 315 1877 redit
324 1849 402 1882 lucri,
412 1856 465 1875 non
477 1847 509 1875 ad
525 1851 551 1875 te
566 1847 610 1881 qui
623 1845 701 1877 dicis.
718 1853 771 1872 non
783 1844 816 1872 ad
829 1844 902 1870 illum
918 1842 963 1877 qui

709 138 742 167 IN
761 138 867 167 EPIST.
889 138 921 166 ll.
937 139 983 166 AD
1001 139 1079 168 COR.
1100 138 1215 168 HOMIL.
1235 137 1257 167 Ι.

1739 137 1795 165 332

1007 195 1081 223 audit
1094 195 1133 223 sic
1146 199 1287 224 accusatus
1300 203 1308 222 :
1322 194 1368 223 sed
1380 194 1426 223 ille
1436 194 1543 231 quidem
1555 194 1645 222 evadit
1658 194 1798 229 impuden-

1008 242 1071 269 tiur.
1087 241 1154 269 Nam
1170 242 1296 277 quamdiu
1308 242 1416 278 quidem
1441 242 1516 275 latet,
1540 241 1592 269 scit
1614 241 1798 269 erubescere:

1008 292 1148 323 postquam
1173 293 1262 316 autem
1285 289 1402 316 evaserit
1416 288 1583 320 manifestus,
1598 287 1624 315 id
1638 287 1710 322 quod
1733 286 1796 315 inde

1007 333 1124 361 habebat
1145 333 1251 362 frenum
1272 334 1463 369 expellit:qui
1486 339 1575 361 autem
1600 333 1692 365 audit,
1707 341 1800 360 rursus

1007 381 1092 416 magis
1104 381 1227 418 laedetur.
1242 381 1308 409 Nam
1329 382 1385 409 sive
1400 389 1489 408 rerum
1506 386 1605 409 rectea
1619 388 1649 408 se
1662 384 1799 416 gestarum

1007 427 1088 454 fuerit
1101 427 1152 455 sibi
1164 427 1297 461 conscius,
1311 427 1429 460 inﬂatur,
1442 426 1552 454 alterius
1566 431 1671 454 tumens
1683 433 1796 453 accusa-

1008 472 1142 504 tionibus;
1158 472 1214 500 sive
1226 477 1394 507 peccatorum
1404 493 1412 505 ,
1433 472 1462 499 ﬁt
1485 472 1633 507 promptior
1651 476 1676 499 et
1689 471 1804 498 alacrior

1007 518 1042 545 ad
1053 518 1159 545 vitium.
1171 518 1204 545 Et
1218 518 1276 553 ipse
1290 526 1384 546 rursus
1394 518 1440 553 qui
1454 518 1529 550 dicit,
1541 518 1610 553 apud
1621 526 1681 545 curn
1695 518 1740 552 qui
1753 525 1802 544 au-

1009 563 1049 591 dit
1064 564 1090 591 in
1104 564 1173 592 mala
1186 564 1238 592 erit
1249 564 1457 597 existimatione,
1471 569 1498 592 et
1521 565 1605 592 Deum
1631 564 1657 591 itt
1673 572 1703 592 sc
1718 565 1803 599 magis

1008 609 1134 636 irritabit.
1148 608 1328 642 Quamobrem
1348 616 1415 644 rogo
1427 616 1510 636 omne
1521 608 1632 636 verbum
1646 608 1803 637 obscaenum

1008 659 1035 682 et
1049 654 1168 683 lcelidum
1182 650 1341 689 ejiciamns;
1355 655 1378 682 si
1392 654 1455 689 quid
1478 654 1576 681 bonum
1592 655 1624 681 ad
1649 654 1804 682 :cdiﬁcatio-

996 706 1082 734 ‘nem,
1095 701 1147 729 hoc
1165 701 1296 729 dicamus.
1313 701 1348 728 At
1362 700 1437 735 cupis
1451 701 1526 728 illum
1544 700 1658 728 ulcisci?
1672 700 1726 727 Cur
1738 707 1804 735 ergo

998 752 1036 775 'te
1050 755 1098 782 pro
1112 746 1158 774 illo
1169 746 1331 774 ulcisceris?
1344 746 1409 773 Nam
1421 745 1466 781 qui
1487 746 1581 774 studes
1594 745 1687 772 ulcisci
1701 753 1747 772 eos
1759 746 1805 780 qui

1008 793 1057 820 tibi
1082 792 1191 820 fuerunt
1212 793 1328 826 molesti,
1345 792 1381 819 ita
1406 793 1537 820 ulciscere
1558 798 1586 820 ut
1602 792 1703 820 Paulus
1724 792 1805 827 jussit

1008 838 1113 866 ulcisci.
1136 838 1168 866 Si
1190 839 1267 866 esurit
1286 838 1406 865 inimicus
1426 842 1495 871 tuus,
1509 838 1564 865 ciba
1584 838 1679 870 illum;
1700 839 1723 865 si
1741 838 1804 870 sitit,

1010 884 1043 910 da
1054 884 1092 911 illi
1106 888 1193 918 potum
1207 883 1296 919 (Rom.
1317 883 1362 911 12.
1374 882 1432 918 20).
1457 883 1484 911 Si
1510 888 1599 911 autem
1624 883 1676 911 hoc
1695 884 1804 919 quidem

1010 937 1063 956 non
1078 928 1154 960 facis,
1169 929 1256 956 solum
1272 933 1361 956 autem
1382 929 1528 962 insidiaris,
1543 929 1569 956 in
1584 930 1697 964 teipsum
1712 938 1805 958 enscm

1010 973 1318 1009 stringis.Quamobrem
1333 975 1355 1001 si
1370 975 1414 1001 ille
1428 974 1581 1007 maledicat,
1591 983 1657 1002 orna
1672 983 1733 1002 eum
1750 976 1806 1002 latt-

1010 1019 1088 1047 dibus
1101 1024 1129 1047 et
1151 1019 1292 1047 encomiis.
1318 1018 1362 1047 Sic
1384 1019 1456 1047 enim
1471 1025 1499 1047 et
1518 1020 1592 1047 illum
1618 1022 1717 1055 poteris
1738 1021 1806 1048 ulci-

1010 1065 1060 1098 sci,
1083 1069 1111 1092 et
1130 1064 1245 1100 teipsum
1268 1064 1394 1093 liberabis
1416 1072 1430 1092 a
1450 1066 1519 1093 mala
1547 1066 1710 1102 suspicione.
1736 1065 1803 1093 Nam

1000 1111 1056 1146 qui
1071 1110 1146 1138 dolet
1156 1118 1189 1138 eo
1199 1110 1270 1146 quod
1294 1110 1365 1138 male
1375 1110 1476 1144 audiat,
1494 1111 1546 1138 hoc
1568 1111 1673 1139 videtur
1695 1113 1749 1146 pati
1774 1119 1807 1139 cx

1012 1156 1081 1183 mala
1094 1156 1276 1189 conscientia;
1290 1156 1336 1191 qui
1359 1160 1448 1184 autem
1473 1156 1566 1184 irridet
1586 1164 1617 1184 ea
1632 1165 1692 1192 quae
1712 1157 1808 1184 dicun-

1013 1205 1065 1234 tur,
1088 1202 1233 1229 tnaximutn
1262 1202 1363 1237 profert
1387 1201 1526 1235 indicium,
1542 1202 1614 1237 quod
1645 1203 1744 1230 nullius
1768 1204 1807 1230 rci

1011 1248 1089 1275 mala:
1108 1248 1158 1276 sibi
1182 1249 1217 1275 sit
1230 1248 1368 1276 conscius.
1382 1248 1447 1276 Cum
1470 1256 1534 1284 ergo
1549 1256 1598 1276 nec
1613 1249 1743 1283 audienti,
1758 1257 1808 1276 ncc

1014 1293 1071 1325 tibi,
1084 1301 1134 1321 nec
1144 1294 1168 1321 ei
1181 1294 1226 1328 qui
1238 1299 1381 1321 accusatur
1393 1294 1490 1328 prosis,
1505 1298 1532 1321 et
1545 1294 1570 1321 in
1586 1299 1611 1321 te
1625 1294 1711 1329 ipsum
1725 1295 1808 1321 strin-

1012 1347 1059 1374 gas
1074 1339 1202 1375 gladium,
1222 1339 1263 1366 vel
1277 1347 1309 1366 ex
1323 1339 1374 1366 hoc
1388 1340 1446 1374 ipso
1459 1339 1544 1366 evade
1559 1339 1807 1367 moderatior.Nam

1013 1385 1153 1419 oportebat
1175 1384 1282 1419 quidem
1306 1384 1462 1419 persuaderi
1486 1392 1518 1412 ex
1533 1392 1615 1420 regno
1626 1385 1767 1417 caelorum,
1781 1389 1809 1412 et

1014 1431 1047 1458 iis
1059 1439 1119 1466 quae
1142 1431 1198 1458 Deo
1219 1431 1342 1458 videntur
1363 1438 1395 1457 ac
1420 1430 1526 1465 placent
1543 1438 1551 1457 :
1574 1430 1622 1458 sed
1636 1431 1763 1465 qttoniam
1778 1437 1808 1457 es

1014 1478 1131 1505 crassius
1144 1476 1267 1510 affectus,
1280 1481 1307 1504 et
1323 1476 1430 1504 mordcs
1442 1481 1577 1511 tamquam
1598 1476 1664 1508 l'era.
1680 1477 1722 1504 vel
1746 1477 1809 1504 hinc

1014 1523 1146 1552 erudiaris
1159 1528 1186 1550 et
1204 1522 1361 1558 castigeris;
1377 1527 1406 1550 ut
1420 1522 1462 1549 his
1476 1522 1563 1549 verbis
1585 1522 1731 1550 modestior
1745 1522 1809 1550 elle-

1005 1574 1083 1601 ~crus,
1098 1575 1131 1596 ex
1143 1567 1185 1595 his
1198 1567 1275 1601 solis,
1285 1575 1345 1602 qua:
1361 1568 1416 1595 Deo
1430 1567 1556 1595 videntur
1570 1575 1602 1595 ac
1617 1568 1733 1603 placent,
1750 1575 1811 1602 pos-

1015 1614 1053 1641 sis
1066 1613 1190 1648 componi
1209 1620 1240 1649 ac
1254 1613 1420 1644 concinnari.
1436 1617 1464 1640 ut
1483 1620 1543 1640 cum
1562 1614 1635 1640 omni
1650 1614 1732 1640 animi
1747 1621 1811 1648 per-

1016 1659 1168 1687 turbatione
1192 1659 1315 1694 superior
1329 1659 1462 1692 evaseris,
1477 1659 1594 1686 cmlestia
1618 1659 1686 1686 bona
1712 1667 1811 1687 conse-

1016 1705 1106 1740 qnaris
1120 1713 1128 1731 :
1143 1712 1203 1739 qua:
1216 1704 1295 1731 detur
1309 1704 1387 1731 nobis
1400 1704 1525 1732 omnibus
1536 1705 1675 1740 consequi,
1688 1706 1770 1739 gratia
1784 1711 1812 1732 et

1016 1750 1181 1785 benignitate
1210 1749 1317 1777 Domini
1348 1749 1433 1777 nostri
1453 1749 1517 1777 Jesu
1538 1749 1648 1783 Christi,
1673 1758 1734 1777 eum
1758 1759 1812 1786 quo

1017 1796 1090 1823 Patri
1101 1803 1162 1823 cum
1174 1801 1269 1822 sancto
1280 1795 1381 1830 Spiritu
1393 1796 1428 1822 sit
1438 1795 1534 1830 gloria,
1546 1796 1698 1831 imperium,
1714 1796 1810 1830 honor,

1019 1849 1092 1868 nunc
1104 1845 1132 1868 et
1153 1848 1271 1875 semper,
1287 1846 1314 1868 et
1328 1841 1354 1867 in
1367 1840 1465 1868 smcula
1483 1841 1653 1868 saeculorum.
1670 1842 1765 1869 Amen.

499 1890 1441 1899 ______—___——————~_—_

254 1899 266 1924 ii
422 1898 426 1923 ε
467 1891 1601 1922 Ἀρ-έψ--Ξ
1614 1891 1633 1916 Ξ

441 1918 776 2012 SANch
811 1918 1157 2007 Parrus
1194 1945 1534 2003 NOSTRI

265 2051 326 2132 J
331 2048 640 2133 ΟΑΝΝ
645 2048 754 2128 IS
812 2040 1691 2138 CHRYSOSTOMI,

600 2169 900 2204 ARCHIEPISCOPI
921 2163 1403 2200 CONSTANTINOPOLITANI,

177 2238 235 2275 IN
264 2234 553 2274 SECUNDAM
565 2232 638 2268 AD
652 2225 980 2267 CORINTHIOS
1003 2223 1308 2260 EPISTOLAM
1319 2223 1747 2262 COMMENTARIUS
1758 2216 1812 2261 (α).

861 2322 1037 2358 HOMlLIA
1061 2322 1085 2352 Ι.

173 2386 241 2415 CAP.
258 2386 285 2412 i.
303 2392 330 2412 v.
346 2384 373 2411 1.
390 2382 488 2410 Paulus
500 2382 629 2418 apostolus
640 2380 705 2409 Jesu
715 2379 807 2407 Christi
819 2386 863 2413 per
877 2378 966 2404 volun-
1054 2373 1081 2401 1.
1091 2372 1143 2400 Cur
1150 2372 1287 2400 secundam
1298 2371 1332 2399 ad
1343 2371 1488 2400 Corinthios
1496 2372 1629 2408 epistolam
1641 2372 1742 2402 Paulus
1749 2377 1813 2403 scri-

212 2436 290 2458 tatem
301 2430 358 2462 Dei,
372 2435 395 2456 et
410 2429 554 2456 Timotheus
567 2429 660 2464 frater,
674 2425 795 2453 Ecclesiw
804 2423 852 2451 Dei
861 2430 918 2456 qua:
929 2426 966 2450 est
1018 2420 1106 2455 plerit.
1121 2433 1158 2439 —
1172 2418 1248 2446 Prius
1257 2426 1379 2453 quaerere
1390 2418 1527 2451 convenit,
1539 2425 1587 2446 cur
1599 2420 1743 2447 secundam
1755 2423 1814 2456 epi.

211 2476 337 2507 Corinthi,
358 2483 416 2502 cum
437 2474 552 2501 omnibus
568 2463 673 2506 sanctis,
689 2472 731 2507 qui
745 2470 839 2498 suntin
850 2470 967 2496 uniuersa
1018 2465 1115 2493 stolam
1139 2464 1222 2500 priori
1237 2464 1362 2499 adjungat
1373 2484 1380 2496 ,
1397 2468 1424 2491 et
1436 2472 1519 2499 quare
1532 2471 1547 2491 a
1568 2463 1613 2491 Dei
1634 2465 1814 2494 miserationi-

212 2522 311 2549 Achaia
320 2520 363 2548 :2.
373 2520 455 2556 gratia
466 2520 534 2548 vobis
543 2523 566 2546 et
579 2526 656 2553 pasta
668 2516 723 2544 Deo
737 2516 814 2544 Patre
823 2514 966 2542 etDomina
1019 2511 1069 2540 bus
1091 2515 1172 2546 atque
1193 2518 1210 2538 a
1233 2510 1418 2538 consolatione
1442 2510 1546 2538 initium
1567 2510 1657 2538 ducat.
1674 2512 1729 2540 Cur
1749 2521 1814 2549 ergo

213 2573 300 2596 nostra
313 2567 376 2595 Iesu
390 2567 498 2594 Christo.
515 2567 542 2593 3.
557 2565 706 2592 Benedictus
718 2563 787 2591 Deus
796 2568 820 2590 et
831 2562 909 2589 Pater
918 2561 968 2588 Do-
1019 2557 1164 2585 secundam
1184 2556 1303 2592 adjecit?
1324 2556 1391 2584 Cutn
1407 2557 1433 2584 in
1456 2556 1538 2592 priori
1560 2557 1672 2592 epistola
1687 2558 1813 2593 dixisset,

213 2615 276 2642 mini
291 2614 370 2641 nostri
384 2613 446 2641 Iesu
459 2612 554 2647 Christi
566 2632 573 2644 ,
589 2611 668 2639 Pater
681 2609 910 2637 misericordiarum
922 2629 929 2640 ,
944 2611 968 2634 et
1026 2602 1129 2630 Veniam
1144 2602 1178 2629 ad
1199 2610 1252 2635 vos,
1275 2606 1297 2629 et
1319 2610 1479 2637 cognoscam,
1501 2610 1552 2629 non
1574 2611 1713 2630 sermonem
1726 2612 1813 2631 eorum

213 2660 283 2688 Deus
301 2661 378 2687 totius
396 2658 585 2691 consolationis,
606 2657 632 2686 4.
654 2657 696 2692 qui
717 2655 862 2683 consolatur
878 2662 924 2681 nos
941 2654 968 2680 in

213 2708 282 2736 omni
296 2706 456 2734 tribulatione
469 2711 565 2738 nostra,
578 2709 604 2731 ut
618 2704 741 2737 possimus
751 2708 775 2730 et
783 2702 832 2737 ipsi
842 2701 968 2728 consolari

213 2762 266 2786 eos,
289 2753 333 2787 qui
354 2753 382 2779 in
401 2751 471 2779 onmi
484 2758 602 2785 pressura
620 2754 690 2782 sunt,
712 2756 757 2784 per
769 2747 968 2775 consolationem

212 2809 265 2834 qua
274 2801 325 2835 ipsi
334 2798 496 2827 consolamur
507 2805 522 2824 a
535 2797 599 2824 Deo.

183 2854 363 2912 el(alit‘ollaxttns
379 2862 433 2880 cum
451 2855 538 2882 Codice
559 2856 701 2882 Ccislinlauo
714 2857 734 2885 Χ
763 2854 845 2883 mli
859 2858 924 2877 num.
937 2851 967 2876 55

216 2895 230 2912 ι)
243 2895 284 2912 ml.
304 2896 311 2912 ι
333 2905 340 2912 ι

216 2895 284 2912 υΙΠΙΙ.
304 2895 340 2912 Η-

598 2288 958 2307 -ρ--ἑ

1004 2286 1377 2306 ν-

1019 2649 1063 2684 qui
1075 2649 1160 2684 inﬂati
1169 2653 1237 2680 sunt,
1249 2650 1293 2676 sed
1303 2649 1419 2675 virtutem
1429 2649 1467 2683 (l.
1483 2648 1541 2675 Cor.
1557 2649 1584 2676 4.
1597 2649 1659 2685 i9):
1674 2655 1700 2677 ct
1715 2650 1747 2677 ad
1758 2651 1814 2678 cal-

1020 2703 1079 2723 cem
1100 2702 1193 2722 rursus
1216 2694 1266 2722 hoc
1288 2694 1373 2729 ipsum
1387 2694 1557 2721 suavioribus
1578 2694 1666 2721 verbis
1680 2695 1813 2729 pollicitus

1021 2739 1126 2773 fuisset,
1147 2738 1342 2771 Veniantenim,
1357 2739 1453 2774 inquit,
1467 2739 1501 2765 ad
1511 2747 1564 2772 vos,
1577 2744 1708 2775 postquam
1723 2739 1813 2767 Hace-

1019 2786 1124 2813 doniam
1144 2790 1331 2820 pertranstero;
1347 2785 1524 2813 Macedoniam
1544 2786 1611 2812 enim
1635 2785 1811 2820 pertransibo,

1020 2837 1095 2866 atque
1118 2831 1188 2865 apud
1211 2838 1253 2857 vos
1270 2830 1378 2864 fortasse
1397 2830 1511 2863 manebo,
1536 2835 1579 2857 aut
1601 2831 1677 2858 etiam
1698 2829 1816 2856 hiemabo

1024 2878 1060 2908 Η-
1076 2876 1134 2904 (Σον-
1154 2875 1194 2904 16-
1210 2876 1239 2912 5)
1256 2885 1261 2903 ί
1280 2876 1392 2903 ιιιυιιυιη
1408 2878 1534 2915 temporis
1547 2877 1746 2911 intercesserat,
1763 2883 1814 2903 nec
