  <div class='ocr_page' id='page_1' title='image "/cluster/home/n/w/nwhite01/storage/ocr_20150623/61/njp.32101077772679/391.png"; bbox 0 0 2021 3117; ppageno 0'>
   <div class='ocr_carea' id='block_1_1' title="bbox 233 146 287 176">
    <p class='ocr_par' dir='ltr' id='par_1_1' title="bbox 233 146 287 176">
     <span class='ocr_line' id='line_1_1' title="bbox 233 146 287 176; baseline 0 0"><span class='ocrx_word' id='word_1_1' title='bbox 233 146 287 176; x_wconf 71' lang='lat'><strong>885</strong></span> 
     </span>
    </p>
   </div>
   <div class='ocr_carea' id='block_1_2' title="bbox 233 201 1021 236">
    <p class='ocr_par' dir='ltr' id='par_1_2' title="bbox 233 201 1021 236">
     <span class='ocr_line' id='line_1_2' title="bbox 233 201 1021 236; baseline -0.01 -3"><span class='ocrx_word' id='word_1_2' title='bbox 233 211 322 233; x_wconf 71' lang='lat' dir='ltr'><strong>tanton</strong></span> <span class='ocrx_word' id='word_1_3' title='bbox 338 203 372 232; x_wconf 80' lang='lat' dir='ltr'><strong>ad</strong></span> <span class='ocrx_word' id='word_1_4' title='bbox 387 212 434 232; x_wconf 86' lang='lat' dir='ltr'><strong>eos</strong></span> <span class='ocrx_word' id='word_1_5' title='bbox 446 211 475 231; x_wconf 87' lang='lat' dir='ltr'><strong>se</strong></span> <span class='ocrx_word' id='word_1_6' title='bbox 488 201 659 234; x_wconf 78' lang='lat' dir='ltr'><strong>etmtulerat;</strong></span> <span class='ocrx_word' id='word_1_7' title='bbox 675 201 739 236; x_wconf 90' lang='lat' dir='ltr'><strong>quin</strong></span> <span class='ocrx_word' id='word_1_8' title='bbox 754 201 852 236; x_wconf 89' lang='lat' dir='ltr'><strong>potius,</strong></span> <span class='ocrx_word' id='word_1_9' title='bbox 869 207 929 227; x_wconf 90' lang='lat' dir='ltr'><strong>cum</strong></span> <span class='ocrx_word' id='word_1_10' title='bbox 951 206 1021 234; x_wconf 69' lang='lat' dir='ltr'><strong>prte-</strong></span> 
     </span>
    </p>
   </div>
   <div class='ocr_carea' id='block_1_3' title="bbox 231 245 1026 284">
    <p class='ocr_par' dir='ltr' id='par_1_3' title="bbox 231 245 1026 284">
     <span class='ocr_line' id='line_1_3' title="bbox 231 245 1026 284; baseline -0.008 -7"><span class='ocrx_word' id='word_1_11' title='bbox 231 251 354 278; x_wconf 83' lang='lat' dir='ltr'><strong>stitutum</strong></span> <span class='ocrx_word' id='word_1_12' title='bbox 371 254 477 284; x_wconf 99' lang='lat' dir='ltr'><strong>tempus</strong></span> <span class='ocrx_word' id='word_1_13' title='bbox 488 248 545 282; x_wconf 86' lang='lat' dir='ltr'><strong>jam</strong></span> <span class='ocrx_word' id='word_1_14' title='bbox 559 246 715 279; x_wconf 73' lang='lat' dir='ltr'><strong>effluxisset,</strong></span> <span class='ocrx_word' id='word_1_15' title='bbox 730 245 817 273; x_wconf 86' lang='lat' dir='ltr'><strong>adhuc</strong></span> <span class='ocrx_word' id='word_1_16' title='bbox 829 249 919 272; x_wconf 82' lang='lat' dir='ltr'><strong>tamen</strong></span> <span class='ocrx_word' id='word_1_17' title='bbox 944 252 1026 272; x_wconf 86' lang='lat' dir='ltr'><strong>cune-</strong></span> 
     </span>
    </p>
   </div>
   <div class='ocr_carea' id='block_1_4' title="bbox 232 291 1024 327">
    <p class='ocr_par' dir='ltr' id='par_1_4' title="bbox 232 291 1024 327">
     <span class='ocr_line' id='line_1_4' title="bbox 232 291 1024 327; baseline -0.01 -2"><span class='ocrx_word' id='word_1_18' title='bbox 232 298 340 325; x_wconf 81' lang='lat' dir='ltr'><strong>tabatur</strong></span> <span class='ocrx_word' id='word_1_19' title='bbox 360 304 392 324; x_wconf 80' lang='lat' dir='ltr'><strong>ac</strong></span> <span class='ocrx_word' id='word_1_20' title='bbox 416 302 506 322; x_wconf 83' lang='lat' dir='ltr'><strong>moras</strong></span> <span class='ocrx_word' id='word_1_21' title='bbox 528 293 667 325; x_wconf 81' lang='lat' dir='ltr'><strong>trahebat;</strong></span> <span class='ocrx_word' id='word_1_22' title='bbox 691 292 761 327; x_wconf 81' lang='lat' dir='ltr'><strong>quati</strong></span> <span class='ocrx_word' id='word_1_23' title='bbox 786 292 887 319; x_wconf 87' lang='lat' dir='ltr'><strong>scilicet</strong></span> <span class='ocrx_word' id='word_1_24' title='bbox 909 291 1024 326; x_wconf 88' lang='lat' dir='ltr'><strong>Spiritus</strong></span> 
     </span>
    </p>
   </div>
   <div class='ocr_carea' id='block_1_5' title="bbox 233 336 1025 374">
    <p class='ocr_par' dir='ltr' id='par_1_5' title="bbox 233 336 1025 374">
     <span class='ocr_line' id='line_1_5' title="bbox 233 336 1025 374; baseline -0.009 -4"><span class='ocrx_word' id='word_1_25' title='bbox 233 351 295 370; x_wconf 79' lang='lat' dir='ltr'><strong>cum</strong></span> <span class='ocrx_word' id='word_1_26' title='bbox 317 343 341 369; x_wconf 94' lang='lat' dir='ltr'><strong>in</strong></span> <span class='ocrx_word' id='word_1_27' title='bbox 356 342 416 368; x_wconf 80' lang='lat' dir='ltr'><strong>aliis</strong></span> <span class='ocrx_word' id='word_1_28' title='bbox 431 341 509 374; x_wconf 78' lang='lat' dir='ltr'><strong>longe</strong></span> <span class='ocrx_word' id='word_1_29' title='bbox 523 339 605 374; x_wconf 82' lang='lat' dir='ltr'><strong>magis</strong></span> <span class='ocrx_word' id='word_1_30' title='bbox 619 337 779 366; x_wconf 82' lang='lat' dir='ltr'><strong>necessariis</strong></span> <span class='ocrx_word' id='word_1_31' title='bbox 794 337 907 372; x_wconf 76' lang='lat' dir='ltr'><strong>negotiis</strong></span> <span class='ocrx_word' id='word_1_32' title='bbox 925 336 1025 364; x_wconf 72' lang='lat' dir='ltr'><strong>retine-</strong></span> 
     </span>
    </p>
   </div>
   <div class='ocr_carea' id='block_1_6' title="bbox 233 383 1025 419">
    <p class='ocr_par' dir='ltr' id='par_1_6' title="bbox 233 383 1025 419">
     <span class='ocr_line' id='line_1_6' title="bbox 233 383 1025 419; baseline -0.009 -3"><span class='ocrx_word' id='word_1_33' title='bbox 233 394 283 416; x_wconf 86' lang='lat' dir='ltr'><strong>ret.</strong></span> <span class='ocrx_word' id='word_1_34' title='bbox 300 389 355 416; x_wconf 84' lang='lat' dir='ltr'><strong>Hac</strong></span> <span class='ocrx_word' id='word_1_35' title='bbox 369 387 404 414; x_wconf 88' lang='lat' dir='ltr'><strong>de</strong></span> <span class='ocrx_word' id='word_1_36' title='bbox 417 394 497 414; x_wconf 87' lang='lat' dir='ltr'><strong>causa</strong></span> <span class='ocrx_word' id='word_1_37' title='bbox 509 385 654 413; x_wconf 90' lang='lat' dir='ltr'><strong>secundam</strong></span> <span class='ocrx_word' id='word_1_38' title='bbox 667 384 810 419; x_wconf 82' lang='lat' dir='ltr'><strong>epistolam</strong></span> <span class='ocrx_word' id='word_1_39' title='bbox 833 383 952 411; x_wconf 76' lang='lat' dir='ltr'><strong>scribere</strong></span> <span class='ocrx_word' id='word_1_40' title='bbox 976 391 1025 410; x_wconf 88' lang='lat' dir='ltr'><strong>ne-</strong></span> 
     </span>
    </p>
   </div>
   <div class='ocr_carea' id='block_1_7' title="bbox 233 428 1024 463">
    <p class='ocr_par' dir='ltr' id='par_1_7' title="bbox 233 428 1024 463">
     <span class='ocr_line' id='line_1_7' title="bbox 233 428 1024 463; baseline -0.006 -2"><span class='ocrx_word' id='word_1_41' title='bbox 233 441 309 461; x_wconf 84' lang='lat' dir='ltr'><strong>cesse</strong></span> <span class='ocrx_word' id='word_1_42' title='bbox 325 432 427 463; x_wconf 84' lang='lat' dir='ltr'><strong>habuit,</strong></span> <span class='ocrx_word' id='word_1_43' title='bbox 443 439 494 458; x_wconf 90' lang='lat' dir='ltr'><strong>non</strong></span> <span class='ocrx_word' id='word_1_44' title='bbox 509 437 620 458; x_wconf 83' lang='lat' dir='ltr'><strong>necesse</strong></span> <span class='ocrx_word' id='word_1_45' title='bbox 635 429 773 458; x_wconf 91' lang='lat' dir='ltr'><strong>habiturus</strong></span> <span class='ocrx_word' id='word_1_46' title='bbox 785 450 793 463; x_wconf 90' lang='lat'><strong>,</strong></span> <span class='ocrx_word' id='word_1_47' title='bbox 810 429 832 455; x_wconf 87' lang='lat' dir='ltr'><strong>si</strong></span> <span class='ocrx_word' id='word_1_48' title='bbox 847 429 934 456; x_wconf 88' lang='lat' dir='ltr'><strong>minus</strong></span> <span class='ocrx_word' id='word_1_49' title='bbox 949 428 1024 456; x_wconf 90' lang='lat' dir='ltr'><strong>tarde</strong></span> 
     </span>
    </p>
   </div>
   <div class='ocr_carea' id='block_1_8' title="bbox 233 474 1024 507">
    <p class='ocr_par' dir='ltr' id='par_1_8' title="bbox 233 474 1024 507">
     <span class='ocr_line' id='line_1_8' title="bbox 233 474 1024 507; baseline -0.006 -1"><span class='ocrx_word' id='word_1_50' title='bbox 233 479 360 507; x_wconf 86' lang='lat' dir='ltr'><strong>venisset.</strong></span> <span class='ocrx_word' id='word_1_51' title='bbox 375 478 428 504; x_wconf 86' lang='lat' dir='ltr'><strong>Nec</strong></span> <span class='ocrx_word' id='word_1_52' title='bbox 444 484 508 504; x_wconf 85' lang='lat' dir='ltr'><strong>vero</strong></span> <span class='ocrx_word' id='word_1_53' title='bbox 528 475 579 503; x_wconf 89' lang='lat' dir='ltr'><strong>hoc</strong></span> <span class='ocrx_word' id='word_1_54' title='bbox 598 475 737 503; x_wconf 90' lang='lat' dir='ltr'><strong>dutntaxat</strong></span> <span class='ocrx_word' id='word_1_55' title='bbox 752 475 872 507; x_wconf 82' lang='lat' dir='ltr'><strong>nomine,</strong></span> <span class='ocrx_word' id='word_1_56' title='bbox 887 474 934 502; x_wconf 92' lang='lat' dir='ltr'><strong>sed</strong></span> <span class='ocrx_word' id='word_1_57' title='bbox 947 474 983 501; x_wconf 91' lang='lat' dir='ltr'><strong>ob</strong></span> <span class='ocrx_word' id='word_1_58' title='bbox 998 474 1024 501; x_wconf 90' lang='lat' dir='ltr'><strong>id</strong></span> 
     </span>
    </p>
   </div>
   <div class='ocr_carea' id='block_1_9' title="bbox 233 521 1023 559">
    <p class='ocr_par' dir='ltr' id='par_1_9' title="bbox 233 521 1023 559">
     <span class='ocr_line' id='line_1_9' title="bbox 233 521 1023 559; baseline -0.005 -7"><span class='ocrx_word' id='word_1_59' title='bbox 233 526 312 552; x_wconf 79' lang='lat' dir='ltr'><strong>etiam</strong></span> <span class='ocrx_word' id='word_1_60' title='bbox 326 545 334 556; x_wconf 93' lang='lat'><strong>,</strong></span> <span class='ocrx_word' id='word_1_61' title='bbox 358 524 428 559; x_wconf 90' lang='lat' dir='ltr'><strong>quod</strong></span> <span class='ocrx_word' id='word_1_62' title='bbox 452 531 485 550; x_wconf 83' lang='lat' dir='ltr'><strong>ex</strong></span> <span class='ocrx_word' id='word_1_63' title='bbox 499 523 639 558; x_wconf 85' lang='lat' dir='ltr'><strong>superiore</strong></span> <span class='ocrx_word' id='word_1_64' title='bbox 659 522 772 556; x_wconf 87' lang='lat' dir='ltr'><strong>epistola</strong></span> <span class='ocrx_word' id='word_1_65' title='bbox 787 522 911 549; x_wconf 85' lang='lat' dir='ltr'><strong>meliores</strong></span> <span class='ocrx_word' id='word_1_66' title='bbox 925 521 1023 548; x_wconf 82' lang='lat' dir='ltr'><strong>redditi</strong></span> 
     </span>
    </p>
   </div>
   <div class='ocr_carea' id='block_1_10' title="bbox 231 566 1024 602">
    <p class='ocr_par' dir='ltr' id='par_1_10' title="bbox 231 566 1024 602">
     <span class='ocr_line' id='line_1_10' title="bbox 231 566 1024 602; baseline -0.005 -5"><span class='ocrx_word' id='word_1_67' title='bbox 231 570 348 598; x_wconf 78' lang='lat' dir='ltr'><strong>fuerant.</strong></span> <span class='ocrx_word' id='word_1_68' title='bbox 365 569 430 597; x_wconf 83' lang='lat' dir='ltr'><strong>Nam</strong></span> <span class='ocrx_word' id='word_1_69' title='bbox 447 569 635 596; x_wconf 85' lang='lat' dir='ltr'><strong>fornicatorem</strong></span> <span class='ocrx_word' id='word_1_70' title='bbox 651 575 729 601; x_wconf 87' lang='lat' dir='ltr'><strong>eum,</strong></span> <span class='ocrx_word' id='word_1_71' title='bbox 744 575 823 602; x_wconf 85' lang='lat' dir='ltr'><strong>quem</strong></span> <span class='ocrx_word' id='word_1_72' title='bbox 838 568 911 602; x_wconf 88' lang='lat' dir='ltr'><strong>prius</strong></span> <span class='ocrx_word' id='word_1_73' title='bbox 933 566 1024 594; x_wconf 82' lang='lat' dir='ltr'><strong>favore</strong></span> 
     </span>
    </p>
   </div>
   <div class='ocr_carea' id='block_1_11' title="bbox 232 612 1022 650">
    <p class='ocr_par' dir='ltr' id='par_1_11' title="bbox 232 612 1022 650">
     <span class='ocr_line' id='line_1_11' title="bbox 232 612 1022 650; baseline -0.006 -7"><span class='ocrx_word' id='word_1_74' title='bbox 232 615 488 650; x_wconf 84' lang='lat' dir='ltr'><strong>complectehnntur,</strong></span> <span class='ocrx_word' id='word_1_75' title='bbox 500 619 527 642; x_wconf 87' lang='lat' dir='ltr'><strong>et</strong></span> <span class='ocrx_word' id='word_1_76' title='bbox 537 614 571 642; x_wconf 90' lang='lat' dir='ltr'><strong>ob</strong></span> <span class='ocrx_word' id='word_1_77' title='bbox 581 621 659 649; x_wconf 82' lang='lat' dir='ltr'><strong>quem</strong></span> <span class='ocrx_word' id='word_1_78' title='bbox 672 613 819 641; x_wconf 82' lang='lat' dir='ltr'><strong>insolenter</strong></span> <span class='ocrx_word' id='word_1_79' title='bbox 827 621 857 640; x_wconf 87' lang='lat' dir='ltr'><strong>se</strong></span> <span class='ocrx_word' id='word_1_80' title='bbox 866 612 1022 646; x_wconf 68' lang='lat' dir='ltr'><strong>elici-ebant,</strong></span> 
     </span>
    </p>
   </div>
   <div class='ocr_carea' id='block_1_12' title="bbox 233 658 1023 695">
    <p class='ocr_par' dir='ltr' id='par_1_12' title="bbox 233 658 1023 695">
     <span class='ocr_line' id='line_1_12' title="bbox 233 658 1023 695; baseline -0.005 -7"><span class='ocrx_word' id='word_1_81' title='bbox 233 661 404 689; x_wconf 81' lang='lat' dir='ltr'><strong>abscideraut</strong></span> <span class='ocrx_word' id='word_1_82' title='bbox 417 668 448 688; x_wconf 88' lang='lat' dir='ltr'><strong>ac</strong></span> <span class='ocrx_word' id='word_1_83' title='bbox 463 667 573 695; x_wconf 84' lang='lat' dir='ltr'><strong>prorsus</strong></span> <span class='ocrx_word' id='word_1_84' title='bbox 586 659 732 694; x_wconf 71' lang='lat' dir='ltr'><strong>eiecerant.</strong></span> <span class='ocrx_word' id='word_1_85' title='bbox 750 658 777 686; x_wconf 94' lang='lat' dir='ltr'><strong>Id</strong></span> <span class='ocrx_word' id='word_1_86' title='bbox 792 658 863 694; x_wconf 89' lang='lat' dir='ltr'><strong>qttod</strong></span> <span class='ocrx_word' id='word_1_87' title='bbox 879 659 919 685; x_wconf 87' lang='lat' dir='ltr'><strong>his</strong></span> <span class='ocrx_word' id='word_1_88' title='bbox 934 658 1023 685; x_wconf 83' lang='lat' dir='ltr'><strong>verbis</strong></span> 
     </span>
    </p>
   </div>
   <div class='ocr_carea' id='block_1_13' title="bbox 233 704 1023 741">
    <p class='ocr_par' dir='ltr' id='par_1_13' title="bbox 233 704 1023 741">
     <span class='ocr_line' id='line_1_13' title="bbox 233 704 1023 741; baseline -0.005 -7"><span class='ocrx_word' id='word_1_89' title='bbox 233 707 359 734; x_wconf 68' lang='lat' dir='ltr'><strong>indicavit</strong></span> <span class='ocrx_word' id='word_1_90' title='bbox 375 716 382 734; x_wconf 72' lang='grc' dir='ltr'><strong>τ</strong></span> <span class='ocrx_word' id='word_1_91' title='bbox 397 707 427 735; x_wconf 83' lang='lat' dir='ltr'><strong>Si</strong></span> <span class='ocrx_word' id='word_1_92' title='bbox 446 707 501 741; x_wconf 79' lang='lat' dir='ltr'><strong>quis</strong></span> <span class='ocrx_word' id='word_1_93' title='bbox 515 711 597 734; x_wconf 75' lang='lat' dir='ltr'><strong>autem</strong></span> <span class='ocrx_word' id='word_1_94' title='bbox 609 706 776 738; x_wconf 75' lang='lat' dir='ltr'><strong>contristanit,</strong></span> <span class='ocrx_word' id='word_1_95' title='bbox 797 714 847 732; x_wconf 85' lang='lat' dir='ltr'><strong>non</strong></span> <span class='ocrx_word' id='word_1_96' title='bbox 868 713 907 731; x_wconf 79' lang='lat' dir='ltr'><strong>me</strong></span> <span class='ocrx_word' id='word_1_97' title='bbox 927 704 1023 731; x_wconf 82' lang='lat' dir='ltr'><strong>contri-</strong></span> 
     </span>
    </p>
   </div>
   <div class='ocr_carea' id='block_1_14' title="bbox 233 749 1023 788">
    <p class='ocr_par' dir='ltr' id='par_1_14' title="bbox 233 749 1023 788">
     <span class='ocr_line' id='line_1_14' title="bbox 233 749 1023 788; baseline -0.005 -8"><span class='ocrx_word' id='word_1_98' title='bbox 233 753 318 786; x_wconf 80' lang='lat' dir='ltr'><strong>stat-it,</strong></span> <span class='ocrx_word' id='word_1_99' title='bbox 330 753 373 780; x_wconf 84' lang='lat' dir='ltr'><strong>sed</strong></span> <span class='ocrx_word' id='word_1_100' title='bbox 386 761 418 780; x_wconf 73' lang='lat' dir='ltr'><strong>ea;</strong></span> <span class='ocrx_word' id='word_1_101' title='bbox 428 757 502 788; x_wconf 77' lang='lat' dir='ltr'><strong>parte</strong></span> <span class='ocrx_word' id='word_1_102' title='bbox 513 772 520 784; x_wconf 86' lang='lat'><strong>,</strong></span> <span class='ocrx_word' id='word_1_103' title='bbox 534 757 561 778; x_wconf 72' lang='lat' dir='ltr'><strong>ut</strong></span> <span class='ocrx_word' id='word_1_104' title='bbox 575 760 627 778; x_wconf 77' lang='lat' dir='ltr'><strong>non</strong></span> <span class='ocrx_word' id='word_1_105' title='bbox 641 759 742 778; x_wconf 67' lang='lat' dir='ltr'><strong>onerent</strong></span> <span class='ocrx_word' id='word_1_106' title='bbox 754 759 839 778; x_wconf 68' lang='lat' dir='ltr'><strong>omnes</strong></span> <span class='ocrx_word' id='word_1_107' title='bbox 854 759 896 777; x_wconf 78' lang='lat' dir='ltr'><strong>vos</strong></span> <span class='ocrx_word' id='word_1_108' title='bbox 910 751 948 784; x_wconf 74' lang='lat'><strong>(2.</strong></span> <span class='ocrx_word' id='word_1_109' title='bbox 963 749 1023 778; x_wconf 86' lang='lat' dir='ltr'><strong>Cor.</strong></span> 
     </span>
    </p>
   </div>
   <div class='ocr_carea' id='block_1_15' title="bbox 233 796 1023 835">
    <p class='ocr_par' dir='ltr' id='par_1_15' title="bbox 233 796 1023 835">
     <span class='ocr_line' id='line_1_15' title="bbox 233 796 1023 835; baseline -0.006 -8"><span class='ocrx_word' id='word_1_110' title='bbox 233 799 260 826; x_wconf 72' lang='grc'><strong>2.</strong></span> <span class='ocrx_word' id='word_1_111' title='bbox 275 799 317 835; x_wconf 81' lang='grc'><strong>5).</strong></span> <span class='ocrx_word' id='word_1_112' title='bbox 329 798 432 826; x_wconf 73' lang='lat' dir='ltr'><strong>Sufﬁcit</strong></span> <span class='ocrx_word' id='word_1_113' title='bbox 443 798 480 831; x_wconf 90' lang='lat' dir='ltr'><strong>ei,</strong></span> <span class='ocrx_word' id='word_1_114' title='bbox 495 797 539 832; x_wconf 85' lang='lat' dir='ltr'><strong>qui</strong></span> <span class='ocrx_word' id='word_1_115' title='bbox 553 796 682 832; x_wconf 81' lang='lat' dir='ltr'><strong>ejusmodi</strong></span> <span class='ocrx_word' id='word_1_116' title='bbox 694 801 746 829; x_wconf 83' lang='lat' dir='ltr'><strong>est,</strong></span> <span class='ocrx_word' id='word_1_117' title='bbox 762 796 910 830; x_wconf 76' lang='lat' dir='ltr'><strong>objurgatio</strong></span> <span class='ocrx_word' id='word_1_118' title='bbox 922 803 953 822; x_wconf 80' lang='lat' dir='ltr'><strong>ea</strong></span> <span class='ocrx_word' id='word_1_119' title='bbox 964 803 1023 829; x_wconf 72' lang='lat' dir='ltr'><strong>quae</strong></span> 
     </span>
    </p>
   </div>
   <div class='ocr_carea' id='block_1_16' title="bbox 231 841 1021 879">
    <p class='ocr_par' dir='ltr' id='par_1_16' title="bbox 231 841 1021 879">
     <span class='ocr_line' id='line_1_16' title="bbox 231 841 1021 879; baseline -0.005 -7"><span class='ocrx_word' id='word_1_120' title='bbox 231 844 264 872; x_wconf 81' lang='lat' dir='ltr'><strong>fit</strong></span> <span class='ocrx_word' id='word_1_121' title='bbox 277 853 290 871; x_wconf 83' lang='lat' dir='ltr'><strong>:t</strong></span> <span class='ocrx_word' id='word_1_122' title='bbox 312 845 442 879; x_wconf 75' lang='lat' dir='ltr'><strong>pluribus.</strong></span> <span class='ocrx_word' id='word_1_123' title='bbox 463 845 502 871; x_wconf 83' lang='lat' dir='ltr'><strong>Ac</strong></span> <span class='ocrx_word' id='word_1_124' title='bbox 519 851 625 870; x_wconf 78' lang='lat' dir='ltr'><strong>rursum</strong></span> <span class='ocrx_word' id='word_1_125' title='bbox 647 843 779 870; x_wconf 82' lang='lat' dir='ltr'><strong>sermonis</strong></span> <span class='ocrx_word' id='word_1_126' title='bbox 794 849 936 877; x_wconf 86' lang='lat' dir='ltr'><strong>progressu</strong></span> <span class='ocrx_word' id='word_1_127' title='bbox 952 841 1021 869; x_wconf 88' lang='lat' dir='ltr'><strong>idem</strong></span> 
     </span>
    </p>
   </div>
   <div class='ocr_carea' id='block_1_17' title="bbox 234 888 1023 924">
    <p class='ocr_par' dir='ltr' id='par_1_17' title="bbox 234 888 1023 924">
     <span class='ocr_line' id='line_1_17' title="bbox 234 888 1023 924; baseline -0.004 -7"><span class='ocrx_word' id='word_1_128' title='bbox 234 891 329 923; x_wconf 82' lang='lat' dir='ltr'><strong>innuit,</strong></span> <span class='ocrx_word' id='word_1_129' title='bbox 341 899 401 917; x_wconf 87' lang='lat' dir='ltr'><strong>cum</strong></span> <span class='ocrx_word' id='word_1_130' title='bbox 415 890 451 916; x_wconf 82' lang='lat' dir='ltr'><strong>ait</strong></span> <span class='ocrx_word' id='word_1_131' title='bbox 466 899 473 916; x_wconf 88' lang='lat'><strong>:</strong></span> <span class='ocrx_word' id='word_1_132' title='bbox 490 889 554 916; x_wconf 83' lang='lat' dir='ltr'><strong>Ecce</strong></span> <span class='ocrx_word' id='word_1_133' title='bbox 565 889 631 916; x_wconf 87' lang='lat' dir='ltr'><strong>enim</strong></span> <span class='ocrx_word' id='word_1_134' title='bbox 641 889 688 916; x_wconf 82' lang='lat' dir='ltr'><strong>hoc</strong></span> <span class='ocrx_word' id='word_1_135' title='bbox 700 889 792 924; x_wconf 80' lang='lat' dir='ltr'><strong>ipsum,</strong></span> <span class='ocrx_word' id='word_1_136' title='bbox 804 888 871 924; x_wconf 83' lang='lat' dir='ltr'><strong>quod</strong></span> <span class='ocrx_word' id='word_1_137' title='bbox 886 888 1023 915; x_wconf 88' lang='lat' dir='ltr'><strong>secundum</strong></span> 
     </span>
    </p>
   </div>
   <div class='ocr_carea' id='block_1_18' title="bbox 233 934 1023 970">
    <p class='ocr_par' dir='ltr' id='par_1_18' title="bbox 233 934 1023 970">
     <span class='ocr_line' id='line_1_18' title="bbox 233 934 1023 970; baseline -0.005 -6"><span class='ocrx_word' id='word_1_138' title='bbox 233 936 316 964; x_wconf 89' lang='lat' dir='ltr'><strong>Deum</strong></span> <span class='ocrx_word' id='word_1_139' title='bbox 332 936 471 963; x_wconf 65' lang='lat' dir='ltr'><strong>contristati</strong></span> <span class='ocrx_word' id='word_1_140' title='bbox 491 935 559 967; x_wconf 68' lang='lat' dir='ltr'><strong>ostia,</strong></span> <span class='ocrx_word' id='word_1_141' title='bbox 578 940 699 970; x_wconf 87' lang='lat' dir='ltr'><strong>quantam</strong></span> <span class='ocrx_word' id='word_1_142' title='bbox 711 935 737 961; x_wconf 88' lang='lat' dir='ltr'><strong>in</strong></span> <span class='ocrx_word' id='word_1_143' title='bbox 750 934 818 962; x_wconf 78' lang='lat' dir='ltr'><strong>vobis</strong></span> <span class='ocrx_word' id='word_1_144' title='bbox 828 934 1023 962; x_wconf 74' lang='lat' dir='ltr'><strong>sollicitudinem</strong></span> 
     </span>
    </p>
   </div>
   <div class='ocr_carea' id='block_1_19' title="bbox 231 980 1022 1016">
    <p class='ocr_par' dir='ltr' id='par_1_19' title="bbox 231 980 1022 1016">
     <span class='ocr_line' id='line_1_19' title="bbox 231 980 1022 1016; baseline -0.004 -7"><span class='ocrx_word' id='word_1_145' title='bbox 231 982 333 1016; x_wconf 73' lang='lat' dir='ltr'><strong>e/I&#39;t-cit;</strong></span> <span class='ocrx_word' id='word_1_146' title='bbox 347 982 398 1008; x_wconf 88' lang='lat' dir='ltr'><strong>imo</strong></span> <span class='ocrx_word' id='word_1_147' title='bbox 419 981 619 1012; x_wconf 69' lang='lat' dir='ltr'><strong>excusationem.</strong></span> <span class='ocrx_word' id='word_1_148' title='bbox 634 981 684 1007; x_wconf 85' lang='lat' dir='ltr'><strong>into</strong></span> <span class='ocrx_word' id='word_1_149' title='bbox 698 980 906 1015; x_wconf 82' lang='lat' dir='ltr'><strong>indignationem,</strong></span> <span class='ocrx_word' id='word_1_150' title='bbox 922 980 972 1006; x_wconf 85' lang='lat' dir='ltr'><strong>into</strong></span> <span class='ocrx_word' id='word_1_151' title='bbox 987 980 1022 1006; x_wconf 82' lang='lat' dir='ltr'><strong>ti-</strong></span> 
     </span>
    </p>
   </div>
   <div class='ocr_carea' id='block_1_20' title="bbox 232 1026 1020 1060">
    <p class='ocr_par' dir='ltr' id='par_1_20' title="bbox 232 1026 1020 1060">
     <span class='ocr_line' id='line_1_20' title="bbox 232 1026 1020 1060; baseline -0.004 -5"><span class='ocrx_word' id='word_1_152' title='bbox 232 1037 336 1058; x_wconf 79' lang='lat' dir='ltr'><strong>morem,</strong></span> <span class='ocrx_word' id='word_1_153' title='bbox 348 1028 398 1054; x_wconf 86' lang='lat' dir='ltr'><strong>into</strong></span> <span class='ocrx_word' id='word_1_154' title='bbox 413 1027 576 1060; x_wconf 74' lang='lat' dir='ltr'><strong>desiderium,</strong></span> <span class='ocrx_word' id='word_1_155' title='bbox 591 1027 642 1053; x_wconf 83' lang='lat' dir='ltr'><strong>into</strong></span> <span class='ocrx_word' id='word_1_156' title='bbox 656 1026 843 1053; x_wconf 79' lang='lat' dir='ltr'><strong>temulationem</strong></span> <span class='ocrx_word' id='word_1_157' title='bbox 854 1046 862 1060; x_wconf 90' lang='lat'><strong>,</strong></span> <span class='ocrx_word' id='word_1_158' title='bbox 878 1026 928 1052; x_wconf 90' lang='lat' dir='ltr'><strong>imo</strong></span> <span class='ocrx_word' id='word_1_159' title='bbox 941 1026 1020 1052; x_wconf 82' lang='lat' dir='ltr'><strong>vindi-</strong></span> 
     </span>
    </p>
   </div>
   <div class='ocr_carea' id='block_1_21' title="bbox 230 1072 1022 1102">
    <p class='ocr_par' dir='ltr' id='par_1_21' title="bbox 230 1072 1022 1102">
     <span class='ocr_line' id='line_1_21' title="bbox 230 1072 1022 1102; baseline -0.004 -1"><span class='ocrx_word' id='word_1_160' title='bbox 230 1081 307 1102; x_wconf 86' lang='lat' dir='ltr'><strong>ctam.</strong></span> <span class='ocrx_word' id='word_1_161' title='bbox 323 1073 356 1101; x_wconf 86' lang='lat' dir='ltr'><strong>In</strong></span> <span class='ocrx_word' id='word_1_162' title='bbox 369 1073 484 1100; x_wconf 83' lang='lat' dir='ltr'><strong>omnibus</strong></span> <span class='ocrx_word' id='word_1_163' title='bbox 498 1072 644 1100; x_wconf 70' lang='lat' dir='ltr'><strong>exhibuistis</strong></span> <span class='ocrx_word' id='word_1_164' title='bbox 659 1081 701 1099; x_wconf 80' lang='lat' dir='ltr'><strong>vos</strong></span> <span class='ocrx_word' id='word_1_165' title='bbox 713 1072 923 1099; x_wconf 82' lang='lat' dir='ltr'><strong>incontaminalos</strong></span> <span class='ocrx_word' id='word_1_166' title='bbox 933 1080 986 1098; x_wconf 81' lang='lat' dir='ltr'><strong>esse</strong></span> <span class='ocrx_word' id='word_1_167' title='bbox 995 1072 1022 1098; x_wconf 85' lang='lat' dir='ltr'><strong>in</strong></span> 
     </span>
    </p>
   </div>
   <div class='ocr_carea' id='block_1_22' title="bbox 229 1118 1021 1156">
    <p class='ocr_par' dir='ltr' id='par_1_22' title="bbox 229 1118 1021 1156">
     <span class='ocr_line' id='line_1_22' title="bbox 229 1118 1021 1156; baseline -0.005 -8"><span class='ocrx_word' id='word_1_168' title='bbox 229 1121 329 1156; x_wconf 73' lang='lat' dir='ltr'><strong>negotio</strong></span> <span class='ocrx_word' id='word_1_169' title='bbox 344 1120 381 1156; x_wconf 75' lang='lat'><strong>(2.</strong></span> <span class='ocrx_word' id='word_1_170' title='bbox 397 1119 456 1147; x_wconf 87' lang='lat' dir='ltr'><strong>Cor.</strong></span> <span class='ocrx_word' id='word_1_171' title='bbox 479 1119 505 1145; x_wconf 88' lang='lat'><strong>7.</strong></span> <span class='ocrx_word' id='word_1_172' title='bbox 527 1119 583 1152; x_wconf 84' lang='grc'><strong>11).</strong></span> <span class='ocrx_word' id='word_1_173' title='bbox 607 1118 676 1152; x_wconf 86' lang='lat' dir='ltr'><strong>Quin</strong></span> <span class='ocrx_word' id='word_1_174' title='bbox 695 1118 832 1153; x_wconf 82' lang='lat' dir='ltr'><strong>pecuniam</strong></span> <span class='ocrx_word' id='word_1_175' title='bbox 848 1125 918 1150; x_wconf 88' lang='lat' dir='ltr'><strong>eam,</strong></span> <span class='ocrx_word' id='word_1_176' title='bbox 941 1125 1021 1153; x_wconf 85' lang='lat' dir='ltr'><strong>quam</strong></span> 
     </span>
    </p>
   </div>
   <div class='ocr_carea' id='block_1_23' title="bbox 229 1163 1020 1202">
    <p class='ocr_par' dir='ltr' id='par_1_23' title="bbox 229 1163 1020 1202">
     <span class='ocr_line' id='line_1_23' title="bbox 229 1163 1020 1202; baseline -0.006 -8"><span class='ocrx_word' id='word_1_177' title='bbox 229 1168 424 1202; x_wconf 79' lang='lat' dir='ltr'><strong>imperaverat,</strong></span> <span class='ocrx_word' id='word_1_178' title='bbox 440 1172 544 1192; x_wconf 89' lang='lat' dir='ltr'><strong>summo</strong></span> <span class='ocrx_word' id='word_1_179' title='bbox 559 1164 648 1191; x_wconf 90' lang='lat' dir='ltr'><strong>studio</strong></span> <span class='ocrx_word' id='word_1_180' title='bbox 659 1164 842 1199; x_wconf 78' lang='lat' dir='ltr'><strong>collegerant:</strong></span> <span class='ocrx_word' id='word_1_181' title='bbox 857 1163 928 1191; x_wconf 89' lang='lat' dir='ltr'><strong>unde</strong></span> <span class='ocrx_word' id='word_1_182' title='bbox 940 1164 1020 1192; x_wconf 80' lang='lat' dir='ltr'><strong>etiam</strong></span> 
     </span>
    </p>
   </div>
   <div class='ocr_carea' id='block_1_24' title="bbox 228 1210 1021 1246">
    <p class='ocr_par' dir='ltr' id='par_1_24' title="bbox 228 1210 1021 1246">
     <span class='ocr_line' id='line_1_24' title="bbox 228 1210 1021 1246; baseline -0.004 -7"><span class='ocrx_word' id='word_1_183' title='bbox 228 1213 346 1245; x_wconf 83' lang='lat' dir='ltr'><strong>dicebat,</strong></span> <span class='ocrx_word' id='word_1_184' title='bbox 361 1211 422 1239; x_wconf 84' lang='lat' dir='ltr'><strong>Scio</strong></span> <span class='ocrx_word' id='word_1_185' title='bbox 436 1211 502 1238; x_wconf 86' lang='lat' dir='ltr'><strong>enim</strong></span> <span class='ocrx_word' id='word_1_186' title='bbox 515 1211 672 1238; x_wconf 81' lang='lat' dir='ltr'><strong>alacritatem</strong></span> <span class='ocrx_word' id='word_1_187' title='bbox 682 1215 802 1244; x_wconf 76' lang='lat' dir='ltr'><strong>vestram,</strong></span> <span class='ocrx_word' id='word_1_188' title='bbox 821 1210 853 1237; x_wconf 87' lang='lat' dir='ltr'><strong>de</strong></span> <span class='ocrx_word' id='word_1_189' title='bbox 866 1219 916 1246; x_wconf 87' lang='lat' dir='ltr'><strong>qua</strong></span> <span class='ocrx_word' id='word_1_190' title='bbox 925 1211 1021 1245; x_wconf 71' lang='lat' dir='ltr'><strong>glorior</strong></span> 
     </span>
    </p>
   </div>
   <div class='ocr_carea' id='block_1_25' title="bbox 226 1256 1020 1295">
    <p class='ocr_par' dir='ltr' id='par_1_25' title="bbox 226 1256 1020 1295">
     <span class='ocr_line' id='line_1_25' title="bbox 226 1256 1020 1295; baseline -0.003 -9"><span class='ocrx_word' id='word_1_191' title='bbox 226 1260 299 1295; x_wconf 81' lang='lat' dir='ltr'><strong>apud</strong></span> <span class='ocrx_word' id='word_1_192' title='bbox 314 1258 466 1286; x_wconf 79' lang='lat' dir='ltr'><strong>Macedones</strong></span> <span class='ocrx_word' id='word_1_193' title='bbox 477 1265 487 1284; x_wconf 87' lang='lat'><strong>.&#39;</strong></span> <span class='ocrx_word' id='word_1_194' title='bbox 501 1257 620 1292; x_wconf 86' lang='lat' dir='ltr'><strong>quoniam</strong></span> <span class='ocrx_word' id='word_1_195' title='bbox 633 1257 730 1283; x_wconf 84' lang='lat' dir='ltr'><strong>Achaia</strong></span> <span class='ocrx_word' id='word_1_196' title='bbox 746 1261 836 1290; x_wconf 85' lang='lat' dir='ltr'><strong>parata</strong></span> <span class='ocrx_word' id='word_1_197' title='bbox 849 1261 885 1283; x_wconf 76' lang='lat' dir='ltr'><strong>est</strong></span> <span class='ocrx_word' id='word_1_198' title='bbox 903 1256 935 1283; x_wconf 89' lang='lat' dir='ltr'><strong>ab</strong></span> <span class='ocrx_word' id='word_1_199' title='bbox 953 1265 1020 1284; x_wconf 86' lang='lat' dir='ltr'><strong>anno</strong></span> 
     </span>
    </p>
   </div>
   <div class='ocr_carea' id='block_1_26' title="bbox 228 1302 1018 1340">
    <p class='ocr_par' dir='ltr' id='par_1_26' title="bbox 228 1302 1018 1340">
     <span class='ocr_line' id='line_1_26' title="bbox 228 1302 1018 1340; baseline -0.004 -7"><span class='ocrx_word' id='word_1_200' title='bbox 228 1304 353 1340; x_wconf 77' lang='lat' dir='ltr'><strong>superiori</strong></span> <span class='ocrx_word' id='word_1_201' title='bbox 377 1303 422 1339; x_wconf 74' lang='lat'><strong>(2.</strong></span> <span class='ocrx_word' id='word_1_202' title='bbox 439 1303 499 1331; x_wconf 86' lang='lat' dir='ltr'><strong>Cor.</strong></span> <span class='ocrx_word' id='word_1_203' title='bbox 515 1303 542 1330; x_wconf 88' lang='lat'><strong>9.</strong></span> <span class='ocrx_word' id='word_1_204' title='bbox 564 1302 611 1335; x_wconf 76' lang='grc'><strong>2).</strong></span> <span class='ocrx_word' id='word_1_205' title='bbox 635 1302 692 1330; x_wconf 90' lang='lat' dir='ltr'><strong>Huc</strong></span> <span class='ocrx_word' id='word_1_206' title='bbox 705 1302 808 1330; x_wconf 86' lang='lat' dir='ltr'><strong>accedit</strong></span> <span class='ocrx_word' id='word_1_207' title='bbox 827 1302 897 1337; x_wconf 89' lang='lat' dir='ltr'><strong>quod</strong></span> <span class='ocrx_word' id='word_1_208' title='bbox 918 1302 1018 1336; x_wconf 85' lang='lat' dir='ltr'><strong>Titum,</strong></span> 
     </span>
    </p>
   </div>
   <div class='ocr_carea' id='block_1_27' title="bbox 228 1347 1020 1386">
    <p class='ocr_par' dir='ltr' id='par_1_27' title="bbox 228 1347 1020 1386">
     <span class='ocr_line' id='line_1_27' title="bbox 228 1347 1020 1386; baseline -0.004 -8"><span class='ocrx_word' id='word_1_209' title='bbox 228 1359 308 1386; x_wconf 86' lang='lat' dir='ltr'><strong>quem</strong></span> <span class='ocrx_word' id='word_1_210' title='bbox 321 1350 377 1384; x_wconf 73' lang='lat' dir='ltr'><strong>ipse</strong></span> <span class='ocrx_word' id='word_1_211' title='bbox 390 1349 510 1382; x_wconf 85' lang='lat' dir='ltr'><strong>miserat,</strong></span> <span class='ocrx_word' id='word_1_212' title='bbox 525 1349 640 1375; x_wconf 78' lang='lat' dir='ltr'><strong>maxima</strong></span> <span class='ocrx_word' id='word_1_213' title='bbox 653 1356 712 1374; x_wconf 92' lang='lat' dir='ltr'><strong>cum</strong></span> <span class='ocrx_word' id='word_1_214' title='bbox 728 1347 912 1375; x_wconf 83' lang='lat' dir='ltr'><strong>benevolentia</strong></span> <span class='ocrx_word' id='word_1_215' title='bbox 926 1355 1020 1375; x_wconf 86' lang='lat' dir='ltr'><strong>susce-</strong></span> 
     </span>
    </p>
   </div>
   <div class='ocr_carea' id='block_1_28' title="bbox 229 1393 1019 1430">
    <p class='ocr_par' dir='ltr' id='par_1_28' title="bbox 229 1393 1019 1430">
     <span class='ocr_line' id='line_1_28' title="bbox 229 1393 1019 1430; baseline 0.003 -10"><span class='ocrx_word' id='word_1_216' title='bbox 229 1405 252 1430; x_wconf 74' lang='grc' dir='ltr'><strong>ν(</strong></span> <span class='ocrx_word' id='word_1_217' title='bbox 262 1400 332 1422; x_wconf 88' lang='lat' dir='ltr'><strong>rant.</strong></span> <span class='ocrx_word' id='word_1_218' title='bbox 349 1395 376 1422; x_wconf 88' lang='lat' dir='ltr'><strong>Id</strong></span> <span class='ocrx_word' id='word_1_219' title='bbox 390 1394 460 1430; x_wconf 89' lang='lat' dir='ltr'><strong>quod</strong></span> <span class='ocrx_word' id='word_1_220' title='bbox 476 1394 557 1422; x_wconf 88' lang='lat' dir='ltr'><strong>etiam</strong></span> <span class='ocrx_word' id='word_1_221' title='bbox 571 1393 749 1426; x_wconf 77' lang='lat' dir='ltr'><strong>ostendebat,</strong></span> <span class='ocrx_word' id='word_1_222' title='bbox 767 1401 827 1420; x_wconf 87' lang='lat' dir='ltr'><strong>cum</strong></span> <span class='ocrx_word' id='word_1_223' title='bbox 842 1401 935 1421; x_wconf 84' lang='lat' dir='ltr'><strong>rursus</strong></span> <span class='ocrx_word' id='word_1_224' title='bbox 948 1394 1019 1422; x_wconf 88' lang='lat' dir='ltr'><strong>dice-</strong></span> 
     </span>
    </p>
   </div>
   <div class='ocr_carea' id='block_1_29' title="bbox 226 1440 1018 1476">
    <p class='ocr_par' dir='ltr' id='par_1_29' title="bbox 226 1440 1018 1476">
     <span class='ocr_line' id='line_1_29' title="bbox 226 1440 1018 1476; baseline -0.001 -8"><span class='ocrx_word' id='word_1_225' title='bbox 226 1445 288 1468; x_wconf 81' lang='lat' dir='ltr'><strong>ret:</strong></span> <span class='ocrx_word' id='word_1_226' title='bbox 311 1440 413 1468; x_wconf 78' lang='lat' dir='ltr'><strong>Viscera</strong></span> <span class='ocrx_word' id='word_1_227' title='bbox 430 1440 485 1476; x_wconf 81' lang='lat' dir='ltr'><strong>ejus</strong></span> <span class='ocrx_word' id='word_1_228' title='bbox 505 1440 678 1467; x_wconf 76' lang='lat' dir='ltr'><strong>abundantius</strong></span> <span class='ocrx_word' id='word_1_229' title='bbox 695 1445 754 1466; x_wconf 84' lang='lat' dir='ltr'><strong>sunt</strong></span> <span class='ocrx_word' id='word_1_230' title='bbox 774 1440 800 1466; x_wconf 86' lang='lat' dir='ltr'><strong>in</strong></span> <span class='ocrx_word' id='word_1_231' title='bbox 820 1440 899 1473; x_wconf 75' lang='lat' dir='ltr'><strong>vobis,</strong></span> <span class='ocrx_word' id='word_1_232' title='bbox 915 1440 1018 1467; x_wconf 84' lang='lat' dir='ltr'><strong>remitti-</strong></span> 
     </span>
    </p>
   </div>
   <div class='ocr_carea' id='block_1_30' title="bbox 226 1485 1020 1520">
    <p class='ocr_par' dir='ltr' id='par_1_30' title="bbox 226 1485 1020 1520">
     <span class='ocr_line' id='line_1_30' title="bbox 226 1485 1020 1520; baseline -0.003 -7"><span class='ocrx_word' id='word_1_233' title='bbox 226 1486 319 1514; x_wconf 84' lang='lat' dir='ltr'><strong>scentis</strong></span> <span class='ocrx_word' id='word_1_234' title='bbox 331 1486 445 1513; x_wconf 86' lang='lat' dir='ltr'><strong>omnium</strong></span> <span class='ocrx_word' id='word_1_235' title='bbox 458 1490 566 1513; x_wconf 84' lang='lat' dir='ltr'><strong>vestrum</strong></span> <span class='ocrx_word' id='word_1_236' title='bbox 582 1485 747 1512; x_wconf 79' lang='lat' dir='ltr'><strong>obedientiam</strong></span> <span class='ocrx_word' id='word_1_237' title='bbox 760 1506 767 1518; x_wconf 93' lang='lat'><strong>,</strong></span> <span class='ocrx_word' id='word_1_238' title='bbox 779 1486 904 1520; x_wconf 88' lang='lat' dir='ltr'><strong>quomodo</strong></span> <span class='ocrx_word' id='word_1_239' title='bbox 917 1494 974 1513; x_wconf 82' lang='lat' dir='ltr'><strong>cum</strong></span> <span class='ocrx_word' id='word_1_240' title='bbox 987 1487 1020 1512; x_wconf 84' lang='lat' dir='ltr'><strong>ti-</strong></span> 
     </span>
    </p>
   </div>
   <div class='ocr_carea' id='block_1_31' title="bbox 227 1531 1018 1566">
    <p class='ocr_par' dir='ltr' id='par_1_31' title="bbox 227 1531 1018 1566">
     <span class='ocr_line' id='line_1_31' title="bbox 227 1531 1018 1566; baseline -0.001 -6"><span class='ocrx_word' id='word_1_241' title='bbox 227 1541 296 1561; x_wconf 80' lang='lat' dir='ltr'><strong>more</strong></span> <span class='ocrx_word' id='word_1_242' title='bbox 308 1538 331 1560; x_wconf 85' lang='lat' dir='ltr'><strong>et</strong></span> <span class='ocrx_word' id='word_1_243' title='bbox 344 1538 451 1560; x_wconf 82' lang='lat' dir='ltr'><strong>tremore</strong></span> <span class='ocrx_word' id='word_1_244' title='bbox 464 1540 519 1559; x_wconf 84' lang='lat' dir='ltr'><strong>eum</strong></span> <span class='ocrx_word' id='word_1_245' title='bbox 533 1532 678 1566; x_wconf 77' lang='lat' dir='ltr'><strong>suscepistis</strong></span> <span class='ocrx_word' id='word_1_246' title='bbox 693 1531 742 1566; x_wconf 79' lang='grc'><strong>(2,</strong></span> <span class='ocrx_word' id='word_1_247' title='bbox 758 1531 817 1559; x_wconf 86' lang='lat' dir='ltr'><strong>Cor.</strong></span> <span class='ocrx_word' id='word_1_248' title='bbox 839 1532 866 1559; x_wconf 91' lang='lat'><strong>7.</strong></span> <span class='ocrx_word' id='word_1_249' title='bbox 881 1532 912 1560; x_wconf 78' lang='lat'><strong>15</strong></span> <span class='ocrx_word' id='word_1_250' title='bbox 926 1532 947 1566; x_wconf 89' lang='lat'><strong>).</strong></span> <span class='ocrx_word' id='word_1_251' title='bbox 971 1531 1018 1559; x_wconf 78' lang='lat' dir='ltr'><strong>His</strong></span> 
     </span>
    </p>
   </div>
   <div class='ocr_carea' id='block_1_32' title="bbox 226 1577 1016 1611">
    <p class='ocr_par' dir='ltr' id='par_1_32' title="bbox 226 1577 1016 1611">
     <span class='ocr_line' id='line_1_32' title="bbox 226 1577 1016 1611; baseline -0.003 -4"><span class='ocrx_word' id='word_1_252' title='bbox 226 1578 352 1607; x_wconf 84' lang='lat' dir='ltr'><strong>Omnibus</strong></span> <span class='ocrx_word' id='word_1_253' title='bbox 361 1578 449 1606; x_wconf 86' lang='lat' dir='ltr'><strong>causis</strong></span> <span class='ocrx_word' id='word_1_254' title='bbox 460 1577 599 1610; x_wconf 87' lang='lat' dir='ltr'><strong>adductus,</strong></span> <span class='ocrx_word' id='word_1_255' title='bbox 610 1577 754 1605; x_wconf 87' lang='lat' dir='ltr'><strong>sccundatn</strong></span> <span class='ocrx_word' id='word_1_256' title='bbox 765 1577 905 1611; x_wconf 79' lang='lat' dir='ltr'><strong>epistolam</strong></span> <span class='ocrx_word' id='word_1_257' title='bbox 914 1577 1016 1605; x_wconf 76' lang='lat' dir='ltr'><strong>scribit.</strong></span> 
     </span>
    </p>
   </div>
   <div class='ocr_carea' id='block_1_33' title="bbox 228 1622 1019 1659">
    <p class='ocr_par' dir='ltr' id='par_1_33' title="bbox 228 1622 1019 1659">
     <span class='ocr_line' id='line_1_33' title="bbox 228 1622 1019 1659; baseline -0.001 -7"><span class='ocrx_word' id='word_1_258' title='bbox 228 1625 334 1652; x_wconf 80' lang='lat' dir='ltr'><strong>Etenim</strong></span> <span class='ocrx_word' id='word_1_259' title='bbox 345 1632 393 1659; x_wconf 90' lang='lat' dir='ltr'><strong>par</strong></span> <span class='ocrx_word' id='word_1_260' title='bbox 403 1628 470 1656; x_wconf 84' lang='lat' dir='ltr'><strong>erat,</strong></span> <span class='ocrx_word' id='word_1_261' title='bbox 488 1627 516 1650; x_wconf 91' lang='lat' dir='ltr'><strong>ut.</strong></span> <span class='ocrx_word' id='word_1_262' title='bbox 530 1622 755 1658; x_wconf 86' lang='lat' dir='ltr'><strong>quemadmodum</strong></span> <span class='ocrx_word' id='word_1_263' title='bbox 771 1623 843 1656; x_wconf 87' lang='lat' dir='ltr'><strong>illos,</strong></span> <span class='ocrx_word' id='word_1_264' title='bbox 853 1630 914 1650; x_wconf 87' lang='lat' dir='ltr'><strong>cum</strong></span> <span class='ocrx_word' id='word_1_265' title='bbox 925 1631 1019 1658; x_wconf 75' lang='lat' dir='ltr'><strong>pecca-</strong></span> 
     </span>
    </p>
   </div>
   <div class='ocr_carea' id='block_1_34' title="bbox 227 1669 1019 1705">
    <p class='ocr_par' dir='ltr' id='par_1_34' title="bbox 227 1669 1019 1705">
     <span class='ocr_line' id='line_1_34' title="bbox 227 1669 1019 1705; baseline -0.003 -6"><span class='ocrx_word' id='word_1_266' title='bbox 227 1676 298 1703; x_wconf 82' lang='lat' dir='ltr'><strong>rent,</strong></span> <span class='ocrx_word' id='word_1_267' title='bbox 322 1669 499 1705; x_wconf 74' lang='lat' dir='ltr'><strong>obiurgabat;</strong></span> <span class='ocrx_word' id='word_1_268' title='bbox 525 1670 563 1697; x_wconf 89' lang='lat' dir='ltr'><strong>sic</strong></span> <span class='ocrx_word' id='word_1_269' title='bbox 589 1670 668 1697; x_wconf 89' lang='lat' dir='ltr'><strong>etiam</strong></span> <span class='ocrx_word' id='word_1_270' title='bbox 691 1669 800 1697; x_wconf 84' lang='lat' dir='ltr'><strong>eosdem</strong></span> <span class='ocrx_word' id='word_1_271' title='bbox 822 1669 855 1696; x_wconf 90' lang='lat' dir='ltr'><strong>ad</strong></span> <span class='ocrx_word' id='word_1_272' title='bbox 880 1670 1019 1698; x_wconf 88' lang='lat' dir='ltr'><strong>meliorem</strong></span> 
     </span>
    </p>
   </div>
   <div class='ocr_carea' id='block_1_35' title="bbox 229 1716 1017 1751">
    <p class='ocr_par' dir='ltr' id='par_1_35' title="bbox 229 1716 1017 1751">
     <span class='ocr_line' id='line_1_35' title="bbox 229 1716 1017 1751; baseline 0.001 -7"><span class='ocrx_word' id='word_1_273' title='bbox 229 1723 344 1745; x_wconf 86' lang='lat' dir='ltr'><strong>mentem</strong></span> <span class='ocrx_word' id='word_1_274' title='bbox 360 1724 484 1745; x_wconf 84' lang='lat' dir='ltr'><strong>reversos</strong></span> <span class='ocrx_word' id='word_1_275' title='bbox 497 1716 685 1751; x_wconf 87' lang='lat' dir='ltr'><strong>comprobaret</strong></span> <span class='ocrx_word' id='word_1_276' title='bbox 701 1724 733 1743; x_wconf 84' lang='lat' dir='ltr'><strong>ac</strong></span> <span class='ocrx_word' id='word_1_277' title='bbox 750 1717 873 1744; x_wconf 85' lang='lat' dir='ltr'><strong>laudibus</strong></span> <span class='ocrx_word' id='word_1_278' title='bbox 887 1717 1017 1746; x_wconf 81' lang='lat' dir='ltr'><strong>afﬁceret.</strong></span> 
     </span>
    </p>
   </div>
   <div class='ocr_carea' id='block_1_36' title="bbox 227 1761 1017 1798">
    <p class='ocr_par' dir='ltr' id='par_1_36' title="bbox 227 1761 1017 1798">
     <span class='ocr_line' id='line_1_36' title="bbox 227 1761 1017 1798; baseline -0.001 -7"><span class='ocrx_word' id='word_1_279' title='bbox 227 1765 266 1791; x_wconf 81' lang='lat' dir='ltr'><strong>Ac</strong></span> <span class='ocrx_word' id='word_1_280' title='bbox 279 1762 390 1798; x_wconf 79' lang='lat' dir='ltr'><strong>pro&#39;uide</strong></span> <span class='ocrx_word' id='word_1_281' title='bbox 409 1770 459 1790; x_wconf 83' lang='lat' dir='ltr'><strong>nec</strong></span> <span class='ocrx_word' id='word_1_282' title='bbox 478 1769 567 1790; x_wconf 85' lang='lat' dir='ltr'><strong>acrem</strong></span> <span class='ocrx_word' id='word_1_283' title='bbox 582 1769 611 1790; x_wconf 86' lang='lat' dir='ltr'><strong>se</strong></span> <span class='ocrx_word' id='word_1_284' title='bbox 626 1769 658 1789; x_wconf 91' lang='lat' dir='ltr'><strong>ac</strong></span> <span class='ocrx_word' id='word_1_285' title='bbox 671 1761 856 1790; x_wconf 86' lang='lat' dir='ltr'><strong>vehementem</strong></span> <span class='ocrx_word' id='word_1_286' title='bbox 871 1770 918 1797; x_wconf 89' lang='lat' dir='ltr'><strong>per</strong></span> <span class='ocrx_word' id='word_1_287' title='bbox 935 1767 1017 1790; x_wconf 88' lang='lat' dir='ltr'><strong>totam</strong></span> 
     </span>
    </p>
   </div>
   <div class='ocr_carea' id='block_1_37' title="bbox 225 1809 1018 1846">
    <p class='ocr_par' dir='ltr' id='par_1_37' title="bbox 225 1809 1018 1846">
     <span class='ocr_line' id='line_1_37' title="bbox 225 1809 1018 1846; baseline 0 -8"><span class='ocrx_word' id='word_1_288' title='bbox 225 1810 368 1844; x_wconf 74' lang='lat' dir='ltr'><strong>epistolam</strong></span> <span class='ocrx_word' id='word_1_289' title='bbox 384 1809 494 1844; x_wconf 60' lang='lat' dir='ltr'><strong>praebet,</strong></span> <span class='ocrx_word' id='word_1_290' title='bbox 511 1809 559 1836; x_wconf 85' lang='lat' dir='ltr'><strong>sed</strong></span> <span class='ocrx_word' id='word_1_291' title='bbox 575 1809 600 1836; x_wconf 93' lang='lat' dir='ltr'><strong>in</strong></span> <span class='ocrx_word' id='word_1_292' title='bbox 617 1810 708 1844; x_wconf 86' lang='lat' dir='ltr'><strong>paucis</strong></span> <span class='ocrx_word' id='word_1_293' title='bbox 722 1810 860 1837; x_wconf 80' lang='lat' dir='ltr'><strong>dumtaxat</strong></span> <span class='ocrx_word' id='word_1_294' title='bbox 872 1811 922 1838; x_wconf 89' lang='lat' dir='ltr'><strong>sub</strong></span> <span class='ocrx_word' id='word_1_295' title='bbox 935 1811 1018 1846; x_wconf 84' lang='lat' dir='ltr'><strong>ipsius</strong></span> 
     </span>
    </p>
   </div>
   <div class='ocr_carea' id='block_1_38' title="bbox 226 1854 1017 1891">
    <p class='ocr_par' dir='ltr' id='par_1_38' title="bbox 226 1854 1017 1891">
     <span class='ocr_line' id='line_1_38' title="bbox 226 1854 1017 1891; baseline 0.001 -9"><span class='ocrx_word' id='word_1_296' title='bbox 226 1857 306 1882; x_wconf 83' lang='lat' dir='ltr'><strong>tinem</strong></span> <span class='ocrx_word' id='word_1_297' title='bbox 319 1856 446 1890; x_wconf 90' lang='lat' dir='ltr'><strong>partibus.</strong></span> <span class='ocrx_word' id='word_1_298' title='bbox 462 1855 527 1882; x_wconf 87' lang='lat' dir='ltr'><strong>Nam</strong></span> <span class='ocrx_word' id='word_1_299' title='bbox 539 1855 646 1890; x_wconf 83' lang='lat' dir='ltr'><strong>etapud</strong></span> <span class='ocrx_word' id='word_1_300' title='bbox 660 1862 706 1883; x_wconf 85' lang='lat' dir='ltr'><strong>eos</strong></span> <span class='ocrx_word' id='word_1_301' title='bbox 717 1854 800 1883; x_wconf 68' lang='lat' dir='ltr'><strong>Judaei</strong></span> <span class='ocrx_word' id='word_1_302' title='bbox 813 1856 920 1891; x_wconf 88' lang='lat' dir='ltr'><strong>quidam</strong></span> <span class='ocrx_word' id='word_1_303' title='bbox 932 1861 1017 1889; x_wconf 84' lang='lat' dir='ltr'><strong>erant,</strong></span> 
     </span>
    </p>
   </div>
   <div class='ocr_carea' id='block_1_39' title="bbox 227 1902 1020 1938">
    <p class='ocr_par' dir='ltr' id='par_1_39' title="bbox 227 1902 1020 1938">
     <span class='ocr_line' id='line_1_39' title="bbox 227 1902 1020 1938; baseline 0 -8"><span class='ocrx_word' id='word_1_304' title='bbox 227 1904 272 1938; x_wconf 87' lang='lat' dir='ltr'><strong>qui</strong></span> <span class='ocrx_word' id='word_1_305' title='bbox 287 1903 426 1938; x_wconf 83' lang='lat' dir='ltr'><strong>magniﬁce</strong></span> <span class='ocrx_word' id='word_1_306' title='bbox 439 1902 473 1930; x_wconf 89' lang='lat' dir='ltr'><strong>de</strong></span> <span class='ocrx_word' id='word_1_307' title='bbox 483 1910 514 1930; x_wconf 83' lang='lat' dir='ltr'><strong>se</strong></span> <span class='ocrx_word' id='word_1_308' title='bbox 527 1903 668 1936; x_wconf 83' lang='lat' dir='ltr'><strong>sentirent,</strong></span> <span class='ocrx_word' id='word_1_309' title='bbox 683 1910 715 1930; x_wconf 89' lang='lat' dir='ltr'><strong>ac</strong></span> <span class='ocrx_word' id='word_1_310' title='bbox 729 1903 840 1930; x_wconf 82' lang='lat' dir='ltr'><strong>Paulum</strong></span> <span class='ocrx_word' id='word_1_311' title='bbox 855 1908 884 1930; x_wconf 92' lang='lat' dir='ltr'><strong>ut</strong></span> <span class='ocrx_word' id='word_1_312' title='bbox 896 1910 1020 1938; x_wconf 72' lang='lat' dir='ltr'><strong>arrogan-</strong></span> 
     </span>
    </p>
   </div>
   <div class='ocr_carea' id='block_1_40' title="bbox 226 1948 1020 1983">
    <p class='ocr_par' dir='ltr' id='par_1_40' title="bbox 226 1948 1020 1983">
     <span class='ocr_line' id='line_1_40' title="bbox 226 1948 1020 1983; baseline 0.001 -8"><span class='ocrx_word' id='word_1_313' title='bbox 226 1954 281 1975; x_wconf 89' lang='lat' dir='ltr'><strong>tem</strong></span> <span class='ocrx_word' id='word_1_314' title='bbox 296 1949 445 1983; x_wconf 88' lang='lat' dir='ltr'><strong>nulliusque</strong></span> <span class='ocrx_word' id='word_1_315' title='bbox 461 1948 537 1983; x_wconf 88' lang='lat' dir='ltr'><strong>pretii</strong></span> <span class='ocrx_word' id='word_1_316' title='bbox 551 1948 687 1975; x_wconf 91' lang='lat' dir='ltr'><strong>hominem</strong></span> <span class='ocrx_word' id='word_1_317' title='bbox 703 1949 909 1976; x_wconf 88' lang='lat' dir='ltr'><strong>criminarentttr</strong></span> <span class='ocrx_word' id='word_1_318' title='bbox 925 1957 931 1976; x_wconf 93' lang='lat'><strong>:</strong></span> <span class='ocrx_word' id='word_1_319' title='bbox 950 1949 1020 1976; x_wconf 88' lang='lat' dir='ltr'><strong>ideo-</strong></span> 
     </span>
    </p>
   </div>
   <div class='ocr_carea' id='block_1_41' title="bbox 227 1988 1019 2030">
    <p class='ocr_par' dir='ltr' id='par_1_41' title="bbox 227 1988 1019 2030">
     <span class='ocr_line' id='line_1_41' title="bbox 227 1988 1019 2030; baseline -0.001 -8"><span class='ocrx_word' id='word_1_320' title='bbox 227 2003 280 2029; x_wconf 86' lang='lat' dir='ltr'><strong>que</strong></span> <span class='ocrx_word' id='word_1_321' title='bbox 288 1994 422 2027; x_wconf 87' lang='lat' dir='ltr'><strong>dicebant,</strong></span> <span class='ocrx_word' id='word_1_322' title='bbox 436 1994 558 2029; x_wconf 79' lang='lat' dir='ltr'><strong>Epistula:</strong></span> <span class='ocrx_word' id='word_1_323' title='bbox 567 1988 668 2029; x_wconf 83' lang='lat' dir='ltr'><strong>quidem</strong></span> <span class='ocrx_word' id='word_1_324' title='bbox 680 2002 779 2030; x_wconf 75' lang='lat' dir='ltr'><strong>graves,</strong></span> <span class='ocrx_word' id='word_1_325' title='bbox 792 1996 925 2030; x_wconf 74' lang='lat' dir='ltr'><strong>prtereatia</strong></span> <span class='ocrx_word' id='word_1_326' title='bbox 934 2000 1019 2021; x_wconf 85' lang='lat' dir='ltr'><strong>autem</strong></span> 
     </span>
    </p>
   </div>
   <div class='ocr_carea' id='block_1_42' title="bbox 227 2040 1018 2077">
    <p class='ocr_par' dir='ltr' id='par_1_42' title="bbox 227 2040 1018 2077">
     <span class='ocr_line' id='line_1_42' title="bbox 227 2040 1018 2077; baseline 0.003 -10"><span class='ocrx_word' id='word_1_327' title='bbox 227 2041 341 2077; x_wconf 81' lang='lat' dir='ltr'><strong>corporis</strong></span> <span class='ocrx_word' id='word_1_328' title='bbox 351 2041 462 2076; x_wconf 83' lang='lat' dir='ltr'><strong>infirma,</strong></span> <span class='ocrx_word' id='word_1_329' title='bbox 473 2045 496 2067; x_wconf 89' lang='lat' dir='ltr'><strong>et</strong></span> <span class='ocrx_word' id='word_1_330' title='bbox 508 2049 589 2068; x_wconf 86' lang='lat' dir='ltr'><strong>sermo</strong></span> <span class='ocrx_word' id='word_1_331' title='bbox 601 2040 792 2076; x_wconf 78' lang='lat' dir='ltr'><strong>contemptibilis</strong></span> <span class='ocrx_word' id='word_1_332' title='bbox 803 2041 840 2076; x_wconf 72' lang='grc'><strong>(2.</strong></span> <span class='ocrx_word' id='word_1_333' title='bbox 851 2041 1018 2076; x_wconf 84' lang='lat' dir='ltr'><strong>Cor.10.10).</strong></span> 
     </span>
    </p>
   </div>
   <div class='ocr_carea' id='block_1_43' title="bbox 228 2086 1020 2121">
    <p class='ocr_par' dir='ltr' id='par_1_43' title="bbox 228 2086 1020 2121">
     <span class='ocr_line' id='line_1_43' title="bbox 228 2086 1020 2121; baseline 0.003 -8"><span class='ocrx_word' id='word_1_334' title='bbox 228 2087 347 2121; x_wconf 81' lang='lat' dir='ltr'><strong>Quorum</strong></span> <span class='ocrx_word' id='word_1_335' title='bbox 367 2086 509 2113; x_wconf 86' lang='lat' dir='ltr'><strong>verborum</strong></span> <span class='ocrx_word' id='word_1_336' title='bbox 531 2086 588 2113; x_wconf 67' lang='lat' dir='ltr'><strong>harc</strong></span> <span class='ocrx_word' id='word_1_337' title='bbox 609 2091 668 2114; x_wconf 86' lang='lat' dir='ltr'><strong>erat</strong></span> <span class='ocrx_word' id='word_1_338' title='bbox 688 2087 819 2114; x_wconf 86' lang='lat' dir='ltr'><strong>sententia</strong></span> <span class='ocrx_word' id='word_1_339' title='bbox 835 2096 842 2115; x_wconf 89' lang='lat'><strong>:</strong></span> <span class='ocrx_word' id='word_1_340' title='bbox 856 2086 921 2114; x_wconf 90' lang='lat' dir='ltr'><strong>Cum</strong></span> <span class='ocrx_word' id='word_1_341' title='bbox 943 2087 1020 2115; x_wconf 83' lang='lat' dir='ltr'><strong>adest</strong></span> 
     </span>
    </p>
   </div>
   <div class='ocr_carea' id='block_1_44' title="bbox 229 2124 1020 2167">
    <p class='ocr_par' dir='ltr' id='par_1_44' title="bbox 229 2124 1020 2167">
     <span class='ocr_line' id='line_1_44' title="bbox 229 2124 1020 2167; baseline 0.005 -8"><span class='ocrx_word' id='word_1_342' title='bbox 229 2133 285 2166; x_wconf 89' lang='lat' dir='ltr'><strong>ille,</strong></span> <span class='ocrx_word' id='word_1_343' title='bbox 301 2132 400 2160; x_wconf 88' lang='lat' dir='ltr'><strong>nullius</strong></span> <span class='ocrx_word' id='word_1_344' title='bbox 417 2132 495 2167; x_wconf 72' lang='lat' dir='ltr'><strong>pretii</strong></span> <span class='ocrx_word' id='word_1_345' title='bbox 508 2140 568 2159; x_wconf 83' lang='lat' dir='ltr'><strong>esse</strong></span> <span class='ocrx_word' id='word_1_346' title='bbox 580 2132 683 2160; x_wconf 83' lang='lat' dir='ltr'><strong>videtur</strong></span> <span class='ocrx_word' id='word_1_347' title='bbox 694 2124 767 2166; x_wconf 39' lang='lat' dir='ltr'><strong>{hoc</strong></span> <span class='ocrx_word' id='word_1_348' title='bbox 781 2134 852 2161; x_wconf 89' lang='lat' dir='ltr'><strong>enim</strong></span> <span class='ocrx_word' id='word_1_349' title='bbox 867 2134 891 2161; x_wconf 88' lang='lat' dir='ltr'><strong>itt</strong></span> <span class='ocrx_word' id='word_1_350' title='bbox 909 2135 949 2162; x_wconf 90' lang='lat' dir='ltr'><strong>his</strong></span> <span class='ocrx_word' id='word_1_351' title='bbox 960 2143 1020 2163; x_wconf 81' lang='lat' dir='ltr'><strong>ver-</strong></span> 
     </span>
    </p>
   </div>
   <div class='ocr_carea' id='block_1_45' title="bbox 230 2177 1018 2214">
    <p class='ocr_par' dir='ltr' id='par_1_45' title="bbox 230 2177 1018 2214">
     <span class='ocr_line' id='line_1_45' title="bbox 230 2177 1018 2214; baseline 0.003 -8"><span class='ocrx_word' id='word_1_352' title='bbox 230 2179 270 2207; x_wconf 86' lang='lat' dir='ltr'><strong>bis</strong></span> <span class='ocrx_word' id='word_1_353' title='bbox 283 2179 459 2214; x_wconf 78' lang='lat' dir='ltr'><strong>signiﬁeatur,</strong></span> <span class='ocrx_word' id='word_1_354' title='bbox 475 2177 614 2204; x_wconf 70' lang='lat' dir='ltr'><strong>Praesentia</strong></span> <span class='ocrx_word' id='word_1_355' title='bbox 632 2179 745 2213; x_wconf 81' lang='lat' dir='ltr'><strong>corporis</strong></span> <span class='ocrx_word' id='word_1_356' title='bbox 758 2179 859 2212; x_wconf 84' lang='lat' dir='ltr'><strong>inﬁrma</strong></span> <span class='ocrx_word' id='word_1_357' title='bbox 871 2187 880 2207; x_wconf 89' lang='lat'><strong><em>:</em></strong></span> <span class='ocrx_word' id='word_1_358' title='bbox 894 2187 955 2207; x_wconf 89' lang='lat' dir='ltr'><strong>cum</strong></span> <span class='ocrx_word' id='word_1_359' title='bbox 969 2189 1018 2208; x_wconf 86' lang='lat' dir='ltr'><strong>au-</strong></span> 
     </span>
    </p>
   </div>
   <div class='ocr_carea' id='block_1_46' title="bbox 229 2223 1020 2259">
    <p class='ocr_par' dir='ltr' id='par_1_46' title="bbox 229 2223 1020 2259">
     <span class='ocr_line' id='line_1_46' title="bbox 229 2223 1020 2259; baseline 0.003 -7"><span class='ocrx_word' id='word_1_360' title='bbox 229 2230 282 2252; x_wconf 85' lang='lat' dir='ltr'><strong>tem</strong></span> <span class='ocrx_word' id='word_1_361' title='bbox 298 2224 448 2256; x_wconf 87' lang='lat' dir='ltr'><strong>abscessit,</strong></span> <span class='ocrx_word' id='word_1_362' title='bbox 463 2231 511 2258; x_wconf 88' lang='lat' dir='ltr'><strong>per</strong></span> <span class='ocrx_word' id='word_1_363' title='bbox 525 2223 616 2251; x_wconf 81' lang='lat' dir='ltr'><strong>literas</strong></span> <span class='ocrx_word' id='word_1_364' title='bbox 629 2232 791 2259; x_wconf 79' lang='lat' dir='ltr'><strong>magnopere</strong></span> <span class='ocrx_word' id='word_1_365' title='bbox 804 2233 834 2252; x_wconf 89' lang='lat' dir='ltr'><strong>se</strong></span> <span class='ocrx_word' id='word_1_366' title='bbox 846 2225 947 2259; x_wconf 88' lang='lat' dir='ltr'><strong>jactat;</strong></span> <span class='ocrx_word' id='word_1_367' title='bbox 963 2227 1020 2255; x_wconf 74' lang='lat' dir='ltr'><strong>lucc</strong></span> 
     </span>
    </p>
   </div>
   <div class='ocr_carea' id='block_1_47' title="bbox 230 2269 1019 2308">
    <p class='ocr_par' dir='ltr' id='par_1_47' title="bbox 230 2269 1019 2308">
     <span class='ocr_line' id='line_1_47' title="bbox 230 2269 1019 2308; baseline 0.004 -11"><span class='ocrx_word' id='word_1_368' title='bbox 230 2272 302 2298; x_wconf 84' lang='lat' dir='ltr'><strong>cuitu</strong></span> <span class='ocrx_word' id='word_1_369' title='bbox 316 2271 411 2297; x_wconf 90' lang='lat' dir='ltr'><strong>horutn</strong></span> <span class='ocrx_word' id='word_1_370' title='bbox 425 2269 570 2297; x_wconf 89' lang='lat' dir='ltr'><strong>verborum</strong></span> <span class='ocrx_word' id='word_1_371' title='bbox 585 2270 745 2304; x_wconf 78' lang='lat' dir='ltr'><strong>signiﬁcatio</strong></span> <span class='ocrx_word' id='word_1_372' title='bbox 760 2275 810 2303; x_wconf 85' lang='lat' dir='ltr'><strong>est,</strong></span> <span class='ocrx_word' id='word_1_373' title='bbox 827 2271 951 2305; x_wconf 81' lang='lat' dir='ltr'><strong>Epistola:</strong></span> <span class='ocrx_word' id='word_1_374' title='bbox 960 2281 1019 2308; x_wconf 86' lang='lat' dir='ltr'><strong>gra-</strong></span> 
     </span>
    </p>
   </div>
   <div class='ocr_carea' id='block_1_48' title="bbox 227 2315 1020 2353">
    <p class='ocr_par' dir='ltr' id='par_1_48' title="bbox 227 2315 1020 2353">
     <span class='ocr_line' id='line_1_48' title="bbox 227 2315 1020 2353; baseline 0.004 -10"><span class='ocrx_word' id='word_1_375' title='bbox 227 2325 279 2344; x_wconf 74' lang='lat' dir='ltr'><strong>ves.</strong></span> <span class='ocrx_word' id='word_1_376' title='bbox 287 2316 341 2343; x_wconf 83' lang='lat' dir='ltr'><strong>lino</strong></span> <span class='ocrx_word' id='word_1_377' title='bbox 350 2320 378 2343; x_wconf 94' lang='lat' dir='ltr'><strong>ut</strong></span> <span class='ocrx_word' id='word_1_378' title='bbox 389 2316 517 2343; x_wconf 90' lang='lat' dir='ltr'><strong>honorem</strong></span> <span class='ocrx_word' id='word_1_379' title='bbox 530 2315 580 2343; x_wconf 89' lang='lat' dir='ltr'><strong>sibi</strong></span> <span class='ocrx_word' id='word_1_380' title='bbox 592 2316 772 2349; x_wconf 77' lang='lat' dir='ltr'><strong>Conciliarent,</strong></span> <span class='ocrx_word' id='word_1_381' title='bbox 785 2323 814 2344; x_wconf 84' lang='lat' dir='ltr'><strong>se</strong></span> <span class='ocrx_word' id='word_1_382' title='bbox 824 2317 888 2345; x_wconf 90' lang='lat' dir='ltr'><strong>nihil</strong></span> <span class='ocrx_word' id='word_1_383' title='bbox 899 2319 1020 2353; x_wconf 86' lang='lat' dir='ltr'><strong>accipere</strong></span> 
     </span>
    </p>
   </div>
   <div class='ocr_carea' id='block_1_49' title="bbox 228 2361 1018 2396">
    <p class='ocr_par' dir='ltr' id='par_1_49' title="bbox 228 2361 1018 2396">
     <span class='ocr_line' id='line_1_49' title="bbox 228 2361 1018 2396; baseline 0.005 -8"><span class='ocrx_word' id='word_1_384' title='bbox 228 2362 400 2389; x_wconf 80' lang='lat' dir='ltr'><strong>simulabant.</strong></span> <span class='ocrx_word' id='word_1_385' title='bbox 420 2361 496 2395; x_wconf 86' lang='lat' dir='ltr'><strong>Quod</strong></span> <span class='ocrx_word' id='word_1_386' title='bbox 511 2362 592 2388; x_wconf 86' lang='lat' dir='ltr'><strong>etiam</strong></span> <span class='ocrx_word' id='word_1_387' title='bbox 608 2362 692 2396; x_wconf 90' lang='lat' dir='ltr'><strong>ipsum</strong></span> <span class='ocrx_word' id='word_1_388' title='bbox 708 2362 844 2396; x_wconf 83' lang='lat' dir='ltr'><strong>innucbut,</strong></span> <span class='ocrx_word' id='word_1_389' title='bbox 864 2371 925 2390; x_wconf 87' lang='lat' dir='ltr'><strong>cum</strong></span> <span class='ocrx_word' id='word_1_390' title='bbox 944 2363 1018 2392; x_wconf 81' lang='lat' dir='ltr'><strong>dice-</strong></span> 
     </span>
    </p>
   </div>
   <div class='ocr_carea' id='block_1_50' title="bbox 228 2407 1020 2443">
    <p class='ocr_par' dir='ltr' id='par_1_50' title="bbox 228 2407 1020 2443">
     <span class='ocr_line' id='line_1_50' title="bbox 228 2407 1020 2443; baseline 0.003 -8"><span class='ocrx_word' id='word_1_391' title='bbox 228 2412 269 2435; x_wconf 82' lang='lat' dir='ltr'><strong>ret</strong></span> <span class='ocrx_word' id='word_1_392' title='bbox 285 2417 292 2434; x_wconf 90' lang='lat'>:</span> <span class='ocrx_word' id='word_1_393' title='bbox 310 2407 343 2435; x_wconf 90' lang='lat' dir='ltr'><strong>Ut</strong></span> <span class='ocrx_word' id='word_1_394' title='bbox 361 2408 389 2434; x_wconf 89' lang='lat' dir='ltr'><strong>in</strong></span> <span class='ocrx_word' id='word_1_395' title='bbox 410 2415 460 2442; x_wconf 78' lang='lat' dir='ltr'><strong>quo</strong></span> <span class='ocrx_word' id='word_1_396' title='bbox 479 2407 637 2443; x_wconf 83' lang='lat' dir='ltr'><strong>gloriantur,</strong></span> <span class='ocrx_word' id='word_1_397' title='bbox 660 2408 822 2435; x_wconf 79' lang='lat' dir='ltr'><strong>inveniantur</strong></span> <span class='ocrx_word' id='word_1_398' title='bbox 844 2410 908 2436; x_wconf 83' lang='lat' dir='ltr'><strong>sicut</strong></span> <span class='ocrx_word' id='word_1_399' title='bbox 931 2415 955 2437; x_wconf 89' lang='lat' dir='ltr'><strong>et</strong></span> <span class='ocrx_word' id='word_1_400' title='bbox 974 2418 1020 2437; x_wconf 88' lang='lat' dir='ltr'><strong>nos</strong></span> 
     </span>
    </p>
   </div>
   <div class='ocr_carea' id='block_1_51' title="bbox 230 2454 1020 2490">
    <p class='ocr_par' dir='ltr' id='par_1_51' title="bbox 230 2454 1020 2490">
     <span class='ocr_line' id='line_1_51' title="bbox 230 2454 1020 2490; baseline 0.003 -8"><span class='ocrx_word' id='word_1_401' title='bbox 230 2455 270 2490; x_wconf 81' lang='lat'><strong>(‘2.</strong></span> <span class='ocrx_word' id='word_1_402' title='bbox 285 2454 344 2482; x_wconf 80' lang='lat' dir='ltr'><strong>Cor.</strong></span> <span class='ocrx_word' id='word_1_403' title='bbox 361 2455 405 2481; x_wconf 93' lang='lat'><strong>11.</strong></span> <span class='ocrx_word' id='word_1_404' title='bbox 423 2454 478 2489; x_wconf 77' lang='grc'><strong>12).</strong></span> <span class='ocrx_word' id='word_1_405' title='bbox 499 2455 538 2481; x_wconf 81' lang='lat' dir='ltr'><strong>Ac</strong></span> <span class='ocrx_word' id='word_1_406' title='bbox 558 2459 699 2489; x_wconf 76' lang='lat' dir='ltr'><strong>pra~terea,</strong></span> <span class='ocrx_word' id='word_1_407' title='bbox 721 2455 847 2490; x_wconf 91' lang='lat' dir='ltr'><strong>quoniam</strong></span> <span class='ocrx_word' id='word_1_408' title='bbox 863 2456 967 2484; x_wconf 90' lang='lat' dir='ltr'><strong>dicendi</strong></span> <span class='ocrx_word' id='word_1_409' title='bbox 981 2456 1020 2484; x_wconf 90' lang='lat' dir='ltr'><strong>fa-</strong></span> 
     </span>
    </p>
   </div>
   <div class='ocr_carea' id='block_1_52' title="bbox 229 2501 1018 2537">
    <p class='ocr_par' dir='ltr' id='par_1_52' title="bbox 229 2501 1018 2537">
     <span class='ocr_line' id='line_1_52' title="bbox 229 2501 1018 2537; baseline 0.001 -8"><span class='ocrx_word' id='word_1_410' title='bbox 229 2502 329 2530; x_wconf 89' lang='lat' dir='ltr'><strong>cultate</strong></span> <span class='ocrx_word' id='word_1_411' title='bbox 344 2501 479 2536; x_wconf 91' lang='lat' dir='ltr'><strong>pollebant</strong></span> <span class='ocrx_word' id='word_1_412' title='bbox 493 2501 545 2533; x_wconf 91' lang='lat' dir='ltr'><strong>ibi,</strong></span> <span class='ocrx_word' id='word_1_413' title='bbox 559 2509 592 2528; x_wconf 89' lang='lat' dir='ltr'><strong>eo</strong></span> <span class='ocrx_word' id='word_1_414' title='bbox 607 2501 716 2529; x_wconf 87' lang='lat' dir='ltr'><strong>nomine</strong></span> <span class='ocrx_word' id='word_1_415' title='bbox 728 2502 833 2529; x_wconf 88' lang='lat' dir='ltr'><strong>animos</strong></span> <span class='ocrx_word' id='word_1_416' title='bbox 844 2503 972 2537; x_wconf 87' lang='lat' dir='ltr'><strong>majorem</strong></span> <span class='ocrx_word' id='word_1_417' title='bbox 992 2503 1018 2531; x_wconf 94' lang='lat' dir='ltr'><strong>in</strong></span> 
     </span>
    </p>
   </div>
   <div class='ocr_carea' id='block_1_53' title="bbox 232 2548 1020 2585">
    <p class='ocr_par' dir='ltr' id='par_1_53' title="bbox 232 2548 1020 2585">
     <span class='ocr_line' id='line_1_53' title="bbox 232 2548 1020 2585; baseline 0.001 -9"><span class='ocrx_word' id='word_1_418' title='bbox 232 2549 339 2576; x_wconf 89' lang='lat' dir='ltr'><strong>nmdnm</strong></span> <span class='ocrx_word' id='word_1_419' title='bbox 354 2549 524 2576; x_wconf 86' lang='lat' dir='ltr'><strong>attollebant.</strong></span> <span class='ocrx_word' id='word_1_420' title='bbox 536 2548 638 2576; x_wconf 85' lang='lat' dir='ltr'><strong>idcirco</strong></span> <span class='ocrx_word' id='word_1_421' title='bbox 653 2548 710 2583; x_wconf 89' lang='lat' dir='ltr'><strong>ipse</strong></span> <span class='ocrx_word' id='word_1_422' title='bbox 729 2556 789 2576; x_wconf 86' lang='lat' dir='ltr'><strong>sese</strong></span> <span class='ocrx_word' id='word_1_423' title='bbox 803 2549 954 2583; x_wconf 86' lang='lat' dir='ltr'><strong>imperitum</strong></span> <span class='ocrx_word' id='word_1_424' title='bbox 972 2558 1020 2585; x_wconf 88' lang='lat' dir='ltr'><strong>ap-</strong></span> 
     </span>
    </p>
   </div>
   <div class='ocr_carea' id='block_1_54' title="bbox 229 2594 1019 2630">
    <p class='ocr_par' dir='ltr' id='par_1_54' title="bbox 229 2594 1019 2630">
     <span class='ocr_line' id='line_1_54' title="bbox 229 2594 1019 2630; baseline 0.004 -9"><span class='ocrx_word' id='word_1_425' title='bbox 229 2595 329 2630; x_wconf 86' lang='lat' dir='ltr'><strong>pellat,</strong></span> <span class='ocrx_word' id='word_1_426' title='bbox 345 2599 373 2621; x_wconf 88' lang='lat' dir='ltr'><strong>ttt</strong></span> <span class='ocrx_word' id='word_1_427' title='bbox 386 2595 510 2622; x_wconf 80' lang='lat' dir='ltr'><strong>ostendat</strong></span> <span class='ocrx_word' id='word_1_428' title='bbox 527 2594 551 2622; x_wconf 89' lang='lat' dir='ltr'><strong>id</strong></span> <span class='ocrx_word' id='word_1_429' title='bbox 565 2595 615 2622; x_wconf 88' lang='lat' dir='ltr'><strong>sibi</strong></span> <span class='ocrx_word' id='word_1_430' title='bbox 630 2594 740 2622; x_wconf 89' lang='lat' dir='ltr'><strong>minime</strong></span> <span class='ocrx_word' id='word_1_431' title='bbox 760 2595 855 2630; x_wconf 89' lang='lat' dir='ltr'><strong>pudori</strong></span> <span class='ocrx_word' id='word_1_432' title='bbox 874 2603 935 2623; x_wconf 88' lang='lat' dir='ltr'><strong>esse</strong></span> <span class='ocrx_word' id='word_1_433' title='bbox 946 2616 954 2629; x_wconf 92' lang='lat'><strong>,</strong></span> <span class='ocrx_word' id='word_1_434' title='bbox 968 2604 1019 2624; x_wconf 82' lang='lat' dir='ltr'><strong>nec</strong></span> 
     </span>
    </p>
   </div>
   <div class='ocr_carea' id='block_1_55' title="bbox 229 2640 1020 2675">
    <p class='ocr_par' dir='ltr' id='par_1_55' title="bbox 229 2640 1020 2675">
     <span class='ocr_line' id='line_1_55' title="bbox 229 2640 1020 2675; baseline 0 -6"><span class='ocrx_word' id='word_1_435' title='bbox 229 2649 285 2669; x_wconf 87' lang='lat' dir='ltr'><strong>rem</strong></span> <span class='ocrx_word' id='word_1_436' title='bbox 302 2640 390 2675; x_wconf 87' lang='lat' dir='ltr'><strong>magni</strong></span> <span class='ocrx_word' id='word_1_437' title='bbox 411 2648 471 2668; x_wconf 85' lang='lat' dir='ltr'><strong>esse</strong></span> <span class='ocrx_word' id='word_1_438' title='bbox 491 2640 587 2675; x_wconf 88' lang='lat' dir='ltr'><strong>pretii;</strong></span> <span class='ocrx_word' id='word_1_439' title='bbox 605 2640 658 2667; x_wconf 90' lang='lat' dir='ltr'><strong>itno</strong></span> <span class='ocrx_word' id='word_1_440' title='bbox 671 2640 769 2668; x_wconf 91' lang='lat' dir='ltr'><strong>nullius</strong></span> <span class='ocrx_word' id='word_1_441' title='bbox 790 2640 928 2668; x_wconf 87' lang='lat' dir='ltr'><strong>momenti.</strong></span> <span class='ocrx_word' id='word_1_442' title='bbox 948 2642 1020 2675; x_wconf 90' lang='lat' dir='ltr'><strong>Quo-</strong></span> 
     </span>
    </p>
   </div>
   <div class='ocr_carea' id='block_1_56' title="bbox 229 2685 1019 2721">
    <p class='ocr_par' dir='ltr' id='par_1_56' title="bbox 229 2685 1019 2721">
     <span class='ocr_line' id='line_1_56' title="bbox 229 2685 1019 2721; baseline 0.001 -8"><span class='ocrx_word' id='word_1_443' title='bbox 229 2686 299 2713; x_wconf 91' lang='lat' dir='ltr'><strong>niam</strong></span> <span class='ocrx_word' id='word_1_444' title='bbox 320 2686 398 2721; x_wconf 77' lang='lat' dir='ltr'><strong>igitur</strong></span> <span class='ocrx_word' id='word_1_445' title='bbox 412 2686 556 2714; x_wconf 86' lang='lat' dir='ltr'><strong>verisimile</strong></span> <span class='ocrx_word' id='word_1_446' title='bbox 571 2690 628 2713; x_wconf 90' lang='lat' dir='ltr'><strong>crat</strong></span> <span class='ocrx_word' id='word_1_447' title='bbox 643 2685 771 2720; x_wconf 87' lang='lat' dir='ltr'><strong>quosdam</strong></span> <span class='ocrx_word' id='word_1_448' title='bbox 791 2694 884 2714; x_wconf 91' lang='lat' dir='ltr'><strong>eorum</strong></span> <span class='ocrx_word' id='word_1_449' title='bbox 898 2687 1019 2715; x_wconf 84' lang='lat' dir='ltr'><strong>oratione</strong></span> 
     </span>
    </p>
   </div>
   <div class='ocr_carea' id='block_1_57' title="bbox 231 2731 1018 2768">
    <p class='ocr_par' dir='ltr' id='par_1_57' title="bbox 231 2731 1018 2768">
     <span class='ocr_line' id='line_1_57' title="bbox 231 2731 1018 2768; baseline 0.003 -9"><span class='ocrx_word' id='word_1_450' title='bbox 231 2740 246 2760; x_wconf 86' lang='lat' dir='ltr'><strong>a</strong></span> <span class='ocrx_word' id='word_1_451' title='bbox 260 2736 331 2759; x_wconf 85' lang='lat' dir='ltr'><strong>recta</strong></span> <span class='ocrx_word' id='word_1_452' title='bbox 345 2732 478 2759; x_wconf 81' lang='lat' dir='ltr'><strong>sententia</strong></span> <span class='ocrx_word' id='word_1_453' title='bbox 493 2731 586 2758; x_wconf 85' lang='lat' dir='ltr'><strong>deduci</strong></span> <span class='ocrx_word' id='word_1_454' title='bbox 598 2752 606 2763; x_wconf 91' lang='lat'><strong>,</strong></span> <span class='ocrx_word' id='word_1_455' title='bbox 623 2731 722 2758; x_wconf 88' lang='lat' dir='ltr'><strong>idcirco</strong></span> <span class='ocrx_word' id='word_1_456' title='bbox 733 2740 793 2759; x_wconf 91' lang='lat' dir='ltr'><strong>cum</strong></span> <span class='ocrx_word' id='word_1_457' title='bbox 810 2732 883 2767; x_wconf 85' lang='lat' dir='ltr'><strong>prius</strong></span> <span class='ocrx_word' id='word_1_458' title='bbox 897 2733 968 2768; x_wconf 88' lang='lat' dir='ltr'><strong>ipsos</strong></span> <span class='ocrx_word' id='word_1_459' title='bbox 984 2734 1018 2761; x_wconf 90' lang='lat' dir='ltr'><strong>ob</strong></span> 
     </span>
    </p>
   </div>
   <div class='ocr_carea' id='block_1_58' title="bbox 229 2777 1019 2813">
    <p class='ocr_par' dir='ltr' id='par_1_58' title="bbox 229 2777 1019 2813">
     <span class='ocr_line' id='line_1_58' title="bbox 229 2777 1019 2813; baseline 0 -7"><span class='ocrx_word' id='word_1_460' title='bbox 229 2778 267 2811; x_wconf 85' lang='lat' dir='ltr'><strong>id,</strong></span> <span class='ocrx_word' id='word_1_461' title='bbox 283 2777 354 2813; x_wconf 81' lang='lat' dir='ltr'><strong>quod</strong></span> <span class='ocrx_word' id='word_1_462' title='bbox 366 2782 438 2805; x_wconf 87' lang='lat' dir='ltr'><strong>recte</strong></span> <span class='ocrx_word' id='word_1_463' title='bbox 458 2777 592 2810; x_wconf 81' lang='lat' dir='ltr'><strong>fecerant,</strong></span> <span class='ocrx_word' id='word_1_464' title='bbox 611 2777 731 2805; x_wconf 89' lang='lat' dir='ltr'><strong>laudibus</strong></span> <span class='ocrx_word' id='word_1_465' title='bbox 744 2778 901 2811; x_wconf 80' lang='lat' dir='ltr'><strong>extulisset;</strong></span> <span class='ocrx_word' id='word_1_466' title='bbox 917 2786 948 2806; x_wconf 87' lang='lat' dir='ltr'><strong>ac</strong></span> <span class='ocrx_word' id='word_1_467' title='bbox 960 2787 1019 2806; x_wconf 90' lang='lat' dir='ltr'><strong>rur-</strong></span> 
     </span>
    </p>
   </div>
   <div class='ocr_carea' id='block_1_59' title="bbox 229 2824 1016 2860">
    <p class='ocr_par' dir='ltr' id='par_1_59' title="bbox 229 2824 1016 2860">
     <span class='ocr_line' id='line_1_59' title="bbox 229 2824 1016 2860; baseline 0 -7"><span class='ocrx_word' id='word_1_468' title='bbox 229 2832 275 2854; x_wconf 80' lang='lat' dir='ltr'><strong>sus</strong></span> <span class='ocrx_word' id='word_1_469' title='bbox 296 2825 401 2853; x_wconf 89' lang='lat' dir='ltr'><strong>illorum</strong></span> <span class='ocrx_word' id='word_1_470' title='bbox 425 2824 604 2860; x_wconf 75' lang='lat' dir='ltr'><strong>arrogantiam</strong></span> <span class='ocrx_word' id='word_1_471' title='bbox 628 2825 662 2852; x_wconf 88' lang='lat' dir='ltr'><strong>ob</strong></span> <span class='ocrx_word' id='word_1_472' title='bbox 685 2824 809 2852; x_wconf 84' lang='lat' dir='ltr'><strong>Judaicas</strong></span> <span class='ocrx_word' id='word_1_473' title='bbox 831 2825 1016 2857; x_wconf 86' lang='lat' dir='ltr'><strong>ceremonias.</strong></span> 
     </span>
    </p>
   </div>
   <div class='ocr_carea' id='block_1_60' title="bbox 227 2869 1018 2905">
    <p class='ocr_par' dir='ltr' id='par_1_60' title="bbox 227 2869 1018 2905">
     <span class='ocr_line' id='line_1_60' title="bbox 227 2869 1018 2905; baseline 0.004 -9"><span class='ocrx_word' id='word_1_474' title='bbox 227 2878 294 2905; x_wconf 87' lang='lat' dir='ltr'><strong>quas</strong></span> <span class='ocrx_word' id='word_1_475' title='bbox 312 2870 495 2905; x_wconf 79' lang='lat' dir='ltr'><strong>intempestive</strong></span> <span class='ocrx_word' id='word_1_476' title='bbox 507 2869 562 2905; x_wconf 84' lang='lat' dir='ltr'><strong>jam</strong></span> <span class='ocrx_word' id='word_1_477' title='bbox 579 2870 723 2898; x_wconf 84' lang='lat' dir='ltr'><strong>observare</strong></span> <span class='ocrx_word' id='word_1_478' title='bbox 737 2870 890 2904; x_wconf 82' lang='lat' dir='ltr'><strong>studebant,</strong></span> <span class='ocrx_word' id='word_1_479' title='bbox 904 2871 1018 2899; x_wconf 86' lang='lat' dir='ltr'><strong>retudis-</strong></span> 
     </span>
    </p>
   </div>
   <div class='ocr_carea' id='block_1_61' title="bbox 604 140 1498 172">
    <p class='ocr_par' dir='ltr' id='par_1_61' title="bbox 604 140 1498 172">
     <span class='ocr_line' id='line_1_61' title="bbox 604 140 1498 172; baseline -0.004 0"><span class='ocrx_word' id='word_1_480' title='bbox 604 144 632 172; x_wconf 78' lang='grc' dir='ltr'><strong>Β.</strong></span> <span class='ocrx_word' id='word_1_481' title='bbox 651 143 789 172; x_wconf 76' lang='lat' dir='ltr'><strong>JOANNIS</strong></span> <span class='ocrx_word' id='word_1_482' title='bbox 807 140 1042 170; x_wconf 67' lang='lat' dir='ltr'><strong>CHRYSOSTO)“</strong></span> <span class='ocrx_word' id='word_1_483' title='bbox 1066 141 1219 169; x_wconf 70' lang='lat' dir='ltr'><strong>ARCHIEP.</strong></span> <span class='ocrx_word' id='word_1_484' title='bbox 1232 141 1498 169; x_wconf 70' lang='lat' dir='ltr'><strong>CONSTANTZNOP.</strong></span> 
     </span>
    </p>
   </div>
   <div class='ocr_carea' id='block_1_62' title="bbox 1817 144 1872 172">
    <p class='ocr_par' dir='ltr' id='par_1_62' title="bbox 1817 144 1872 172">
     <span class='ocr_line' id='line_1_62' title="bbox 1817 144 1872 172; baseline 0 0"><span class='ocrx_word' id='word_1_485' title='bbox 1817 144 1872 172; x_wconf 63' lang='lat'><strong>384</strong></span> 
     </span>
    </p>
   </div>
   <div class='ocr_carea' id='block_1_63' title="bbox 1078 198 1869 236">
    <p class='ocr_par' dir='ltr' id='par_1_63' title="bbox 1078 198 1869 236">
     <span class='ocr_line' id='line_1_63' title="bbox 1078 198 1869 236; baseline 0.005 -11"><span class='ocrx_word' id='word_1_486' title='bbox 1078 203 1120 226; x_wconf 86' lang='lat' dir='ltr'><strong>set</strong></span> <span class='ocrx_word' id='word_1_487' title='bbox 1134 208 1141 226; x_wconf 91' lang='lat'><strong>:</strong></span> <span class='ocrx_word' id='word_1_488' title='bbox 1157 203 1211 226; x_wconf 89' lang='lat' dir='ltr'><strong>tum</strong></span> <span class='ocrx_word' id='word_1_489' title='bbox 1227 198 1342 233; x_wconf 76' lang='lat' dir='ltr'><strong>denique</strong></span> <span class='ocrx_word' id='word_1_490' title='bbox 1358 199 1409 226; x_wconf 90' lang='lat' dir='ltr'><strong>hoc</strong></span> <span class='ocrx_word' id='word_1_491' title='bbox 1421 206 1469 226; x_wconf 87' lang='lat' dir='ltr'><strong>eos</strong></span> <span class='ocrx_word' id='word_1_492' title='bbox 1483 199 1591 226; x_wconf 85' lang='lat' dir='ltr'><strong>nomine</strong></span> <span class='ocrx_word' id='word_1_493' title='bbox 1603 199 1723 227; x_wconf 79' lang='lat' dir='ltr'><strong>nonnihil</strong></span> <span class='ocrx_word' id='word_1_494' title='bbox 1733 201 1869 236; x_wconf 72' lang='lat' dir='ltr'><strong>obiurgat.</strong></span> 
     </span>
    </p>
   </div>
   <div class='ocr_carea' id='block_1_64' title="bbox 1075 244 1869 280">
    <p class='ocr_par' dir='ltr' id='par_1_64' title="bbox 1075 244 1869 280">
     <span class='ocr_line' id='line_1_64' title="bbox 1075 244 1869 280; baseline 0.003 -9"><span class='ocrx_word' id='word_1_495' title='bbox 1075 245 1165 280; x_wconf 79' lang='lat' dir='ltr'><strong>Atque</strong></span> <span class='ocrx_word' id='word_1_496' title='bbox 1177 244 1340 280; x_wconf 85' lang='lat' dir='ltr'><strong>hnjusmodi,</strong></span> <span class='ocrx_word' id='word_1_497' title='bbox 1351 250 1377 271; x_wconf 92' lang='lat' dir='ltr'><strong>ut</strong></span> <span class='ocrx_word' id='word_1_498' title='bbox 1388 245 1539 272; x_wconf 84' lang='lat' dir='ltr'><strong>summatim</strong></span> <span class='ocrx_word' id='word_1_499' title='bbox 1551 253 1582 272; x_wconf 85' lang='lat' dir='ltr'><strong>ac</strong></span> <span class='ocrx_word' id='word_1_500' title='bbox 1592 245 1664 273; x_wconf 86' lang='lat' dir='ltr'><strong>velut</strong></span> <span class='ocrx_word' id='word_1_501' title='bbox 1673 246 1759 274; x_wconf 84' lang='lat' dir='ltr'><strong>obiter</strong></span> <span class='ocrx_word' id='word_1_502' title='bbox 1768 247 1869 279; x_wconf 83' lang='lat' dir='ltr'><strong>dtram,</strong></span> 
     </span>
    </p>
   </div>
   <div class='ocr_carea' id='block_1_65' title="bbox 1076 290 1870 328">
    <p class='ocr_par' dir='ltr' id='par_1_65' title="bbox 1076 290 1870 328">
     <span class='ocr_line' id='line_1_65' title="bbox 1076 290 1870 328; baseline 0.005 -11"><span class='ocrx_word' id='word_1_503' title='bbox 1076 290 1198 325; x_wconf 72' lang='lat' dir='ltr'><strong>cpistola:</strong></span> <span class='ocrx_word' id='word_1_504' title='bbox 1221 296 1408 326; x_wconf 74' lang='lat' dir='ltr'><strong>argumentum</strong></span> <span class='ocrx_word' id='word_1_505' title='bbox 1432 291 1497 318; x_wconf 89' lang='lat' dir='ltr'><strong>mihi</strong></span> <span class='ocrx_word' id='word_1_506' title='bbox 1521 299 1582 320; x_wconf 85' lang='lat' dir='ltr'><strong>esse</strong></span> <span class='ocrx_word' id='word_1_507' title='bbox 1606 292 1720 320; x_wconf 84' lang='lat' dir='ltr'><strong>videtur.</strong></span> <span class='ocrx_word' id='word_1_508' title='bbox 1742 292 1870 328; x_wconf 83' lang='lat' dir='ltr'><strong>Sequitur</strong></span> 
     </span>
    </p>
   </div>
   <div class='ocr_carea' id='block_1_66' title="bbox 1073 335 1871 374">
    <p class='ocr_par' dir='ltr' id='par_1_66' title="bbox 1073 335 1871 374">
     <span class='ocr_line' id='line_1_66' title="bbox 1073 335 1871 374; baseline 0.005 -12"><span class='ocrx_word' id='word_1_509' title='bbox 1073 335 1128 370; x_wconf 81' lang='lat' dir='ltr'><strong>jam</strong></span> <span class='ocrx_word' id='word_1_510' title='bbox 1145 341 1173 362; x_wconf 92' lang='lat' dir='ltr'><strong>ut</strong></span> <span class='ocrx_word' id='word_1_511' title='bbox 1183 336 1304 370; x_wconf 69' lang='lat' dir='ltr'><strong>epistolae</strong></span> <span class='ocrx_word' id='word_1_512' title='bbox 1319 337 1423 364; x_wconf 88' lang='lat' dir='ltr'><strong>initiuttt</strong></span> <span class='ocrx_word' id='word_1_513' title='bbox 1438 337 1609 372; x_wconf 80' lang='lat' dir='ltr'><strong>attingamus,</strong></span> <span class='ocrx_word' id='word_1_514' title='bbox 1625 337 1809 374; x_wconf 86' lang='lat' dir='ltr'><strong>dicamusque,</strong></span> <span class='ocrx_word' id='word_1_515' title='bbox 1820 345 1871 366; x_wconf 87' lang='lat' dir='ltr'><strong>cur</strong></span> 
     </span>
    </p>
   </div>
   <div class='ocr_carea' id='block_1_67' title="bbox 1076 383 1866 418">
    <p class='ocr_par' dir='ltr' id='par_1_67' title="bbox 1076 383 1866 418">
     <span class='ocr_line' id='line_1_67' title="bbox 1076 383 1866 418; baseline 0.004 -9"><span class='ocrx_word' id='word_1_516' title='bbox 1076 387 1135 418; x_wconf 88' lang='lat' dir='ltr'><strong>post</strong></span> <span class='ocrx_word' id='word_1_517' title='bbox 1150 383 1359 416; x_wconf 84' lang='lat' dir='ltr'><strong>salutationem,</strong></span> <span class='ocrx_word' id='word_1_518' title='bbox 1375 391 1455 418; x_wconf 88' lang='lat' dir='ltr'><strong>qttam</strong></span> <span class='ocrx_word' id='word_1_519' title='bbox 1471 391 1520 418; x_wconf 91' lang='lat' dir='ltr'><strong>pro</strong></span> <span class='ocrx_word' id='word_1_520' title='bbox 1543 392 1592 411; x_wconf 85' lang='lat' dir='ltr'><strong>suo</strong></span> <span class='ocrx_word' id='word_1_521' title='bbox 1614 392 1690 412; x_wconf 90' lang='lat' dir='ltr'><strong>more</strong></span> <span class='ocrx_word' id='word_1_522' title='bbox 1712 385 1866 418; x_wconf 84' lang='lat' dir='ltr'><strong>adhibebat,</strong></span> 
     </span>
    </p>
   </div>
   <div class='ocr_carea' id='block_1_68' title="bbox 1075 429 1868 458">
    <p class='ocr_par' dir='ltr' id='par_1_68' title="bbox 1075 429 1868 458">
     <span class='ocr_line' id='line_1_68' title="bbox 1075 429 1868 458; baseline 0.003 -2"><span class='ocrx_word' id='word_1_523' title='bbox 1075 430 1114 456; x_wconf 83' lang='lat' dir='ltr'><strong>sic</strong></span> <span class='ocrx_word' id='word_1_524' title='bbox 1138 437 1153 455; x_wconf 92' lang='lat' dir='ltr'><strong>a</strong></span> <span class='ocrx_word' id='word_1_525' title='bbox 1177 429 1223 456; x_wconf 85' lang='lat' dir='ltr'><strong>Dei</strong></span> <span class='ocrx_word' id='word_1_526' title='bbox 1247 429 1462 456; x_wconf 82' lang='lat' dir='ltr'><strong>miserationibus</strong></span> <span class='ocrx_word' id='word_1_527' title='bbox 1487 436 1600 457; x_wconf 80' lang='lat' dir='ltr'><strong>exorsus</strong></span> <span class='ocrx_word' id='word_1_528' title='bbox 1621 430 1665 457; x_wconf 85' lang='lat' dir='ltr'><strong>sit.</strong></span> <span class='ocrx_word' id='word_1_529' title='bbox 1687 430 1763 457; x_wconf 86' lang='lat' dir='ltr'><strong>Prius</strong></span> <span class='ocrx_word' id='word_1_530' title='bbox 1778 435 1868 458; x_wconf 82' lang='lat' dir='ltr'><strong>tamen</strong></span> 
     </span>
    </p>
   </div>
   <div class='ocr_carea' id='block_1_69' title="bbox 1076 474 1866 511">
    <p class='ocr_par' dir='ltr' id='par_1_69' title="bbox 1076 474 1866 511">
     <span class='ocr_line' id='line_1_69' title="bbox 1076 474 1866 511; baseline 0.004 -10"><span class='ocrx_word' id='word_1_531' title='bbox 1076 474 1235 510; x_wconf 89' lang='lat' dir='ltr'><strong>principium</strong></span> <span class='ocrx_word' id='word_1_532' title='bbox 1250 475 1336 509; x_wconf 77' lang='lat' dir='ltr'><strong>ipsum</strong></span> <span class='ocrx_word' id='word_1_533' title='bbox 1357 474 1493 509; x_wconf 81' lang='lat' dir='ltr'><strong>explicare</strong></span> <span class='ocrx_word' id='word_1_534' title='bbox 1511 483 1580 510; x_wconf 88' lang='lat' dir='ltr'><strong>opus</strong></span> <span class='ocrx_word' id='word_1_535' title='bbox 1593 480 1655 508; x_wconf 86' lang='lat' dir='ltr'><strong>est,</strong></span> <span class='ocrx_word' id='word_1_536' title='bbox 1670 483 1702 503; x_wconf 91' lang='lat' dir='ltr'><strong>ac</strong></span> <span class='ocrx_word' id='word_1_537' title='bbox 1723 484 1846 511; x_wconf 59' lang='lat' dir='ltr'><strong>quaerere</strong></span> <span class='ocrx_word' id='word_1_538' title='bbox 1857 497 1866 509; x_wconf 88' lang='lat'><strong>,</strong></span> 
     </span>
    </p>
   </div>
   <div class='ocr_carea' id='block_1_70' title="bbox 1075 519 1869 556">
    <p class='ocr_par' dir='ltr' id='par_1_70' title="bbox 1075 519 1869 556">
     <span class='ocr_line' id='line_1_70' title="bbox 1075 519 1869 556; baseline 0.004 -10"><span class='ocrx_word' id='word_1_539' title='bbox 1075 527 1158 555; x_wconf 89' lang='lat' dir='ltr'><strong>quare</strong></span> <span class='ocrx_word' id='word_1_540' title='bbox 1179 519 1350 548; x_wconf 87' lang='lat' dir='ltr'><strong>Timotheum</strong></span> <span class='ocrx_word' id='word_1_541' title='bbox 1373 520 1423 547; x_wconf 92' lang='lat' dir='ltr'><strong>hoc</strong></span> <span class='ocrx_word' id='word_1_542' title='bbox 1449 520 1509 548; x_wconf 84' lang='lat' dir='ltr'><strong>loco</strong></span> <span class='ocrx_word' id='word_1_543' title='bbox 1530 521 1579 548; x_wconf 87' lang='lat' dir='ltr'><strong>sihi</strong></span> <span class='ocrx_word' id='word_1_544' title='bbox 1604 521 1745 556; x_wconf 90' lang='lat' dir='ltr'><strong>copularit.</strong></span> <span class='ocrx_word' id='word_1_545' title='bbox 1767 521 1869 549; x_wconf 83' lang='lat' dir='ltr'><strong>Paulus</strong></span> 
     </span>
    </p>
   </div>
   <div class='ocr_carea' id='block_1_71' title="bbox 1075 565 1868 602">
    <p class='ocr_par' dir='ltr' id='par_1_71' title="bbox 1075 565 1868 602">
     <span class='ocr_line' id='line_1_71' title="bbox 1075 565 1868 602; baseline 0.003 -9"><span class='ocrx_word' id='word_1_546' title='bbox 1075 567 1158 599; x_wconf 91' lang='lat' dir='ltr'><strong>enim,</strong></span> <span class='ocrx_word' id='word_1_547' title='bbox 1181 567 1281 602; x_wconf 91' lang='lat' dir='ltr'><strong>inquit,</strong></span> <span class='ocrx_word' id='word_1_548' title='bbox 1297 567 1427 602; x_wconf 72' lang='lat' dir='ltr'><strong>apostolus</strong></span> <span class='ocrx_word' id='word_1_549' title='bbox 1446 565 1509 594; x_wconf 78' lang='lat' dir='ltr'><strong>Iesu</strong></span> <span class='ocrx_word' id='word_1_550' title='bbox 1529 567 1624 594; x_wconf 78' lang='lat' dir='ltr'><strong>Christi</strong></span> <span class='ocrx_word' id='word_1_551' title='bbox 1645 576 1690 602; x_wconf 79' lang='lat' dir='ltr'><strong>per</strong></span> <span class='ocrx_word' id='word_1_552' title='bbox 1711 568 1868 596; x_wconf 76' lang='lat' dir='ltr'><strong>voluntatem</strong></span> 
     </span>
    </p>
   </div>
   <div class='ocr_carea' id='block_1_72' title="bbox 1077 611 1868 648">
    <p class='ocr_par' dir='ltr' id='par_1_72' title="bbox 1077 611 1868 648">
     <span class='ocr_line' id='line_1_72' title="bbox 1077 611 1868 648; baseline 0.005 -10"><span class='ocrx_word' id='word_1_553' title='bbox 1077 611 1135 642; x_wconf 80' lang='lat' dir='ltr'><strong>Dei,</strong></span> <span class='ocrx_word' id='word_1_554' title='bbox 1149 617 1173 638; x_wconf 89' lang='lat' dir='ltr'><strong>et</strong></span> <span class='ocrx_word' id='word_1_555' title='bbox 1186 611 1330 640; x_wconf 75' lang='lat' dir='ltr'><strong>Timotheus</strong></span> <span class='ocrx_word' id='word_1_556' title='bbox 1347 614 1435 648; x_wconf 85' lang='lat' dir='ltr'><strong>frater.</strong></span> <span class='ocrx_word' id='word_1_557' title='bbox 1450 613 1554 640; x_wconf 73' lang='lat' dir='ltr'><strong>Etenim</strong></span> <span class='ocrx_word' id='word_1_558' title='bbox 1569 613 1595 640; x_wconf 91' lang='lat' dir='ltr'><strong>in</strong></span> <span class='ocrx_word' id='word_1_559' title='bbox 1609 613 1699 648; x_wconf 91' lang='lat' dir='ltr'><strong>priore</strong></span> <span class='ocrx_word' id='word_1_560' title='bbox 1711 614 1821 648; x_wconf 80' lang='lat' dir='ltr'><strong>epistola</strong></span> <span class='ocrx_word' id='word_1_561' title='bbox 1836 621 1868 642; x_wconf 81' lang='lat' dir='ltr'><strong>so</strong></span> 
     </span>
    </p>
   </div>
   <div class='ocr_carea' id='block_1_73' title="bbox 1076 657 1868 694">
    <p class='ocr_par' dir='ltr' id='par_1_73' title="bbox 1076 657 1868 694">
     <span class='ocr_line' id='line_1_73' title="bbox 1076 657 1868 694; baseline 0.006 -10"><span class='ocrx_word' id='word_1_562' title='bbox 1076 657 1152 684; x_wconf 91' lang='lat' dir='ltr'><strong>illum</strong></span> <span class='ocrx_word' id='word_1_563' title='bbox 1171 665 1231 685; x_wconf 84' lang='lat' dir='ltr'><strong>esse</strong></span> <span class='ocrx_word' id='word_1_564' title='bbox 1246 658 1390 686; x_wconf 86' lang='lat' dir='ltr'><strong>missurum</strong></span> <span class='ocrx_word' id='word_1_565' title='bbox 1410 658 1587 694; x_wconf 85' lang='lat' dir='ltr'><strong>pollicebatur</strong></span> <span class='ocrx_word' id='word_1_566' title='bbox 1607 664 1635 688; x_wconf 87' lang='lat' dir='ltr'><strong>et</strong></span> <span class='ocrx_word' id='word_1_567' title='bbox 1655 660 1810 688; x_wconf 82' lang='lat' dir='ltr'><strong>hortabatur</strong></span> <span class='ocrx_word' id='word_1_568' title='bbox 1824 661 1868 689; x_wconf 85' lang='lat' dir='ltr'><strong>his</strong></span> 
     </span>
    </p>
   </div>
   <div class='ocr_carea' id='block_1_74' title="bbox 1075 702 1868 737">
    <p class='ocr_par' dir='ltr' id='par_1_74' title="bbox 1075 702 1868 737">
     <span class='ocr_line' id='line_1_74' title="bbox 1075 702 1868 737; baseline 0.005 -8"><span class='ocrx_word' id='word_1_569' title='bbox 1075 702 1164 730; x_wconf 86' lang='lat' dir='ltr'><strong>verbis</strong></span> <span class='ocrx_word' id='word_1_570' title='bbox 1179 711 1186 730; x_wconf 87' lang='lat'><strong>:</strong></span> <span class='ocrx_word' id='word_1_571' title='bbox 1201 702 1232 730; x_wconf 89' lang='lat' dir='ltr'><strong>Si</strong></span> <span class='ocrx_word' id='word_1_572' title='bbox 1244 708 1327 730; x_wconf 82' lang='lat' dir='ltr'><strong>autent</strong></span> <span class='ocrx_word' id='word_1_573' title='bbox 1340 704 1433 731; x_wconf 76' lang='lat' dir='ltr'><strong>uerterit</strong></span> <span class='ocrx_word' id='word_1_574' title='bbox 1443 703 1598 737; x_wconf 79' lang='lat' dir='ltr'><strong>Timotheus,</strong></span> <span class='ocrx_word' id='word_1_575' title='bbox 1610 705 1690 732; x_wconf 77' lang='lat' dir='ltr'><strong>videte</strong></span> <span class='ocrx_word' id='word_1_576' title='bbox 1700 710 1726 732; x_wconf 89' lang='lat' dir='ltr'><strong>ut</strong></span> <span class='ocrx_word' id='word_1_577' title='bbox 1736 705 1790 732; x_wconf 72' lang='lat' dir='ltr'><strong>sine</strong></span> <span class='ocrx_word' id='word_1_578' title='bbox 1799 710 1868 733; x_wconf 70' lang='lat' dir='ltr'><strong>mem</strong></span> 
     </span>
    </p>
   </div>
   <div class='ocr_carea' id='block_1_75' title="bbox 1074 747 1867 785">
    <p class='ocr_par' dir='ltr' id='par_1_75' title="bbox 1074 747 1867 785">
     <span class='ocr_line' id='line_1_75' title="bbox 1074 747 1867 785; baseline 0.004 -10"><span class='ocrx_word' id='word_1_579' title='bbox 1074 748 1106 775; x_wconf 85' lang='lat' dir='ltr'><strong>sit</strong></span> <span class='ocrx_word' id='word_1_580' title='bbox 1120 747 1190 783; x_wconf 84' lang='lat' dir='ltr'><strong>apud</strong></span> <span class='ocrx_word' id='word_1_581' title='bbox 1202 756 1246 776; x_wconf 72' lang='lat' dir='ltr'><strong>vos</strong></span> <span class='ocrx_word' id='word_1_582' title='bbox 1261 749 1300 782; x_wconf 88' lang='lat'><strong>(1.</strong></span> <span class='ocrx_word' id='word_1_583' title='bbox 1315 748 1373 776; x_wconf 86' lang='lat' dir='ltr'><strong>Cor.</strong></span> <span class='ocrx_word' id='word_1_584' title='bbox 1391 749 1434 777; x_wconf 89' lang='lat'><strong>16.</strong></span> <span class='ocrx_word' id='word_1_585' title='bbox 1452 749 1497 785; x_wconf 85' lang='lat'><strong>10)</strong></span> <span class='ocrx_word' id='word_1_586' title='bbox 1511 758 1518 776; x_wconf 93' lang='lat'>:</span> <span class='ocrx_word' id='word_1_587' title='bbox 1532 757 1581 778; x_wconf 88' lang='lat' dir='ltr'><strong>cur</strong></span> <span class='ocrx_word' id='word_1_588' title='bbox 1590 758 1653 785; x_wconf 82' lang='lat' dir='ltr'><strong>ergo</strong></span> <span class='ocrx_word' id='word_1_589' title='bbox 1665 758 1725 778; x_wconf 88' lang='lat' dir='ltr'><strong>ettm</strong></span> <span class='ocrx_word' id='word_1_590' title='bbox 1741 750 1791 778; x_wconf 89' lang='lat' dir='ltr'><strong>hoc</strong></span> <span class='ocrx_word' id='word_1_591' title='bbox 1806 751 1867 778; x_wconf 87' lang='lat' dir='ltr'><strong>loco</strong></span> 
     </span>
    </p>
   </div>
   <div class='ocr_carea' id='block_1_76' title="bbox 1074 794 1867 832">
    <p class='ocr_par' dir='ltr' id='par_1_76' title="bbox 1074 794 1867 832">
     <span class='ocr_line' id='line_1_76' title="bbox 1074 794 1867 832; baseline 0.004 -11"><span class='ocrx_word' id='word_1_592' title='bbox 1074 794 1101 821; x_wconf 92' lang='lat' dir='ltr'><strong>in</strong></span> <span class='ocrx_word' id='word_1_593' title='bbox 1116 794 1247 829; x_wconf 65' lang='lat' dir='ltr'><strong>proutmio</strong></span> <span class='ocrx_word' id='word_1_594' title='bbox 1261 802 1353 823; x_wconf 86' lang='lat' dir='ltr'><strong>secum</strong></span> <span class='ocrx_word' id='word_1_595' title='bbox 1366 795 1522 832; x_wconf 81' lang='lat' dir='ltr'><strong>coajungit?</strong></span> <span class='ocrx_word' id='word_1_596' title='bbox 1535 796 1611 830; x_wconf 87' lang='lat' dir='ltr'><strong>Cum,</strong></span> <span class='ocrx_word' id='word_1_597' title='bbox 1626 801 1654 824; x_wconf 92' lang='lat' dir='ltr'><strong>ut</strong></span> <span class='ocrx_word' id='word_1_598' title='bbox 1666 798 1791 831; x_wconf 74' lang='lat' dir='ltr'><strong>magister</strong></span> <span class='ocrx_word' id='word_1_599' title='bbox 1804 805 1867 832; x_wconf 87' lang='lat' dir='ltr'><strong>pro-</strong></span> 
     </span>
    </p>
   </div>
   <div class='ocr_carea' id='block_1_77' title="bbox 1075 840 1866 878">
    <p class='ocr_par' dir='ltr' id='par_1_77' title="bbox 1075 840 1866 878">
     <span class='ocr_line' id='line_1_77' title="bbox 1075 840 1866 878; baseline 0.004 -12"><span class='ocrx_word' id='word_1_600' title='bbox 1075 840 1194 874; x_wconf 86' lang='lat' dir='ltr'><strong>miserat,</strong></span> <span class='ocrx_word' id='word_1_601' title='bbox 1206 840 1240 867; x_wconf 94' lang='lat' dir='ltr'><strong>ad</strong></span> <span class='ocrx_word' id='word_1_602' title='bbox 1252 848 1300 868; x_wconf 85' lang='lat' dir='ltr'><strong>eos</strong></span> <span class='ocrx_word' id='word_1_603' title='bbox 1315 849 1346 869; x_wconf 82' lang='lat' dir='ltr'><strong>se</strong></span> <span class='ocrx_word' id='word_1_604' title='bbox 1357 842 1515 876; x_wconf 77' lang='lat' dir='ltr'><strong>contulisset</strong></span> <span class='ocrx_word' id='word_1_605' title='bbox 1529 841 1600 877; x_wconf 76' lang='lat' dir='ltr'><strong>(Misi</strong></span> <span class='ocrx_word' id='word_1_606' title='bbox 1611 843 1682 869; x_wconf 90' lang='lat' dir='ltr'><strong>enim</strong></span> <span class='ocrx_word' id='word_1_607' title='bbox 1692 863 1699 874; x_wconf 90' lang='lat'><strong>,</strong></span> <span class='ocrx_word' id='word_1_608' title='bbox 1714 842 1799 878; x_wconf 86' lang='lat' dir='ltr'><strong>inquit</strong></span> <span class='ocrx_word' id='word_1_609' title='bbox 1811 863 1817 874; x_wconf 89' lang='lat'><strong>,</strong></span> <span class='ocrx_word' id='word_1_610' title='bbox 1831 843 1866 869; x_wconf 81' lang='lat' dir='ltr'><strong>ad</strong></span> 
     </span>
    </p>
   </div>
   <div class='ocr_carea' id='block_1_78' title="bbox 1074 886 1866 923">
    <p class='ocr_par' dir='ltr' id='par_1_78' title="bbox 1074 886 1866 923">
     <span class='ocr_line' id='line_1_78' title="bbox 1074 886 1866 923; baseline 0.004 -11"><span class='ocrx_word' id='word_1_611' title='bbox 1074 895 1117 914; x_wconf 76' lang='lat' dir='ltr'><strong>vos</strong></span> <span class='ocrx_word' id='word_1_612' title='bbox 1129 886 1298 920; x_wconf 70' lang='lat' dir='ltr'><strong>Timotheum,</strong></span> <span class='ocrx_word' id='word_1_613' title='bbox 1312 887 1355 922; x_wconf 82' lang='lat' dir='ltr'><strong>qui</strong></span> <span class='ocrx_word' id='word_1_614' title='bbox 1369 896 1412 915; x_wconf 84' lang='lat' dir='ltr'><strong>vos</strong></span> <span class='ocrx_word' id='word_1_615' title='bbox 1423 888 1632 923; x_wconf 72' lang='lat' dir='ltr'><strong>commonefacit!</strong></span> <span class='ocrx_word' id='word_1_616' title='bbox 1647 888 1700 915; x_wconf 80' lang='lat' dir='ltr'><strong>vias</strong></span> <span class='ocrx_word' id='word_1_617' title='bbox 1711 897 1778 915; x_wconf 86' lang='lat' dir='ltr'><strong>meas</strong></span> <span class='ocrx_word' id='word_1_618' title='bbox 1791 909 1798 921; x_wconf 93' lang='lat'><strong>,</strong></span> <span class='ocrx_word' id='word_1_619' title='bbox 1810 897 1866 922; x_wconf 69' lang='lat' dir='ltr'><strong>qua</strong></span> 
     </span>
    </p>
   </div>
   <div class='ocr_carea' id='block_1_79' title="bbox 1073 932 1866 970">
    <p class='ocr_par' dir='ltr' id='par_1_79' title="bbox 1073 932 1866 970">
     <span class='ocr_line' id='line_1_79' title="bbox 1073 932 1866 970; baseline 0.003 -11"><span class='ocrx_word' id='word_1_620' title='bbox 1073 937 1132 959; x_wconf 87' lang='lat' dir='ltr'><strong>sunt</strong></span> <span class='ocrx_word' id='word_1_621' title='bbox 1145 933 1171 959; x_wconf 88' lang='lat' dir='ltr'><strong>in</strong></span> <span class='ocrx_word' id='word_1_622' title='bbox 1179 932 1278 960; x_wconf 83' lang='lat' dir='ltr'><strong>Christo</strong></span> <span class='ocrx_word' id='word_1_623' title='bbox 1290 932 1327 970; x_wconf 93' lang='lat'><strong>[1.</strong></span> <span class='ocrx_word' id='word_1_624' title='bbox 1336 932 1393 961; x_wconf 88' lang='lat' dir='ltr'><strong>Cor.</strong></span> <span class='ocrx_word' id='word_1_625' title='bbox 1401 934 1428 961; x_wconf 69' lang='grc' dir='ltr'><strong>Δ.</strong></span> <span class='ocrx_word' id='word_1_626' title='bbox 1436 933 1481 969; x_wconf 77' lang='lat'><strong>17]</strong></span> <span class='ocrx_word' id='word_1_627' title='bbox 1492 933 1598 969; x_wconf 86' lang='lat' dir='ltr'><strong>),alque</strong></span> <span class='ocrx_word' id='word_1_628' title='bbox 1614 933 1657 961; x_wconf 89' lang='lat' dir='ltr'><strong>ubi</strong></span> <span class='ocrx_word' id='word_1_629' title='bbox 1670 934 1759 961; x_wconf 80' lang='lat' dir='ltr'><strong>omnia</strong></span> <span class='ocrx_word' id='word_1_630' title='bbox 1766 935 1866 962; x_wconf 88' lang='lat' dir='ltr'><strong>rectius</strong></span> 
     </span>
    </p>
   </div>
   <div class='ocr_carea' id='block_1_80' title="bbox 1073 979 1864 1015">
    <p class='ocr_par' dir='ltr' id='par_1_80' title="bbox 1073 979 1864 1015">
     <span class='ocr_line' id='line_1_80' title="bbox 1073 979 1864 1015; baseline 0.001 -9"><span class='ocrx_word' id='word_1_631' title='bbox 1073 979 1275 1013; x_wconf 85' lang='lat' dir='ltr'><strong>constituisset,</strong></span> <span class='ocrx_word' id='word_1_632' title='bbox 1291 980 1323 1007; x_wconf 89' lang='lat' dir='ltr'><strong>ad</strong></span> <span class='ocrx_word' id='word_1_633' title='bbox 1338 979 1449 1008; x_wconf 83' lang='lat' dir='ltr'><strong>Paulum</strong></span> <span class='ocrx_word' id='word_1_634' title='bbox 1470 988 1500 1008; x_wconf 86' lang='lat' dir='ltr'><strong>se</strong></span> <span class='ocrx_word' id='word_1_635' title='bbox 1514 985 1661 1015; x_wconf 87' lang='lat' dir='ltr'><strong>receperat.</strong></span> <span class='ocrx_word' id='word_1_636' title='bbox 1680 981 1784 1008; x_wconf 90' lang='lat' dir='ltr'><strong>Etenim</strong></span> <span class='ocrx_word' id='word_1_637' title='bbox 1804 988 1864 1009; x_wconf 90' lang='lat' dir='ltr'><strong>cum</strong></span> 
     </span>
    </p>
   </div>
   <div class='ocr_carea' id='block_1_81' title="bbox 1074 1024 1866 1061">
    <p class='ocr_par' dir='ltr' id='par_1_81' title="bbox 1074 1024 1866 1061">
     <span class='ocr_line' id='line_1_81' title="bbox 1074 1024 1866 1061; baseline 0.001 -10"><span class='ocrx_word' id='word_1_638' title='bbox 1074 1032 1135 1052; x_wconf 91' lang='lat' dir='ltr'><strong>eum</strong></span> <span class='ocrx_word' id='word_1_639' title='bbox 1151 1025 1281 1056; x_wconf 86' lang='lat' dir='ltr'><strong>mitteret,</strong></span> <span class='ocrx_word' id='word_1_640' title='bbox 1296 1024 1412 1058; x_wconf 87' lang='lat' dir='ltr'><strong>dicebat,</strong></span> <span class='ocrx_word' id='word_1_641' title='bbox 1425 1024 1549 1052; x_wconf 82' lang='lat' dir='ltr'><strong>Deducite</strong></span> <span class='ocrx_word' id='word_1_642' title='bbox 1562 1034 1618 1052; x_wconf 86' lang='lat' dir='ltr'><strong>eum</strong></span> <span class='ocrx_word' id='word_1_643' title='bbox 1630 1026 1655 1052; x_wconf 88' lang='lat' dir='ltr'><strong>in</strong></span> <span class='ocrx_word' id='word_1_644' title='bbox 1667 1034 1739 1061; x_wconf 81' lang='lat' dir='ltr'><strong>pace,</strong></span> <span class='ocrx_word' id='word_1_645' title='bbox 1750 1031 1776 1052; x_wconf 89' lang='lat' dir='ltr'><strong>ut</strong></span> <span class='ocrx_word' id='word_1_646' title='bbox 1784 1026 1866 1052; x_wconf 77' lang='lat' dir='ltr'><strong>veniat</strong></span> 
     </span>
    </p>
   </div>
   <div class='ocr_carea' id='block_1_82' title="bbox 1073 1070 1864 1107">
    <p class='ocr_par' dir='ltr' id='par_1_82' title="bbox 1073 1070 1864 1107">
     <span class='ocr_line' id='line_1_82' title="bbox 1073 1070 1864 1107; baseline 0.001 -10"><span class='ocrx_word' id='word_1_647' title='bbox 1073 1070 1108 1097; x_wconf 81' lang='lat' dir='ltr'><strong>ad</strong></span> <span class='ocrx_word' id='word_1_648' title='bbox 1118 1078 1157 1097; x_wconf 83' lang='lat' dir='ltr'><strong>me</strong></span> <span class='ocrx_word' id='word_1_649' title='bbox 1167 1075 1298 1105; x_wconf 69' lang='lat' dir='ltr'><strong>:exspecto</strong></span> <span class='ocrx_word' id='word_1_650' title='bbox 1309 1071 1374 1098; x_wconf 85' lang='lat' dir='ltr'><strong>enim</strong></span> <span class='ocrx_word' id='word_1_651' title='bbox 1385 1079 1441 1098; x_wconf 83' lang='lat' dir='ltr'><strong>eum</strong></span> <span class='ocrx_word' id='word_1_652' title='bbox 1451 1079 1508 1098; x_wconf 82' lang='lat' dir='ltr'><strong>cum</strong></span> <span class='ocrx_word' id='word_1_653' title='bbox 1519 1071 1639 1106; x_wconf 82' lang='lat' dir='ltr'><strong>fratribus</strong></span> <span class='ocrx_word' id='word_1_654' title='bbox 1649 1071 1864 1107; x_wconf 78' lang='lat' dir='ltr'><strong>(1.Cor.16.11).</strong></span> 
     </span>
    </p>
   </div>
   <div class='ocr_carea' id='block_1_83' title="bbox 1108 1116 1862 1153">
    <p class='ocr_par' dir='ltr' id='par_1_83' title="bbox 1108 1116 1862 1153">
     <span class='ocr_line' id='line_1_83' title="bbox 1108 1116 1862 1153; baseline 0.004 -10"><span class='ocrx_word' id='word_1_655' title='bbox 1108 1116 1135 1143; x_wconf 78' lang='grc'><strong>2.</strong></span> <span class='ocrx_word' id='word_1_656' title='bbox 1149 1116 1325 1152; x_wconf 84' lang='lat' dir='ltr'><strong>Posteaquam</strong></span> <span class='ocrx_word' id='word_1_657' title='bbox 1342 1117 1421 1152; x_wconf 83' lang='lat' dir='ltr'><strong>igitur</strong></span> <span class='ocrx_word' id='word_1_658' title='bbox 1433 1117 1467 1144; x_wconf 91' lang='lat' dir='ltr'><strong>ad</strong></span> <span class='ocrx_word' id='word_1_659' title='bbox 1483 1119 1639 1153; x_wconf 83' lang='lat' dir='ltr'><strong>magistrum</strong></span> <span class='ocrx_word' id='word_1_660' title='bbox 1653 1125 1684 1146; x_wconf 82' lang='lat' dir='ltr'><strong>se</strong></span> <span class='ocrx_word' id='word_1_661' title='bbox 1696 1118 1862 1153; x_wconf 88' lang='lat' dir='ltr'><strong>recepisset,</strong></span> 
     </span>
    </p>
   </div>
   <div class='ocr_carea' id='block_1_84' title="bbox 1073 1162 1865 1200">
    <p class='ocr_par' dir='ltr' id='par_1_84' title="bbox 1073 1162 1865 1200">
     <span class='ocr_line' id='line_1_84' title="bbox 1073 1162 1865 1200; baseline 0.004 -11"><span class='ocrx_word' id='word_1_662' title='bbox 1073 1170 1104 1190; x_wconf 88' lang='lat' dir='ltr'><strong>ac</strong></span> <span class='ocrx_word' id='word_1_663' title='bbox 1119 1162 1250 1190; x_wconf 83' lang='lat' dir='ltr'><strong>restitutis</strong></span> <span class='ocrx_word' id='word_1_664' title='bbox 1269 1164 1452 1199; x_wconf 85' lang='lat' dir='ltr'><strong>correctisque</strong></span> <span class='ocrx_word' id='word_1_665' title='bbox 1471 1172 1522 1191; x_wconf 91' lang='lat' dir='ltr'><strong>una</strong></span> <span class='ocrx_word' id='word_1_666' title='bbox 1537 1171 1597 1191; x_wconf 90' lang='lat' dir='ltr'><strong>cum</strong></span> <span class='ocrx_word' id='word_1_667' title='bbox 1611 1171 1644 1191; x_wconf 87' lang='lat' dir='ltr'><strong>eo</strong></span> <span class='ocrx_word' id='word_1_668' title='bbox 1664 1165 1735 1192; x_wconf 72' lang='lat' dir='ltr'><strong>Asia:</strong></span> <span class='ocrx_word' id='word_1_669' title='bbox 1749 1165 1865 1200; x_wconf 73' lang='lat' dir='ltr'><strong>negotiis</strong></span> 
     </span>
    </p>
   </div>
   <div class='ocr_carea' id='block_1_85' title="bbox 1073 1209 1864 1246">
    <p class='ocr_par' dir='ltr' id='par_1_85' title="bbox 1073 1209 1864 1246">
     <span class='ocr_line' id='line_1_85' title="bbox 1073 1209 1864 1246; baseline 0.001 -10"><span class='ocrx_word' id='word_1_670' title='bbox 1073 1209 1194 1245; x_wconf 81' lang='lat' dir='ltr'><strong>(Manebo</strong></span> <span class='ocrx_word' id='word_1_671' title='bbox 1207 1211 1278 1236; x_wconf 90' lang='lat' dir='ltr'><strong>enim</strong></span> <span class='ocrx_word' id='word_1_672' title='bbox 1288 1230 1297 1243; x_wconf 89' lang='lat'><strong>,</strong></span> <span class='ocrx_word' id='word_1_673' title='bbox 1320 1210 1422 1245; x_wconf 90' lang='lat' dir='ltr'><strong>inquit,</strong></span> <span class='ocrx_word' id='word_1_674' title='bbox 1438 1209 1532 1246; x_wconf 81' lang='lat' dir='ltr'><strong>Ephesi</strong></span> <span class='ocrx_word' id='word_1_675' title='bbox 1551 1218 1629 1245; x_wconf 84' lang='lat' dir='ltr'><strong>usque</strong></span> <span class='ocrx_word' id='word_1_676' title='bbox 1650 1210 1684 1237; x_wconf 80' lang='lat' dir='ltr'><strong>ad</strong></span> <span class='ocrx_word' id='word_1_677' title='bbox 1699 1209 1864 1238; x_wconf 83' lang='lat' dir='ltr'><strong>Pentecosten</strong></span> 
     </span>
    </p>
   </div>
   <div class='ocr_carea' id='block_1_86' title="bbox 1073 1254 1862 1292">
    <p class='ocr_par' dir='ltr' id='par_1_86' title="bbox 1073 1254 1862 1292">
     <span class='ocr_line' id='line_1_86' title="bbox 1073 1254 1862 1292; baseline 0.003 -10"><span class='ocrx_word' id='word_1_678' title='bbox 1073 1254 1111 1291; x_wconf 89' lang='lat'><strong>[1.</strong></span> <span class='ocrx_word' id='word_1_679' title='bbox 1128 1254 1186 1282; x_wconf 83' lang='lat' dir='ltr'><strong>Cor.</strong></span> <span class='ocrx_word' id='word_1_680' title='bbox 1203 1255 1245 1283; x_wconf 89' lang='grc'><strong>16.</strong></span> <span class='ocrx_word' id='word_1_681' title='bbox 1262 1255 1318 1292; x_wconf 81' lang='lat'><strong>8]),</strong></span> <span class='ocrx_word' id='word_1_682' title='bbox 1333 1263 1426 1283; x_wconf 86' lang='lat' dir='ltr'><strong>rursus</strong></span> <span class='ocrx_word' id='word_1_683' title='bbox 1441 1257 1466 1283; x_wconf 91' lang='lat' dir='ltr'><strong>in</strong></span> <span class='ocrx_word' id='word_1_684' title='bbox 1481 1256 1663 1284; x_wconf 82' lang='lat' dir='ltr'><strong>Macedoniam</strong></span> <span class='ocrx_word' id='word_1_685' title='bbox 1676 1256 1862 1284; x_wconf 84' lang='lat' dir='ltr'><strong>transivisset:</strong></span> 
     </span>
    </p>
   </div>
   <div class='ocr_carea' id='block_1_87' title="bbox 1070 1302 1862 1338">
    <p class='ocr_par' dir='ltr' id='par_1_87' title="bbox 1070 1302 1862 1338">
     <span class='ocr_line' id='line_1_87' title="bbox 1070 1302 1862 1338; baseline 0.004 -11"><span class='ocrx_word' id='word_1_686' title='bbox 1070 1302 1125 1335; x_wconf 86' lang='lat' dir='ltr'><strong>jam</strong></span> <span class='ocrx_word' id='word_1_687' title='bbox 1144 1309 1197 1328; x_wconf 90' lang='lat' dir='ltr'><strong>non</strong></span> <span class='ocrx_word' id='word_1_688' title='bbox 1218 1302 1352 1329; x_wconf 89' lang='lat' dir='ltr'><strong>immerito</strong></span> <span class='ocrx_word' id='word_1_689' title='bbox 1374 1310 1435 1330; x_wconf 86' lang='lat' dir='ltr'><strong>eum</strong></span> <span class='ocrx_word' id='word_1_690' title='bbox 1451 1307 1480 1330; x_wconf 93' lang='lat' dir='ltr'><strong>ut</strong></span> <span class='ocrx_word' id='word_1_691' title='bbox 1495 1307 1660 1338; x_wconf 70' lang='lat' dir='ltr'><strong>praesentem</strong></span> <span class='ocrx_word' id='word_1_692' title='bbox 1674 1303 1722 1330; x_wconf 92' lang='lat' dir='ltr'><strong>sibi</strong></span> <span class='ocrx_word' id='word_1_693' title='bbox 1744 1302 1862 1338; x_wconf 80' lang='lat' dir='ltr'><strong>copulat.</strong></span> 
     </span>
    </p>
   </div>
   <div class='ocr_carea' id='block_1_88' title="bbox 1073 1347 1864 1381">
    <p class='ocr_par' dir='ltr' id='par_1_88' title="bbox 1073 1347 1864 1381">
     <span class='ocr_line' id='line_1_88' title="bbox 1073 1347 1864 1381; baseline 0.003 -7"><span class='ocrx_word' id='word_1_694' title='bbox 1073 1347 1177 1375; x_wconf 84' lang='lat' dir='ltr'><strong>Etenim</strong></span> <span class='ocrx_word' id='word_1_695' title='bbox 1195 1352 1258 1375; x_wconf 90' lang='lat' dir='ltr'><strong>tunc</strong></span> <span class='ocrx_word' id='word_1_696' title='bbox 1270 1356 1303 1376; x_wconf 85' lang='lat' dir='ltr'><strong>ex</strong></span> <span class='ocrx_word' id='word_1_697' title='bbox 1319 1349 1392 1381; x_wconf 79' lang='lat' dir='ltr'><strong>Asia,</strong></span> <span class='ocrx_word' id='word_1_698' title='bbox 1409 1357 1480 1376; x_wconf 86' lang='lat' dir='ltr'><strong>nunc</strong></span> <span class='ocrx_word' id='word_1_699' title='bbox 1494 1354 1582 1376; x_wconf 84' lang='lat' dir='ltr'><strong>autem</strong></span> <span class='ocrx_word' id='word_1_700' title='bbox 1597 1358 1613 1376; x_wconf 90' lang='lat' dir='ltr'><strong>e</strong></span> <span class='ocrx_word' id='word_1_701' title='bbox 1625 1349 1781 1377; x_wconf 80' lang='lat' dir='ltr'><strong>Macedonia</strong></span> <span class='ocrx_word' id='word_1_702' title='bbox 1794 1350 1864 1377; x_wconf 87' lang='lat' dir='ltr'><strong>scri-</strong></span> 
     </span>
    </p>
   </div>
   <div class='ocr_carea' id='block_1_89' title="bbox 1065 1393 1863 1430">
    <p class='ocr_par' dir='ltr' id='par_1_89' title="bbox 1065 1393 1863 1430">
     <span class='ocr_line' id='line_1_89' title="bbox 1065 1393 1863 1430; baseline 0.003 -10"><span class='ocrx_word' id='word_1_703' title='bbox 1065 1393 1120 1421; x_wconf 76' lang='lat' dir='ltr'><strong>bit.</strong></span> <span class='ocrx_word' id='word_1_704' title='bbox 1134 1394 1220 1429; x_wconf 58' lang='lat' dir='ltr'><strong>Ipsum</strong></span> <span class='ocrx_word' id='word_1_705' title='bbox 1235 1401 1315 1429; x_wconf 88' lang='lat' dir='ltr'><strong>porro</strong></span> <span class='ocrx_word' id='word_1_706' title='bbox 1327 1395 1377 1422; x_wconf 90' lang='lat' dir='ltr'><strong>sibi</strong></span> <span class='ocrx_word' id='word_1_707' title='bbox 1390 1395 1539 1430; x_wconf 72' lang='lat' dir='ltr'><strong>conjunxit,</strong></span> <span class='ocrx_word' id='word_1_708' title='bbox 1556 1400 1611 1422; x_wconf 92' lang='lat' dir='ltr'><strong>tum</strong></span> <span class='ocrx_word' id='word_1_709' title='bbox 1627 1399 1657 1422; x_wconf 92' lang='lat' dir='ltr'><strong>ut</strong></span> <span class='ocrx_word' id='word_1_710' title='bbox 1669 1402 1729 1422; x_wconf 90' lang='lat' dir='ltr'><strong>eum</strong></span> <span class='ocrx_word' id='word_1_711' title='bbox 1744 1394 1863 1422; x_wconf 88' lang='lat' dir='ltr'><strong>honora-</strong></span> 
     </span>
    </p>
   </div>
   <div class='ocr_carea' id='block_1_90' title="bbox 1071 1439 1864 1476">
    <p class='ocr_par' dir='ltr' id='par_1_90' title="bbox 1071 1439 1864 1476">
     <span class='ocr_line' id='line_1_90' title="bbox 1071 1439 1864 1476; baseline 0.003 -10"><span class='ocrx_word' id='word_1_712' title='bbox 1071 1439 1194 1467; x_wconf 89' lang='lat' dir='ltr'><strong>biliorem</strong></span> <span class='ocrx_word' id='word_1_713' title='bbox 1210 1439 1350 1473; x_wconf 85' lang='lat' dir='ltr'><strong>redderet,</strong></span> <span class='ocrx_word' id='word_1_714' title='bbox 1367 1445 1421 1467; x_wconf 92' lang='lat' dir='ltr'><strong>tum</strong></span> <span class='ocrx_word' id='word_1_715' title='bbox 1444 1445 1472 1468; x_wconf 91' lang='lat' dir='ltr'><strong>ut</strong></span> <span class='ocrx_word' id='word_1_716' title='bbox 1487 1441 1603 1476; x_wconf 74' lang='lat' dir='ltr'><strong>ingentis</strong></span> <span class='ocrx_word' id='word_1_717' title='bbox 1625 1440 1782 1467; x_wconf 87' lang='lat' dir='ltr'><strong>luttniiitatis</strong></span> <span class='ocrx_word' id='word_1_718' title='bbox 1807 1448 1864 1468; x_wconf 82' lang='lat' dir='ltr'><strong>sua:</strong></span> 
     </span>
    </p>
   </div>
   <div class='ocr_carea' id='block_1_91' title="bbox 1070 1486 1863 1522">
    <p class='ocr_par' dir='ltr' id='par_1_91' title="bbox 1070 1486 1863 1522">
     <span class='ocr_line' id='line_1_91' title="bbox 1070 1486 1863 1522; baseline 0.003 -10"><span class='ocrx_word' id='word_1_719' title='bbox 1070 1486 1206 1521; x_wconf 85' lang='lat' dir='ltr'><strong>specimen</strong></span> <span class='ocrx_word' id='word_1_720' title='bbox 1219 1486 1366 1514; x_wconf 68' lang='lat' dir='ltr'><strong>exhiberet.</strong></span> <span class='ocrx_word' id='word_1_721' title='bbox 1382 1487 1445 1514; x_wconf 84' lang='lat' dir='ltr'><strong>Erat</strong></span> <span class='ocrx_word' id='word_1_722' title='bbox 1458 1487 1530 1514; x_wconf 88' lang='lat' dir='ltr'><strong>enim</strong></span> <span class='ocrx_word' id='word_1_723' title='bbox 1546 1487 1589 1514; x_wconf 88' lang='lat' dir='ltr'><strong>ille</strong></span> <span class='ocrx_word' id='word_1_724' title='bbox 1603 1487 1711 1515; x_wconf 86' lang='lat' dir='ltr'><strong>inferior</strong></span> <span class='ocrx_word' id='word_1_725' title='bbox 1725 1488 1802 1522; x_wconf 87' lang='lat' dir='ltr'><strong>ipso;</strong></span> <span class='ocrx_word' id='word_1_726' title='bbox 1815 1487 1863 1515; x_wconf 86' lang='lat' dir='ltr'><strong>sed</strong></span> 
     </span>
    </p>
   </div>
   <div class='ocr_carea' id='block_1_92' title="bbox 1070 1533 1863 1569">
    <p class='ocr_par' dir='ltr' id='par_1_92' title="bbox 1070 1533 1863 1569">
     <span class='ocr_line' id='line_1_92' title="bbox 1070 1533 1863 1569; baseline 0.003 -9"><span class='ocrx_word' id='word_1_727' title='bbox 1070 1533 1168 1560; x_wconf 86' lang='lat' dir='ltr'><strong>caritas</strong></span> <span class='ocrx_word' id='word_1_728' title='bbox 1187 1533 1276 1560; x_wconf 90' lang='lat' dir='ltr'><strong>omnia</strong></span> <span class='ocrx_word' id='word_1_729' title='bbox 1291 1534 1436 1561; x_wconf 89' lang='lat' dir='ltr'><strong>connectit.</strong></span> <span class='ocrx_word' id='word_1_730' title='bbox 1454 1534 1546 1569; x_wconf 86' lang='lat' dir='ltr'><strong>quue</strong></span> <span class='ocrx_word' id='word_1_731' title='bbox 1568 1535 1649 1562; x_wconf 85' lang='lat' dir='ltr'><strong>etiam</strong></span> <span class='ocrx_word' id='word_1_732' title='bbox 1671 1534 1719 1568; x_wconf 83' lang='lat' dir='ltr'><strong>fit,</strong></span> <span class='ocrx_word' id='word_1_733' title='bbox 1744 1538 1773 1562; x_wconf 92' lang='lat' dir='ltr'><strong>ut</strong></span> <span class='ocrx_word' id='word_1_734' title='bbox 1789 1535 1863 1562; x_wconf 91' lang='lat' dir='ltr'><strong>illum</strong></span> 
     </span>
    </p>
   </div>
   <div class='ocr_carea' id='block_1_93' title="bbox 1071 1580 1864 1618">
    <p class='ocr_par' dir='ltr' id='par_1_93' title="bbox 1071 1580 1864 1618">
     <span class='ocr_line' id='line_1_93' title="bbox 1071 1580 1864 1618; baseline 0.001 -11"><span class='ocrx_word' id='word_1_735' title='bbox 1071 1580 1170 1616; x_wconf 88' lang='lat' dir='ltr'><strong>ubique</strong></span> <span class='ocrx_word' id='word_1_736' title='bbox 1189 1580 1240 1608; x_wconf 85' lang='lat' dir='ltr'><strong>sibi</strong></span> <span class='ocrx_word' id='word_1_737' title='bbox 1264 1585 1385 1616; x_wconf 60' lang='lat' dir='ltr'><strong>exaequet</strong></span> <span class='ocrx_word' id='word_1_738' title='bbox 1398 1601 1405 1612; x_wconf 88' lang='lat'><strong>,</strong></span> <span class='ocrx_word' id='word_1_739' title='bbox 1425 1589 1496 1608; x_wconf 90' lang='lat' dir='ltr'><strong>nunc</strong></span> <span class='ocrx_word' id='word_1_740' title='bbox 1516 1581 1550 1608; x_wconf 90' lang='lat' dir='ltr'><strong>ita</strong></span> <span class='ocrx_word' id='word_1_741' title='bbox 1577 1581 1699 1616; x_wconf 88' lang='lat' dir='ltr'><strong>loqttens,</strong></span> <span class='ocrx_word' id='word_1_742' title='bbox 1721 1580 1864 1618; x_wconf 67' lang='lat' dir='ltr'><strong>Tamquam</strong></span> 
     </span>
    </p>
   </div>
   <div class='ocr_carea' id='block_1_94' title="bbox 1071 1626 1864 1663">
    <p class='ocr_par' dir='ltr' id='par_1_94' title="bbox 1071 1626 1864 1663">
     <span class='ocr_line' id='line_1_94' title="bbox 1071 1626 1864 1663; baseline 0.001 -10"><span class='ocrx_word' id='word_1_743' title='bbox 1071 1627 1137 1662; x_wconf 77' lang='lat' dir='ltr'><strong>patri</strong></span> <span class='ocrx_word' id='word_1_744' title='bbox 1148 1626 1229 1661; x_wconf 81' lang='lat' dir='ltr'><strong>ﬁlius,</strong></span> <span class='ocrx_word' id='word_1_745' title='bbox 1242 1627 1305 1653; x_wconf 85' lang='lat' dir='ltr'><strong>mihi</strong></span> <span class='ocrx_word' id='word_1_746' title='bbox 1315 1627 1441 1654; x_wconf 58' lang='lat' dir='ltr'><strong>insenvivit</strong></span> <span class='ocrx_word' id='word_1_747' title='bbox 1457 1626 1584 1662; x_wconf 86' lang='lat' dir='ltr'><strong>(Philipp.</strong></span> <span class='ocrx_word' id='word_1_748' title='bbox 1599 1627 1627 1654; x_wconf 78' lang='lat'><strong>2.</strong></span> <span class='ocrx_word' id='word_1_749' title='bbox 1642 1627 1687 1663; x_wconf 75' lang='lat'><strong>2&#39;2)</strong></span> <span class='ocrx_word' id='word_1_750' title='bbox 1701 1635 1708 1653; x_wconf 90' lang='lat'><strong>:</strong></span> <span class='ocrx_word' id='word_1_751' title='bbox 1723 1635 1793 1654; x_wconf 91' lang='lat' dir='ltr'><strong>nunc</strong></span> <span class='ocrx_word' id='word_1_752' title='bbox 1803 1635 1864 1654; x_wconf 92' lang='lat' dir='ltr'><strong>rur-</strong></span> 
     </span>
    </p>
   </div>
   <div class='ocr_carea' id='block_1_95' title="bbox 1070 1670 1862 1709">
    <p class='ocr_par' dir='ltr' id='par_1_95' title="bbox 1070 1670 1862 1709">
     <span class='ocr_line' id='line_1_95' title="bbox 1070 1670 1862 1709; baseline -0.001 -8"><span class='ocrx_word' id='word_1_753' title='bbox 1070 1681 1127 1706; x_wconf 87' lang='lat' dir='ltr'><strong>sus,</strong></span> <span class='ocrx_word' id='word_1_754' title='bbox 1143 1673 1214 1709; x_wconf 83' lang='lat' dir='ltr'><strong>Opus</strong></span> <span class='ocrx_word' id='word_1_755' title='bbox 1226 1674 1293 1701; x_wconf 81' lang='lat' dir='ltr'><strong>enim</strong></span> <span class='ocrx_word' id='word_1_756' title='bbox 1304 1670 1411 1700; x_wconf 79' lang='lat' dir='ltr'><strong>Domini</strong></span> <span class='ocrx_word' id='word_1_757' title='bbox 1424 1678 1554 1708; x_wconf 83' lang='lat' dir='ltr'><strong>operatur,</strong></span> <span class='ocrx_word' id='word_1_758' title='bbox 1570 1675 1633 1701; x_wconf 80' lang='lat' dir='ltr'><strong>sicut</strong></span> <span class='ocrx_word' id='word_1_759' title='bbox 1644 1678 1667 1700; x_wconf 86' lang='lat' dir='ltr'><strong>et</strong></span> <span class='ocrx_word' id='word_1_760' title='bbox 1680 1681 1725 1709; x_wconf 81' lang='lat' dir='ltr'><strong>ego</strong></span> <span class='ocrx_word' id='word_1_761' title='bbox 1739 1673 1749 1708; x_wconf 88' lang='lat'><strong>(</strong></span> <span class='ocrx_word' id='word_1_762' title='bbox 1761 1674 1786 1701; x_wconf 87' lang='lat'><strong>1.</strong></span> <span class='ocrx_word' id='word_1_763' title='bbox 1801 1673 1862 1701; x_wconf 90' lang='lat' dir='ltr'><strong>Cor.</strong></span> 
     </span>
    </p>
   </div>
   <div class='ocr_carea' id='block_1_96' title="bbox 1070 1718 1862 1754">
    <p class='ocr_par' dir='ltr' id='par_1_96' title="bbox 1070 1718 1862 1754">
     <span class='ocr_line' id='line_1_96' title="bbox 1070 1718 1862 1754; baseline -0.001 -7"><span class='ocrx_word' id='word_1_764' title='bbox 1070 1719 1116 1747; x_wconf 85' lang='lat'><strong>16.</strong></span> <span class='ocrx_word' id='word_1_765' title='bbox 1133 1719 1179 1754; x_wconf 90' lang='grc'><strong>10)</strong></span> <span class='ocrx_word' id='word_1_766' title='bbox 1197 1728 1205 1747; x_wconf 86' lang='lat'><strong>:</strong></span> <span class='ocrx_word' id='word_1_767' title='bbox 1219 1727 1250 1746; x_wconf 90' lang='lat' dir='ltr'><strong>ac</strong></span> <span class='ocrx_word' id='word_1_768' title='bbox 1264 1719 1379 1754; x_wconf 83' lang='lat' dir='ltr'><strong>denique</strong></span> <span class='ocrx_word' id='word_1_769' title='bbox 1401 1718 1452 1746; x_wconf 88' lang='lat' dir='ltr'><strong>hoc</strong></span> <span class='ocrx_word' id='word_1_770' title='bbox 1476 1719 1536 1747; x_wconf 87' lang='lat' dir='ltr'><strong>loco</strong></span> <span class='ocrx_word' id='word_1_771' title='bbox 1558 1719 1666 1746; x_wconf 77' lang='lat' dir='ltr'><strong>fratrem</strong></span> <span class='ocrx_word' id='word_1_772' title='bbox 1682 1727 1786 1754; x_wconf 89' lang='lat' dir='ltr'><strong>quoque</strong></span> <span class='ocrx_word' id='word_1_773' title='bbox 1800 1727 1862 1746; x_wconf 87' lang='lat' dir='ltr'><strong>eutn</strong></span> 
     </span>
    </p>
   </div>
   <div class='ocr_carea' id='block_1_97' title="bbox 1070 1764 1863 1800">
    <p class='ocr_par' dir='ltr' id='par_1_97' title="bbox 1070 1764 1863 1800">
     <span class='ocr_line' id='line_1_97' title="bbox 1070 1764 1863 1800; baseline -0.003 -8"><span class='ocrx_word' id='word_1_774' title='bbox 1070 1765 1210 1800; x_wconf 80' lang='lat' dir='ltr'><strong>appellat:</strong></span> <span class='ocrx_word' id='word_1_775' title='bbox 1226 1765 1351 1792; x_wconf 89' lang='lat' dir='ltr'><strong>nimirum</strong></span> <span class='ocrx_word' id='word_1_776' title='bbox 1366 1770 1394 1792; x_wconf 95' lang='lat' dir='ltr'><strong>ut</strong></span> <span class='ocrx_word' id='word_1_777' title='bbox 1406 1765 1533 1792; x_wconf 90' lang='lat' dir='ltr'><strong>omnibus</strong></span> <span class='ocrx_word' id='word_1_778' title='bbox 1548 1765 1636 1792; x_wconf 89' lang='lat' dir='ltr'><strong>modis</strong></span> <span class='ocrx_word' id='word_1_779' title='bbox 1648 1765 1672 1791; x_wconf 89' lang='lat' dir='ltr'><strong>ei</strong></span> <span class='ocrx_word' id='word_1_780' title='bbox 1687 1764 1757 1799; x_wconf 87' lang='lat' dir='ltr'><strong>apud</strong></span> <span class='ocrx_word' id='word_1_781' title='bbox 1771 1764 1863 1792; x_wconf 75' lang='lat' dir='ltr'><strong>Corin-</strong></span> 
     </span>
    </p>
   </div>
   <div class='ocr_carea' id='block_1_98' title="bbox 1072 1809 1861 1845">
    <p class='ocr_par' dir='ltr' id='par_1_98' title="bbox 1072 1809 1861 1845">
     <span class='ocr_line' id='line_1_98' title="bbox 1072 1809 1861 1845; baseline -0.001 -8"><span class='ocrx_word' id='word_1_782' title='bbox 1072 1810 1141 1838; x_wconf 89' lang='lat' dir='ltr'><strong>thios</strong></span> <span class='ocrx_word' id='word_1_783' title='bbox 1156 1810 1355 1838; x_wconf 82' lang='lat' dir='ltr'><strong>venerationem</strong></span> <span class='ocrx_word' id='word_1_784' title='bbox 1370 1815 1516 1845; x_wconf 82' lang='lat' dir='ltr'><strong>comparet.</strong></span> <span class='ocrx_word' id='word_1_785' title='bbox 1532 1810 1599 1837; x_wconf 87' lang='lat' dir='ltr'><strong>Nam</strong></span> <span class='ocrx_word' id='word_1_786' title='bbox 1612 1817 1644 1836; x_wconf 91' lang='lat' dir='ltr'><strong>eo</strong></span> <span class='ocrx_word' id='word_1_787' title='bbox 1654 1830 1662 1842; x_wconf 94' lang='lat'><strong>,</strong></span> <span class='ocrx_word' id='word_1_788' title='bbox 1677 1815 1706 1837; x_wconf 90' lang='lat' dir='ltr'><strong>ut</strong></span> <span class='ocrx_word' id='word_1_789' title='bbox 1716 1810 1771 1844; x_wconf 89' lang='lat' dir='ltr'><strong>jatn</strong></span> <span class='ocrx_word' id='word_1_790' title='bbox 1786 1809 1861 1841; x_wconf 87' lang='lat' dir='ltr'><strong>dixi,</strong></span> 
     </span>
    </p>
   </div>
   <div class='ocr_carea' id='block_1_99' title="bbox 1071 1855 1861 1891">
    <p class='ocr_par' dir='ltr' id='par_1_99' title="bbox 1071 1855 1861 1891">
     <span class='ocr_line' id='line_1_99' title="bbox 1071 1855 1861 1891; baseline -0.001 -8"><span class='ocrx_word' id='word_1_791' title='bbox 1071 1861 1237 1891; x_wconf 81' lang='lat' dir='ltr'><strong>perrexerat,</strong></span> <span class='ocrx_word' id='word_1_792' title='bbox 1253 1863 1362 1891; x_wconf 72' lang='lat' dir='ltr'><strong>sumque</strong></span> <span class='ocrx_word' id='word_1_793' title='bbox 1377 1857 1483 1883; x_wconf 89' lang='lat' dir='ltr'><strong>virtutis</strong></span> <span class='ocrx_word' id='word_1_794' title='bbox 1498 1856 1689 1883; x_wconf 84' lang='lat' dir='ltr'><strong>documentum</strong></span> <span class='ocrx_word' id='word_1_795' title='bbox 1701 1855 1861 1890; x_wconf 70' lang='lat' dir='ltr'><strong>prtehuerat.</strong></span> 
     </span>
    </p>
   </div>
   <div class='ocr_carea' id='block_1_100' title="bbox 1071 1901 1862 1938">
    <p class='ocr_par' dir='ltr' id='par_1_100' title="bbox 1071 1901 1862 1938">
     <span class='ocr_line' id='line_1_100' title="bbox 1071 1901 1862 1938; baseline -0.003 -7"><span class='ocrx_word' id='word_1_796' title='bbox 1071 1903 1192 1931; x_wconf 68' lang='lat' dir='ltr'><strong>Ecclesiae</strong></span> <span class='ocrx_word' id='word_1_797' title='bbox 1207 1902 1254 1931; x_wconf 81' lang='lat' dir='ltr'><strong>Dei</strong></span> <span class='ocrx_word' id='word_1_798' title='bbox 1268 1911 1325 1938; x_wconf 65' lang='lat' dir='ltr'><strong>qua:</strong></span> <span class='ocrx_word' id='word_1_799' title='bbox 1336 1909 1372 1930; x_wconf 87' lang='lat' dir='ltr'><strong>est</strong></span> <span class='ocrx_word' id='word_1_800' title='bbox 1390 1902 1514 1930; x_wconf 85' lang='lat' dir='ltr'><strong>Corinthi.</strong></span> <span class='ocrx_word' id='word_1_801' title='bbox 1530 1903 1633 1930; x_wconf 82' lang='lat' dir='ltr'><strong>Rursus</strong></span> <span class='ocrx_word' id='word_1_802' title='bbox 1653 1910 1700 1930; x_wconf 83' lang='lat' dir='ltr'><strong>eos</strong></span> <span class='ocrx_word' id='word_1_803' title='bbox 1715 1901 1862 1929; x_wconf 72' lang='lat' dir='ltr'><strong>Eccle~iam</strong></span> 
     </span>
    </p>
   </div>
   <div class='ocr_carea' id='block_1_101' title="bbox 1070 1947 1862 1983">
    <p class='ocr_par' dir='ltr' id='par_1_101' title="bbox 1070 1947 1862 1983">
     <span class='ocr_line' id='line_1_101' title="bbox 1070 1947 1862 1983; baseline -0.004 -6"><span class='ocrx_word' id='word_1_804' title='bbox 1070 1955 1159 1983; x_wconf 85' lang='lat' dir='ltr'><strong>vocat,</strong></span> <span class='ocrx_word' id='word_1_805' title='bbox 1175 1954 1205 1978; x_wconf 91' lang='lat' dir='ltr'><strong>ut</strong></span> <span class='ocrx_word' id='word_1_806' title='bbox 1217 1957 1311 1977; x_wconf 89' lang='lat' dir='ltr'><strong>omnes</strong></span> <span class='ocrx_word' id='word_1_807' title='bbox 1325 1950 1351 1976; x_wconf 93' lang='lat' dir='ltr'><strong>in</strong></span> <span class='ocrx_word' id='word_1_808' title='bbox 1368 1957 1450 1977; x_wconf 91' lang='lat' dir='ltr'><strong>unum</strong></span> <span class='ocrx_word' id='word_1_809' title='bbox 1467 1949 1592 1977; x_wconf 85' lang='lat' dir='ltr'><strong>conciliet</strong></span> <span class='ocrx_word' id='word_1_810' title='bbox 1606 1957 1638 1976; x_wconf 87' lang='lat' dir='ltr'><strong>ac</strong></span> <span class='ocrx_word' id='word_1_811' title='bbox 1652 1949 1794 1976; x_wconf 87' lang='lat' dir='ltr'><strong>devinciat.</strong></span> <span class='ocrx_word' id='word_1_812' title='bbox 1807 1947 1862 1975; x_wconf 80' lang='lat' dir='ltr'><strong>Ne-</strong></span> 
     </span>
    </p>
   </div>
   <div class='ocr_carea' id='block_1_102' title="bbox 1071 1995 1862 2032">
    <p class='ocr_par' dir='ltr' id='par_1_102' title="bbox 1071 1995 1862 2032">
     <span class='ocr_line' id='line_1_102' title="bbox 1071 1995 1862 2032; baseline -0.003 -8"><span class='ocrx_word' id='word_1_813' title='bbox 1071 2004 1123 2032; x_wconf 87' lang='lat' dir='ltr'><strong>que</strong></span> <span class='ocrx_word' id='word_1_814' title='bbox 1135 1997 1205 2024; x_wconf 88' lang='lat' dir='ltr'><strong>ettim</strong></span> <span class='ocrx_word' id='word_1_815' title='bbox 1221 1996 1339 2024; x_wconf 85' lang='lat' dir='ltr'><strong>Ecclesia</strong></span> <span class='ocrx_word' id='word_1_816' title='bbox 1354 2004 1406 2023; x_wconf 89' lang='lat' dir='ltr'><strong>una</strong></span> <span class='ocrx_word' id='word_1_817' title='bbox 1421 2004 1481 2023; x_wconf 86' lang='lat' dir='ltr'><strong>esse</strong></span> <span class='ocrx_word' id='word_1_818' title='bbox 1495 2001 1584 2031; x_wconf 88' lang='lat' dir='ltr'><strong>queat,</strong></span> <span class='ocrx_word' id='word_1_819' title='bbox 1599 1996 1710 2023; x_wconf 88' lang='lat' dir='ltr'><strong>divulsis</strong></span> <span class='ocrx_word' id='word_1_820' title='bbox 1723 1995 1769 2027; x_wconf 86' lang='lat' dir='ltr'><strong>iis,</strong></span> <span class='ocrx_word' id='word_1_821' title='bbox 1782 2000 1862 2029; x_wconf 85' lang='lat' dir='ltr'><strong>atque</strong></span> 
     </span>
    </p>
   </div>
   <div class='ocr_carea' id='block_1_103' title="bbox 1071 2041 1862 2077">
    <p class='ocr_par' dir='ltr' id='par_1_103' title="bbox 1071 2041 1862 2077">
     <span class='ocr_line' id='line_1_103' title="bbox 1071 2041 1862 2077; baseline -0.004 -7"><span class='ocrx_word' id='word_1_822' title='bbox 1071 2043 1142 2070; x_wconf 89' lang='lat' dir='ltr'><strong>inter</strong></span> <span class='ocrx_word' id='word_1_823' title='bbox 1159 2050 1189 2069; x_wconf 90' lang='lat' dir='ltr'><strong>se</strong></span> <span class='ocrx_word' id='word_1_824' title='bbox 1203 2041 1394 2069; x_wconf 86' lang='lat' dir='ltr'><strong>dissidentibus</strong></span> <span class='ocrx_word' id='word_1_825' title='bbox 1405 2062 1413 2073; x_wconf 87' lang='lat'><strong>,</strong></span> <span class='ocrx_word' id='word_1_826' title='bbox 1437 2042 1482 2077; x_wconf 89' lang='lat' dir='ltr'><strong>qui</strong></span> <span class='ocrx_word' id='word_1_827' title='bbox 1504 2043 1529 2069; x_wconf 89' lang='lat' dir='ltr'><strong>in</strong></span> <span class='ocrx_word' id='word_1_828' title='bbox 1551 2049 1582 2069; x_wconf 87' lang='lat' dir='ltr'><strong>ea</strong></span> <span class='ocrx_word' id='word_1_829' title='bbox 1597 2046 1669 2069; x_wconf 86' lang='lat' dir='ltr'><strong>sunt.</strong></span> <span class='ocrx_word' id='word_1_830' title='bbox 1685 2041 1748 2069; x_wconf 88' lang='lat' dir='ltr'><strong>Cum</strong></span> <span class='ocrx_word' id='word_1_831' title='bbox 1768 2041 1862 2068; x_wconf 83' lang='lat' dir='ltr'><strong>sanctis</strong></span> 
     </span>
    </p>
   </div>
   <div class='ocr_carea' id='block_1_104' title="bbox 1072 2087 1862 2124">
    <p class='ocr_par' dir='ltr' id='par_1_104' title="bbox 1072 2087 1862 2124">
     <span class='ocr_line' id='line_1_104' title="bbox 1072 2087 1862 2124; baseline -0.004 -8"><span class='ocrx_word' id='word_1_832' title='bbox 1072 2089 1187 2116; x_wconf 80' lang='lat' dir='ltr'><strong>omnibus</strong></span> <span class='ocrx_word' id='word_1_833' title='bbox 1201 2089 1245 2124; x_wconf 83' lang='lat' dir='ltr'><strong>qui</strong></span> <span class='ocrx_word' id='word_1_834' title='bbox 1260 2094 1317 2115; x_wconf 87' lang='lat' dir='ltr'><strong>sunt</strong></span> <span class='ocrx_word' id='word_1_835' title='bbox 1330 2088 1355 2114; x_wconf 87' lang='lat' dir='ltr'><strong>in</strong></span> <span class='ocrx_word' id='word_1_836' title='bbox 1371 2088 1486 2114; x_wconf 80' lang='lat' dir='ltr'><strong>universa</strong></span> <span class='ocrx_word' id='word_1_837' title='bbox 1499 2088 1604 2114; x_wconf 78' lang='lat' dir='ltr'><strong>Achaia.</strong></span> <span class='ocrx_word' id='word_1_838' title='bbox 1626 2087 1725 2114; x_wconf 88' lang='lat' dir='ltr'><strong>Eadem</strong></span> <span class='ocrx_word' id='word_1_839' title='bbox 1740 2094 1822 2121; x_wconf 89' lang='lat' dir='ltr'><strong>opera</strong></span> <span class='ocrx_word' id='word_1_840' title='bbox 1835 2091 1862 2114; x_wconf 86' lang='lat' dir='ltr'><strong>et</strong></span> 
     </span>
    </p>
   </div>
   <div class='ocr_carea' id='block_1_105' title="bbox 1070 2131 1861 2167">
    <p class='ocr_par' dir='ltr' id='par_1_105' title="bbox 1070 2131 1861 2167">
     <span class='ocr_line' id='line_1_105' title="bbox 1070 2131 1861 2167; baseline -0.004 -6"><span class='ocrx_word' id='word_1_841' title='bbox 1070 2134 1226 2161; x_wconf 86' lang='lat' dir='ltr'><strong>Corinthios</strong></span> <span class='ocrx_word' id='word_1_842' title='bbox 1241 2133 1343 2161; x_wconf 88' lang='lat' dir='ltr'><strong>honore</strong></span> <span class='ocrx_word' id='word_1_843' title='bbox 1356 2133 1447 2165; x_wconf 78' lang='lat' dir='ltr'><strong>afﬁcit,</strong></span> <span class='ocrx_word' id='word_1_844' title='bbox 1463 2133 1526 2160; x_wconf 90' lang='lat' dir='ltr'><strong>dum</strong></span> <span class='ocrx_word' id='word_1_845' title='bbox 1546 2140 1595 2167; x_wconf 77' lang='lat' dir='ltr'><strong>per</strong></span> <span class='ocrx_word' id='word_1_846' title='bbox 1607 2141 1665 2160; x_wconf 84' lang='lat' dir='ltr'><strong>eam</strong></span> <span class='ocrx_word' id='word_1_847' title='bbox 1679 2139 1757 2167; x_wconf 88' lang='lat' dir='ltr'><strong>quam</strong></span> <span class='ocrx_word' id='word_1_848' title='bbox 1769 2131 1802 2158; x_wconf 87' lang='lat' dir='ltr'><strong>ad</strong></span> <span class='ocrx_word' id='word_1_849' title='bbox 1814 2139 1861 2159; x_wconf 89' lang='lat' dir='ltr'><strong>eos</strong></span> 
     </span>
    </p>
   </div>
   <div class='ocr_carea' id='block_1_106' title="bbox 1071 2178 1863 2214">
    <p class='ocr_par' dir='ltr' id='par_1_106' title="bbox 1071 2178 1863 2214">
     <span class='ocr_line' id='line_1_106' title="bbox 1071 2178 1863 2214; baseline -0.003 -8"><span class='ocrx_word' id='word_1_850' title='bbox 1071 2180 1164 2207; x_wconf 86' lang='lat' dir='ltr'><strong>scribit</strong></span> <span class='ocrx_word' id='word_1_851' title='bbox 1177 2179 1316 2214; x_wconf 79' lang='lat' dir='ltr'><strong>epistolam</strong></span> <span class='ocrx_word' id='word_1_852' title='bbox 1329 2186 1422 2207; x_wconf 90' lang='lat' dir='ltr'><strong>oumes</strong></span> <span class='ocrx_word' id='word_1_853' title='bbox 1437 2179 1597 2211; x_wconf 85' lang='lat' dir='ltr'><strong>consalutat,</strong></span> <span class='ocrx_word' id='word_1_854' title='bbox 1609 2183 1634 2206; x_wconf 89' lang='lat' dir='ltr'><strong>et</strong></span> <span class='ocrx_word' id='word_1_855' title='bbox 1650 2178 1801 2205; x_wconf 87' lang='lat' dir='ltr'><strong>universam</strong></span> <span class='ocrx_word' id='word_1_856' title='bbox 1816 2185 1863 2204; x_wconf 84' lang='lat' dir='ltr'><strong>na-</strong></span> 
     </span>
    </p>
   </div>
   <div class='ocr_carea' id='block_1_107' title="bbox 1073 2224 1862 2257">
    <p class='ocr_par' dir='ltr' id='par_1_107' title="bbox 1073 2224 1862 2257">
     <span class='ocr_line' id='line_1_107' title="bbox 1073 2224 1862 2257; baseline -0.003 -4"><span class='ocrx_word' id='word_1_857' title='bbox 1073 2226 1172 2253; x_wconf 86' lang='lat' dir='ltr'><strong>tionem</strong></span> <span class='ocrx_word' id='word_1_858' title='bbox 1189 2225 1258 2253; x_wconf 89' lang='lat' dir='ltr'><strong>inter</strong></span> <span class='ocrx_word' id='word_1_859' title='bbox 1271 2232 1300 2253; x_wconf 88' lang='lat' dir='ltr'><strong>se</strong></span> <span class='ocrx_word' id='word_1_860' title='bbox 1314 2225 1448 2252; x_wconf 82' lang='lat' dir='ltr'><strong>conciliat.</strong></span> <span class='ocrx_word' id='word_1_861' title='bbox 1463 2224 1577 2252; x_wconf 78' lang='lat' dir='ltr'><strong>Sanctus</strong></span> <span class='ocrx_word' id='word_1_862' title='bbox 1591 2229 1679 2252; x_wconf 91' lang='lat' dir='ltr'><strong>autem</strong></span> <span class='ocrx_word' id='word_1_863' title='bbox 1699 2231 1747 2252; x_wconf 88' lang='lat' dir='ltr'><strong>eos</strong></span> <span class='ocrx_word' id='word_1_864' title='bbox 1766 2228 1862 2257; x_wconf 86' lang='lat' dir='ltr'><strong>vocat,</strong></span> 
     </span>
    </p>
   </div>
   <div class='ocr_carea' id='block_1_108' title="bbox 1072 2270 1862 2305">
    <p class='ocr_par' dir='ltr' id='par_1_108' title="bbox 1072 2270 1862 2305">
     <span class='ocr_line' id='line_1_108' title="bbox 1072 2270 1862 2305; baseline -0.003 -7"><span class='ocrx_word' id='word_1_865' title='bbox 1072 2276 1101 2298; x_wconf 89' lang='lat' dir='ltr'><strong>ut</strong></span> <span class='ocrx_word' id='word_1_866' title='bbox 1115 2271 1237 2298; x_wconf 85' lang='lat' dir='ltr'><strong>ostendat</strong></span> <span class='ocrx_word' id='word_1_867' title='bbox 1255 2270 1288 2298; x_wconf 91' lang='lat' dir='ltr'><strong>ab</strong></span> <span class='ocrx_word' id='word_1_868' title='bbox 1304 2270 1353 2298; x_wconf 88' lang='lat' dir='ltr'><strong>hac</strong></span> <span class='ocrx_word' id='word_1_869' title='bbox 1365 2271 1544 2305; x_wconf 76' lang='lat' dir='ltr'><strong>appellatione</strong></span> <span class='ocrx_word' id='word_1_870' title='bbox 1562 2270 1679 2297; x_wconf 86' lang='lat' dir='ltr'><strong>alienum</strong></span> <span class='ocrx_word' id='word_1_871' title='bbox 1695 2277 1772 2301; x_wconf 88' lang='lat' dir='ltr'><strong>esse,</strong></span> <span class='ocrx_word' id='word_1_872' title='bbox 1787 2270 1862 2305; x_wconf 86' lang='lat' dir='ltr'><strong>quis-</strong></span> 
     </span>
    </p>
   </div>
   <div class='ocr_carea' id='block_1_109' title="bbox 1072 2316 1862 2352">
    <p class='ocr_par' dir='ltr' id='par_1_109' title="bbox 1072 2316 1862 2352">
     <span class='ocr_line' id='line_1_109' title="bbox 1072 2316 1862 2352; baseline -0.001 -9"><span class='ocrx_word' id='word_1_873' title='bbox 1072 2317 1132 2352; x_wconf 83' lang='lat' dir='ltr'><strong>quis</strong></span> <span class='ocrx_word' id='word_1_874' title='bbox 1157 2317 1267 2352; x_wconf 90' lang='lat' dir='ltr'><strong>impuris</strong></span> <span class='ocrx_word' id='word_1_875' title='bbox 1291 2321 1332 2344; x_wconf 87' lang='lat' dir='ltr'><strong>est</strong></span> <span class='ocrx_word' id='word_1_876' title='bbox 1353 2317 1481 2344; x_wconf 86' lang='lat' dir='ltr'><strong>moribus.</strong></span> <span class='ocrx_word' id='word_1_877' title='bbox 1508 2317 1542 2344; x_wconf 86' lang='lat' dir='ltr'><strong>Et</strong></span> <span class='ocrx_word' id='word_1_878' title='bbox 1564 2324 1612 2344; x_wconf 91' lang='lat' dir='ltr'><strong>cur</strong></span> <span class='ocrx_word' id='word_1_879' title='bbox 1633 2316 1666 2343; x_wconf 90' lang='lat' dir='ltr'><strong>ad</strong></span> <span class='ocrx_word' id='word_1_880' title='bbox 1692 2316 1862 2350; x_wconf 89' lang='lat' dir='ltr'><strong>metropolim</strong></span> 
     </span>
    </p>
   </div>
   <div class='ocr_carea' id='block_1_110' title="bbox 1071 2361 1863 2398">
    <p class='ocr_par' dir='ltr' id='par_1_110' title="bbox 1071 2361 1863 2398">
     <span class='ocr_line' id='line_1_110' title="bbox 1071 2361 1863 2398; baseline -0.001 -8"><span class='ocrx_word' id='word_1_881' title='bbox 1071 2363 1202 2397; x_wconf 86' lang='lat' dir='ltr'><strong>scribens,</strong></span> <span class='ocrx_word' id='word_1_882' title='bbox 1225 2364 1350 2390; x_wconf 87' lang='lat' dir='ltr'><strong>oumibus</strong></span> <span class='ocrx_word' id='word_1_883' title='bbox 1372 2370 1420 2398; x_wconf 89' lang='lat' dir='ltr'><strong>per</strong></span> <span class='ocrx_word' id='word_1_884' title='bbox 1441 2371 1500 2389; x_wconf 82' lang='lat' dir='ltr'><strong>eam</strong></span> <span class='ocrx_word' id='word_1_885' title='bbox 1521 2362 1625 2395; x_wconf 89' lang='lat' dir='ltr'><strong>scribit,</strong></span> <span class='ocrx_word' id='word_1_886' title='bbox 1646 2369 1705 2390; x_wconf 92' lang='lat' dir='ltr'><strong>cum</strong></span> <span class='ocrx_word' id='word_1_887' title='bbox 1726 2362 1751 2389; x_wconf 82' lang='lat' dir='ltr'><strong>id</strong></span> <span class='ocrx_word' id='word_1_888' title='bbox 1765 2361 1863 2396; x_wconf 83' lang='lat' dir='ltr'><strong>ubique</strong></span> 
     </span>
    </p>
   </div>
   <div class='ocr_carea' id='block_1_111' title="bbox 1071 2407 1863 2443">
    <p class='ocr_par' dir='ltr' id='par_1_111' title="bbox 1071 2407 1863 2443">
     <span class='ocr_line' id='line_1_111' title="bbox 1071 2407 1863 2443; baseline -0.001 -8"><span class='ocrx_word' id='word_1_889' title='bbox 1071 2409 1180 2436; x_wconf 89' lang='lat' dir='ltr'><strong>minime</strong></span> <span class='ocrx_word' id='word_1_890' title='bbox 1202 2408 1297 2435; x_wconf 86' lang='lat' dir='ltr'><strong>faciat?</strong></span> <span class='ocrx_word' id='word_1_891' title='bbox 1315 2407 1453 2443; x_wconf 88' lang='lat' dir='ltr'><strong>Siquidem</strong></span> <span class='ocrx_word' id='word_1_892' title='bbox 1472 2415 1533 2435; x_wconf 91' lang='lat' dir='ltr'><strong>cum</strong></span> <span class='ocrx_word' id='word_1_893' title='bbox 1554 2407 1587 2434; x_wconf 90' lang='lat' dir='ltr'><strong>ad</strong></span> <span class='ocrx_word' id='word_1_894' title='bbox 1607 2407 1863 2435; x_wconf 84' lang='lat' dir='ltr'><strong>Thessalonicenses</strong></span> 
     </span>
    </p>
   </div>
   <div class='ocr_carea' id='block_1_112' title="bbox 1072 2453 1863 2488">
    <p class='ocr_par' dir='ltr' id='par_1_112' title="bbox 1072 2453 1863 2488">
     <span class='ocr_line' id='line_1_112' title="bbox 1072 2453 1863 2488; baseline -0.004 -6"><span class='ocrx_word' id='word_1_895' title='bbox 1072 2456 1164 2482; x_wconf 85' lang='lat' dir='ltr'><strong>literas</strong></span> <span class='ocrx_word' id='word_1_896' title='bbox 1182 2454 1275 2486; x_wconf 89' lang='lat' dir='ltr'><strong>daret,</strong></span> <span class='ocrx_word' id='word_1_897' title='bbox 1291 2462 1344 2481; x_wconf 91' lang='lat' dir='ltr'><strong>non</strong></span> <span class='ocrx_word' id='word_1_898' title='bbox 1360 2453 1394 2481; x_wconf 85' lang='lat' dir='ltr'><strong>ad</strong></span> <span class='ocrx_word' id='word_1_899' title='bbox 1408 2453 1567 2481; x_wconf 80' lang='lat' dir='ltr'><strong>Macedones</strong></span> <span class='ocrx_word' id='word_1_900' title='bbox 1591 2460 1696 2488; x_wconf 91' lang='lat' dir='ltr'><strong>quoque</strong></span> <span class='ocrx_word' id='word_1_901' title='bbox 1709 2453 1863 2485; x_wconf 82' lang='lat' dir='ltr'><strong>scribebat;</strong></span> 
     </span>
    </p>
   </div>
   <div class='ocr_carea' id='block_1_113' title="bbox 1072 2499 1864 2535">
    <p class='ocr_par' dir='ltr' id='par_1_113' title="bbox 1072 2499 1864 2535">
     <span class='ocr_line' id='line_1_113' title="bbox 1072 2499 1864 2535; baseline -0.004 -7"><span class='ocrx_word' id='word_1_902' title='bbox 1072 2509 1121 2529; x_wconf 91' lang='lat' dir='ltr'><strong>nec</strong></span> <span class='ocrx_word' id='word_1_903' title='bbox 1141 2501 1204 2529; x_wconf 87' lang='lat' dir='ltr'><strong>item</strong></span> <span class='ocrx_word' id='word_1_904' title='bbox 1231 2501 1354 2535; x_wconf 84' lang='lat' dir='ltr'><strong>Ephesiis</strong></span> <span class='ocrx_word' id='word_1_905' title='bbox 1375 2500 1506 2533; x_wconf 85' lang='lat' dir='ltr'><strong>scribens,</strong></span> <span class='ocrx_word' id='word_1_906' title='bbox 1531 2500 1682 2527; x_wconf 73' lang='lat' dir='ltr'><strong>universam</strong></span> <span class='ocrx_word' id='word_1_907' title='bbox 1705 2499 1796 2526; x_wconf 81' lang='lat' dir='ltr'><strong>Asiam</strong></span> <span class='ocrx_word' id='word_1_908' title='bbox 1813 2506 1864 2525; x_wconf 85' lang='lat' dir='ltr'><strong>una</strong></span> 
     </span>
    </p>
   </div>
   <div class='ocr_carea' id='block_1_114' title="bbox 1071 2545 1865 2582">
    <p class='ocr_par' dir='ltr' id='par_1_114' title="bbox 1071 2545 1865 2582">
     <span class='ocr_line' id='line_1_114' title="bbox 1071 2545 1865 2582; baseline -0.004 -8"><span class='ocrx_word' id='word_1_909' title='bbox 1071 2547 1227 2582; x_wconf 86' lang='lat' dir='ltr'><strong>complexus</strong></span> <span class='ocrx_word' id='word_1_910' title='bbox 1248 2551 1304 2578; x_wconf 83' lang='lat' dir='ltr'><strong>est;</strong></span> <span class='ocrx_word' id='word_1_911' title='bbox 1329 2553 1378 2574; x_wconf 90' lang='lat' dir='ltr'><strong>nec</strong></span> <span class='ocrx_word' id='word_1_912' title='bbox 1402 2545 1519 2580; x_wconf 90' lang='lat' dir='ltr'><strong>denique</strong></span> <span class='ocrx_word' id='word_1_913' title='bbox 1535 2545 1653 2581; x_wconf 84' lang='lat' dir='ltr'><strong>Epistola</strong></span> <span class='ocrx_word' id='word_1_914' title='bbox 1671 2545 1705 2572; x_wconf 85' lang='lat' dir='ltr'><strong>ad</strong></span> <span class='ocrx_word' id='word_1_915' title='bbox 1727 2545 1865 2572; x_wconf 79' lang='lat' dir='ltr'><strong>Romanos</strong></span> 
     </span>
    </p>
   </div>
   <div class='ocr_carea' id='block_1_115' title="bbox 1073 2590 1865 2628">
    <p class='ocr_par' dir='ltr' id='par_1_115' title="bbox 1073 2590 1865 2628">
     <span class='ocr_line' id='line_1_115' title="bbox 1073 2590 1865 2628; baseline -0.006 -6"><span class='ocrx_word' id='word_1_916' title='bbox 1073 2595 1106 2622; x_wconf 90' lang='lat' dir='ltr'><strong>iis</strong></span> <span class='ocrx_word' id='word_1_917' title='bbox 1125 2594 1217 2627; x_wconf 87' lang='lat' dir='ltr'><strong>etiam,</strong></span> <span class='ocrx_word' id='word_1_918' title='bbox 1235 2593 1279 2628; x_wconf 89' lang='lat' dir='ltr'><strong>qui</strong></span> <span class='ocrx_word' id='word_1_919' title='bbox 1301 2593 1327 2620; x_wconf 94' lang='lat' dir='ltr'><strong>in</strong></span> <span class='ocrx_word' id='word_1_920' title='bbox 1348 2593 1423 2620; x_wconf 90' lang='lat' dir='ltr'><strong>Italia</strong></span> <span class='ocrx_word' id='word_1_921' title='bbox 1443 2592 1628 2624; x_wconf 85' lang='lat' dir='ltr'><strong>versabantur,</strong></span> <span class='ocrx_word' id='word_1_922' title='bbox 1646 2591 1726 2618; x_wconf 84' lang='lat' dir='ltr'><strong>missa</strong></span> <span class='ocrx_word' id='word_1_923' title='bbox 1747 2595 1799 2618; x_wconf 86' lang='lat' dir='ltr'><strong>est.</strong></span> <span class='ocrx_word' id='word_1_924' title='bbox 1817 2590 1865 2617; x_wconf 82' lang='lat' dir='ltr'><strong>llic</strong></span> 
     </span>
    </p>
   </div>
   <div class='ocr_carea' id='block_1_116' title="bbox 1072 2637 1863 2675">
    <p class='ocr_par' dir='ltr' id='par_1_116' title="bbox 1072 2637 1863 2675">
     <span class='ocr_line' id='line_1_116' title="bbox 1072 2637 1863 2675; baseline -0.006 -7"><span class='ocrx_word' id='word_1_925' title='bbox 1072 2647 1161 2670; x_wconf 87' lang='lat' dir='ltr'><strong>autem</strong></span> <span class='ocrx_word' id='word_1_926' title='bbox 1176 2641 1226 2668; x_wconf 90' lang='lat' dir='ltr'><strong>hoc</strong></span> <span class='ocrx_word' id='word_1_927' title='bbox 1239 2640 1318 2672; x_wconf 87' lang='lat' dir='ltr'><strong>facit,</strong></span> <span class='ocrx_word' id='word_1_928' title='bbox 1336 2645 1416 2675; x_wconf 89' lang='lat' dir='ltr'><strong>atque</strong></span> <span class='ocrx_word' id='word_1_929' title='bbox 1436 2640 1498 2668; x_wconf 89' lang='lat' dir='ltr'><strong>item</strong></span> <span class='ocrx_word' id='word_1_930' title='bbox 1519 2639 1544 2666; x_wconf 92' lang='lat' dir='ltr'><strong>in</strong></span> <span class='ocrx_word' id='word_1_931' title='bbox 1566 2638 1683 2673; x_wconf 87' lang='lat' dir='ltr'><strong>Epistola</strong></span> <span class='ocrx_word' id='word_1_932' title='bbox 1696 2637 1729 2665; x_wconf 87' lang='lat' dir='ltr'><strong>ad</strong></span> <span class='ocrx_word' id='word_1_933' title='bbox 1744 2637 1863 2665; x_wconf 87' lang='lat' dir='ltr'><strong>Galatas.</strong></span> 
     </span>
    </p>
   </div>
   <div class='ocr_carea' id='block_1_117' title="bbox 1072 2682 1864 2722">
    <p class='ocr_par' dir='ltr' id='par_1_117' title="bbox 1072 2682 1864 2722">
     <span class='ocr_line' id='line_1_117' title="bbox 1072 2682 1864 2722; baseline -0.005 -9"><span class='ocrx_word' id='word_1_934' title='bbox 1072 2686 1163 2722; x_wconf 88' lang='lat' dir='ltr'><strong>Neque</strong></span> <span class='ocrx_word' id='word_1_935' title='bbox 1177 2686 1248 2713; x_wconf 92' lang='lat' dir='ltr'><strong>enitn</strong></span> <span class='ocrx_word' id='word_1_936' title='bbox 1263 2685 1317 2713; x_wconf 88' lang='lat' dir='ltr'><strong>illic</strong></span> <span class='ocrx_word' id='word_1_937' title='bbox 1332 2686 1377 2712; x_wconf 93' lang='lat' dir='ltr'><strong>uni</strong></span> <span class='ocrx_word' id='word_1_938' title='bbox 1391 2685 1539 2717; x_wconf 80' lang='lat' dir='ltr'><strong>dumtaxat,</strong></span> <span class='ocrx_word' id='word_1_939' title='bbox 1559 2689 1605 2711; x_wconf 89' lang='lat' dir='ltr'><strong>attt</strong></span> <span class='ocrx_word' id='word_1_940' title='bbox 1620 2683 1734 2715; x_wconf 89' lang='lat' dir='ltr'><strong>duabus,</strong></span> <span class='ocrx_word' id='word_1_941' title='bbox 1754 2687 1801 2710; x_wconf 90' lang='lat' dir='ltr'><strong>aut</strong></span> <span class='ocrx_word' id='word_1_942' title='bbox 1815 2682 1864 2709; x_wconf 91' lang='lat' dir='ltr'><strong>tri-</strong></span> 
     </span>
    </p>
   </div>
   <div class='ocr_carea' id='block_1_118' title="bbox 1072 2729 1862 2766">
    <p class='ocr_par' dir='ltr' id='par_1_118' title="bbox 1072 2729 1862 2766">
     <span class='ocr_line' id='line_1_118' title="bbox 1072 2729 1862 2766; baseline -0.006 -7"><span class='ocrx_word' id='word_1_943' title='bbox 1072 2732 1123 2759; x_wconf 86' lang='lat' dir='ltr'><strong>bus</strong></span> <span class='ocrx_word' id='word_1_944' title='bbox 1146 2731 1310 2764; x_wconf 84' lang='lat' dir='ltr'><strong>civitatibus,</strong></span> <span class='ocrx_word' id='word_1_945' title='bbox 1335 2731 1382 2758; x_wconf 89' lang='lat' dir='ltr'><strong>sed</strong></span> <span class='ocrx_word' id='word_1_946' title='bbox 1405 2731 1438 2758; x_wconf 92' lang='lat' dir='ltr'><strong>iis</strong></span> <span class='ocrx_word' id='word_1_947' title='bbox 1460 2730 1505 2766; x_wconf 90' lang='lat' dir='ltr'><strong>qui</strong></span> <span class='ocrx_word' id='word_1_948' title='bbox 1528 2731 1626 2766; x_wconf 87' lang='lat' dir='ltr'><strong>passim</strong></span> <span class='ocrx_word' id='word_1_949' title='bbox 1647 2729 1760 2764; x_wconf 77' lang='lat' dir='ltr'><strong>dispersi</strong></span> <span class='ocrx_word' id='word_1_950' title='bbox 1786 2731 1862 2755; x_wconf 87' lang='lat' dir='ltr'><strong>erant</strong></span> 
     </span>
    </p>
   </div>
   <div class='ocr_carea' id='block_1_119' title="bbox 1072 2772 1864 2810">
    <p class='ocr_par' dir='ltr' id='par_1_119' title="bbox 1072 2772 1864 2810">
     <span class='ocr_line' id='line_1_119' title="bbox 1072 2772 1864 2810; baseline -0.009 -5"><span class='ocrx_word' id='word_1_951' title='bbox 1072 2777 1165 2805; x_wconf 86' lang='lat' dir='ltr'><strong>scribit</strong></span> <span class='ocrx_word' id='word_1_952' title='bbox 1177 2797 1184 2809; x_wconf 96' lang='lat'><strong>,</strong></span> <span class='ocrx_word' id='word_1_953' title='bbox 1202 2777 1242 2804; x_wconf 88' lang='lat' dir='ltr'><strong>itis</strong></span> <span class='ocrx_word' id='word_1_954' title='bbox 1262 2776 1351 2804; x_wconf 86' lang='lat' dir='ltr'><strong>verbis</strong></span> <span class='ocrx_word' id='word_1_955' title='bbox 1370 2780 1467 2803; x_wconf 84' lang='lat' dir='ltr'><strong>utens:</strong></span> <span class='ocrx_word' id='word_1_956' title='bbox 1486 2775 1583 2802; x_wconf 77' lang='lat' dir='ltr'><strong>Paulus</strong></span> <span class='ocrx_word' id='word_1_957' title='bbox 1600 2775 1746 2810; x_wconf 82' lang='lat' dir='ltr'><strong>apostolus,</strong></span> <span class='ocrx_word' id='word_1_958' title='bbox 1768 2781 1819 2800; x_wconf 81' lang='lat' dir='ltr'><strong>non</strong></span> <span class='ocrx_word' id='word_1_959' title='bbox 1835 2772 1864 2798; x_wconf 82' lang='lat' dir='ltr'><strong>ab</strong></span> 
     </span>
    </p>
   </div>
   <div class='ocr_carea' id='block_1_120' title="bbox 1073 2819 1865 2858">
    <p class='ocr_par' dir='ltr' id='par_1_120' title="bbox 1073 2819 1865 2858">
     <span class='ocr_line' id='line_1_120' title="bbox 1073 2819 1865 2858; baseline -0.006 -8"><span class='ocrx_word' id='word_1_960' title='bbox 1073 2823 1214 2850; x_wconf 87' lang='lat' dir='ltr'><strong>hontinibus</strong></span> <span class='ocrx_word' id='word_1_961' title='bbox 1227 2831 1271 2850; x_wconf 81' lang='lat' dir='ltr'><strong>nec</strong></span> <span class='ocrx_word' id='word_1_962' title='bbox 1285 2831 1328 2858; x_wconf 80' lang='lat' dir='ltr'><strong>per</strong></span> <span class='ocrx_word' id='word_1_963' title='bbox 1339 2823 1475 2856; x_wconf 85' lang='lat' dir='ltr'><strong>hominem,</strong></span> <span class='ocrx_word' id='word_1_964' title='bbox 1489 2822 1534 2850; x_wconf 81' lang='lat' dir='ltr'><strong>sed</strong></span> <span class='ocrx_word' id='word_1_965' title='bbox 1549 2830 1593 2857; x_wconf 81' lang='lat' dir='ltr'><strong>per</strong></span> <span class='ocrx_word' id='word_1_966' title='bbox 1605 2823 1693 2849; x_wconf 78' lang='lat' dir='ltr'><strong>Iesum</strong></span> <span class='ocrx_word' id='word_1_967' title='bbox 1703 2819 1865 2848; x_wconf 75' lang='lat' dir='ltr'><strong>Christumet</strong></span> 
     </span>
    </p>
   </div>
   <div class='ocr_carea' id='block_1_121' title="bbox 1073 2866 1864 2906">
    <p class='ocr_par' dir='ltr' id='par_1_121' title="bbox 1073 2866 1864 2906">
     <span class='ocr_line' id='line_1_121' title="bbox 1073 2866 1864 2906; baseline -0.008 -9"><span class='ocrx_word' id='word_1_968' title='bbox 1073 2870 1154 2898; x_wconf 86' lang='lat' dir='ltr'><strong>Deum</strong></span> <span class='ocrx_word' id='word_1_969' title='bbox 1167 2870 1279 2904; x_wconf 81' lang='lat' dir='ltr'><strong>Patrem,</strong></span> <span class='ocrx_word' id='word_1_970' title='bbox 1292 2869 1336 2906; x_wconf 81' lang='lat' dir='ltr'><strong>qui</strong></span> <span class='ocrx_word' id='word_1_971' title='bbox 1348 2869 1476 2897; x_wconf 78' lang='lat' dir='ltr'><strong>suscitavit</strong></span> <span class='ocrx_word' id='word_1_972' title='bbox 1485 2877 1540 2897; x_wconf 82' lang='lat' dir='ltr'><strong>eum</strong></span> <span class='ocrx_word' id='word_1_973' title='bbox 1548 2877 1579 2896; x_wconf 75' lang='lat' dir='ltr'><strong>ea:</strong></span> <span class='ocrx_word' id='word_1_974' title='bbox 1588 2867 1702 2901; x_wconf 80' lang='lat' dir='ltr'><strong>mortuis,</strong></span> <span class='ocrx_word' id='word_1_975' title='bbox 1719 2871 1743 2894; x_wconf 77' lang='lat' dir='ltr'><strong>et</strong></span> <span class='ocrx_word' id='word_1_976' title='bbox 1756 2866 1799 2903; x_wconf 81' lang='lat' dir='ltr'><strong>qui</strong></span> <span class='ocrx_word' id='word_1_977' title='bbox 1813 2872 1864 2892; x_wconf 74' lang='lat' dir='ltr'><strong>me-</strong></span> 
     </span>
    </p>
   </div>
  </div>
