2021 3117
121 123 178 150 385

120 188 182 206 eum
194 183 253 205 sunt
265 185 351 205 onmu
364 177 467 213 fratrea,
482 175 601 204 Ecclesiis
616 175 724 204 Galatia
738 184 748 203 :
770 175 858 203 Gratia
869 184 911 203 vo-

121 224 161 251 bis
175 229 200 250 et
213 232 265 258 pas;
284 222 355 256 (Gal.
375 223 400 250 Ι.
423 223 448 249 ι.
469 222 507 257 3).
523 222 590 254 Quin
609 221 642 248 ad
664 221 789 248 Hebrmos
808 229 913 256 quoque

126 277 208 296 unam
229 268 377 304 generatim
388 268 536 304 “epistolam
554 267 677 301 scripsit,
693 274 742 294 nec
757 274 803 294 eos
816 274 863 301 per
876 266 913 293 ci-

122 315 221 341 vitates
243 314 376 341 distinxit.
395 313 521 346 Quatnam
543 312 621 347 igitur
641 312 751 346 hujusce
774 312 813 339 rei
833 318 912 338 causa

121 359 186 387 est?
210 359 267 386 Mea
290 359 396 394 quidem
419 357 571 388 sententia.
594 357 664 392 quod
689 364 846 384 communes
870 357 912 384 hic

123 404 212 432 morbi
227 409 335 436 essent;
354 404 412 430 ideo
426 410 594 430 communem
608 410 712 437 quoque
725 403 862 437 epistolam
874 402 912 429 fa-

122 450 170 481 cit.
194 450 256 484 quia
277 449 411 484 communi
426 448 596 476 correctione
617 447 781 483 indigebant.
807 448 912 475 Etenim

123 495 227 523 Galatze
240 501 335 522 omnes
351 493 444 521 morbo
459 493 615 520 laborabant
633 497 659 521 et
674 493 794 526 Hebrazi,
813 497 910 527 atque,

124 545 153 567 ut
165 547 226 567 mea
239 539 330 574 opinio
343 539 403 571 fert,
419 537 446 565 hi
458 546 572 574 quoque.
587 538 764 572 Quamobrem
779 545 838 566 cum
851 538 910 564 uni-

125 593 230 614 versam
240 585 376 613 nationcm
390 589 585 619 congregasset,
599 590 677 619 alque
691 591 747 616 eos,
758 588 787 611 ut
796 583 911 618 reliquos

124 638 219 658 omnes
232 633 426 662 consueverat,
440 629 599 661 salutasset;
616 628 703 656 Gratia
719 628 790 655 enim
809 633 831 655 et
849 637 909 662 pax,

125 676 221 711 inquit,
245 684 261 703 a
280 675 335 702 Deo
355 675 433 702 Putre
447 680 533 713 nostro
552 679 576 702 et
589 674 698 701 Domino
712 674 774 701 Jesu
792 673 890 701 Christo
901 682 911 706 ,-

124 722 187 749 audi
195 722 253 756 jam
261 721 395 756 quomodo
408 719 607 747 accommodate
621 719 654 747 ad
671 720 818 746 institutum
831 727 910 754 argu-

126 761 247 796 mentum
261 767 420 795 exordiatur.
441 766 588 793 Benedictus
603 765 671 793 Deus
685 771 708 793 et
722 765 800 792 Pater
811 765 912 792 Domini

125 813 206 840 nostri
230 811 293 840 Iesu
315 811 419 846 Christi,
443 811 521 839 Pater
541 811 784 844 miseritordiarum,
800 816 823 838 et
845 810 911 838 Deus

125 859 203 886 totius
226 857 413 885 aemulationis.
436 856 554 891 Quonam
576 862 664 885 autem
687 857 777 891 tnodo,
797 857 910 892 inquies,

126 903 178 931 hoc
192 904 314 939 praesenti
325 909 480 937 argumento
494 903 634 938 congruit?
649 902 760 929 Maxime
773 910 837 930 sane
852 912 859 929 :
873 903 912 930 sic

126 949 198 977 enim
218 949 339 984 expende
355 958 361 976 :
375 956 470 984 magna
492 950 541 976 hoc
556 956 603 976 eos
622 949 741 976 molestia
758 953 785 976 et
804 954 911 984 pertur-

126 995 235 1022 batione
257 994 402 1028 afﬁciebat,
416 993 485 1029 quod
498 994 634 1028 apostolus
649 994 710 1021 illuc
725 994 833 1022 minime
847 1001 910 1029 pro-

127 1040 212 1068 fectus
226 1040 336 1073 fuisset,
347 1047 407 1067 cum
423 1039 450 1066 id
461 1048 489 1067 se
505 1041 634 1067 facturum
648 1040 846 1075 spopondisset,
861 1048 910 1067 ve-

128 1094 186 1113 rum
197 1086 350 1113 universum
366 1090 469 1120 tempus
483 1087 508 1113 in
523 1086 675 1113 Macedonia
689 1087 909 1121 consumpsisset,

127 1132 247 1167 aliosque
268 1131 333 1167 ipsis
354 1131 486 1159 anteferre
514 1131 658 1159 videretur.
684 1132 771 1166 Quare
795 1136 823 1159 ut
844 1132 912 1159 hanc

129 1178 352 1214 perturbationem
363 1178 528 1214 comprimat,
540 1186 645 1205 causam
657 1179 773 1213 exponit,
788 1179 822 1206 ob
832 1186 912 1214 quam

129 1225 238 1253 minime
251 1224 284 1252 ad
299 1231 346 1252 eos
359 1225 514 1259 perrexeril.
533 1223 587 1252 Nec
600 1229 687 1251 tamen
702 1230 774 1251 recta
789 1232 847 1251 eam
862 1231 911 1259 po-

129 1271 180 1303 nit,
195 1277 245 1297 nec
257 1269 304 1303 ait,
324 1268 386 1297 Scio
398 1269 503 1304 quidem
516 1269 586 1304 quod
602 1269 735 1304 pollicitus
750 1277 809 1296 sum
823 1278 865 1296 me
878 1269 911 1296 ad

131 1323 179 1344 Vos
193 1320 343 1349 venturum,
358 1315 415 1349 sed,
439 1315 500 1351 quia
522 1315 686 1345 calamitates
707 1316 771 1342 mihi
792 1316 912 1350 impedi-

130 1366 221 1390 mento
241 1361 326 1394 fuere,
352 1362 490 1396 ignoscite.
514 1369 621 1396 quaso,
645 1369 694 1389 nec
716 1369 758 1389 me
780 1362 912 1396 superbia:

129 1407 266 1443 cujusdam
287 1411 333 1434 aut
352 1407 516 1442 negligentia:
529 1407 705 1434 condemnate
728 1415 735 1432 :
756 1414 847 1434 verum
861 1407 910 1434 alia

130 1455 234 1482 ratione
246 1461 279 1482 ac
291 1454 503 1489 magniﬁcentius
516 1458 596 1488 atque
618 1453 651 1480 ad
672 1453 750 1480 ﬁdem
766 1453 911 1480 faciendam

130 1500 354 1529 accommodatius
370 1500 419 1527 hoc
431 1499 501 1527 idem
516 1499 608 1532 efficit,
622 1507 678 1526 rem
691 1506 740 1533 per
753 1499 913 1526 consolatio-

131 1555 192 1574 nem
204 1546 369 1582 amplilicans
384 1554 390 1573 :
405 1554 457 1581 quo
469 1545 596 1580 deinceps
609 1546 657 1580 ipsi
674 1553 726 1572 non
743 1545 913 1572 sciscitentur

130 1601 179 1620 cur
197 1592 230 1619 ad
244 1600 290 1620 eos
304 1592 393 1619 venire
406 1596 544 1619 cunctatus
557 1591 599 1618 sit.
618 1593 655 1618 Ac
669 1591 779 1626 perinde
797 1591 869 1623 facit,
884 1595 913 1617 ut

130 1639 153 1666 si
171 1638 240 1673 quis,
258 1645 318 1665 cum
334 1645 363 1665 se
383 1637 416 1664 ad
437 1637 570 1672 aliquem,
592 1645 670 1672 quem
690 1644 780 1664 carum
806 1637 911 1671 habeat,

130 1690 270 1711 venturum
284 1690 345 1710 esse
364 1683 516 1717 recepisset,
533 1690 565 1709 ac
579 1687 669 1718 postea
684 1683 828 1710 innumeris
841 1683 913 1717 peri-

130 1730 199 1756 culis
210 1729 362 1764 perfunctus
373 1729 469 1762 veniat,
478 1735 508 1755 ac
523 1728 608 1755 dicat:
619 1727 707 1755 Gloria
719 1728 764 1755 tibi
775 1729 820 1761 sit,
833 1728 912 1762 Deus,

130 1774 203 1810 quod
224 1770 317 1802 faciem
341 1774 404 1801 mihi
426 1782 514 1801 caram
535 1781 566 1801 ac
592 1774 768 1802 desideratam
798 1775 915 1802 ostendi-

131 1822 165 1848 sti
180 1831 187 1848 :
201 1821 357 1849 benedictus
374 1821 457 1852 Deus,
473 1821 570 1856 quibus
584 1820 707 1855 periculis
721 1828 764 1848 me
779 1821 912 1849 liberastil

131 1866 267 1902 Siquidem
288 1866 438 1902 hujusmodi
459 1866 556 1893 divinat
570 1866 661 1901 gloria:
683 1865 836 1900 praedicatio
851 1873 914 1901 pur-

131 1913 246 1948 gationis
257 1912 315 1939 vice
328 1912 396 1949 apud
411 1919 470 1939 eum
483 1916 524 1939 est
534 1931 541 1943 ,
558 1911 601 1946 qui
621 1912 836 1946 expostulaturus
856 1911 914 1940 fue-

132 1964 194 1993 rat,
210 1966 259 1987 nec
272 1966 332 1987 eum
346 1958 380 1986 de
398 1959 567 1986 cunctatione
578 1966 610 1985 ac
624 1965 697 1986 mora
711 1958 837 1993 conqueri
853 1965 914 1993 per-

133 2006 224 2034 mittit.
240 1998 378 2034 Erubescit
390 2005 461 2033 enim
475 2013 547 2038 eum,
561 2005 605 2040 qui
619 2005 653 2032 ob
666 2008 704 2031 tot
716 2012 747 2031 ac
761 2008 830 2032 tanta
847 2004 916 2032 mala

134 2061 169 2080 ex
181 2052 276 2087 quibus
286 2055 393 2086 ereptus
407 2056 448 2078 est
462 2051 516 2079 Deo
530 2051 627 2086 gratias
640 2051 703 2086 agit,
716 2050 741 2077 in
752 2050 796 2084 jus
809 2057 913 2083 vocare,

135 2104 281 2133 poenasque
295 2096 425 2124 tarditatis
445 2096 479 2124 ab
493 2104 526 2124 eo
541 2101 673 2131 expetere.
689 2096 751 2123 ldeo
767 2096 807 2122 sic
827 2095 917 2129 auspi-

134 2149 220 2177 catur,
231 2142 380 2170 Benedictu:
391 2141 459 2169 Deut
471 2141 705 2169 mirericordiarum.
719 2141 821 2174 Quibus
831 2141 918 2168 verbis

136 2191 187 2218 hoc
205 2189 371 2222 subindicat,
388 2196 417 2216 se
440 2189 522 2224 ipsius
542 2196 593 2224 ope
616 2196 648 2215 ex
672 2188 822 2223 ingentibus
847 2188 918 2222 peri-

135 2237 203 2265 culis
216 2237 342 2265 eductum
366 2243 397 2264 ac
419 2236 559 2264 liberatum
584 2235 674 2262 fuisse.
700 2234 919 2269 Quandoquidem

137 2283 218 2310 David
231 2291 284 2310 non
295 2281 393 2318 ubique
406 2281 499 2310 eodem
515 2281 604 2314 modo,
619 2288 668 2308 nec
683 2281 716 2307 ab
730 2280 822 2307 iisdem
838 2281 919 2307 rebus

136 2329 222 2364 ipsum
242 2328 383 2364 appellat;
406 2335 496 2354 verum
519 2335 579 2354 cum
603 2327 637 2355 de
659 2326 730 2354 bello
755 2334 786 2354 ac
810 2326 920 2353 victoria

136 2375 216 2403 verba
231 2374 305 2408 facit,
327 2373 437 2409 Diligam
460 2378 492 2405 te,
515 2373 632 2406 Domine,
647 2373 725 2400 uirtus
744 2380 807 2405 mea,
824 2372 918 2407 inquit,

137 2421 261 2449 Dominus
274 2425 399 2456 protector
412 2428 479 2447 naeus
493 2418 577 2456 (Psal.
591 2419 634 2446 l7.
652 2419 677 2454 l)
693 2427 700 2444 :
716 2425 775 2445 cum
789 2422 876 2446 autem
888 2418 921 2446 de

135 2467 299 2500 calamitate,
322 2473 373 2501 qua
396 2466 521 2493 liberatus
536 2469 587 2498 est,
603 2471 635 2491 ac
647 2464 680 2491 de
692 2464 773 2491 animi
788 2464 900 2499 caligine
912 2485 919 2496 ,

137 2521 197 2550 qua:
210 2515 299 2549 ipsum
314 2512 510 2544 circumdabat,
527 2511 649 2538 Dominus
663 2510 816 2538 illuminatio
834 2519 889 2538 mea
899 2516 922 2538 et

137 2561 207 2588 salua
221 2568 278 2586 mea
295 2558 379 2595 (Paul.
394 2558 438 2585 26.
456 2558 483 2593 ί)
497 2566 504 2584 :
519 2562 597 2592 atque
611 2565 680 2584 nunc
694 2565 709 2584 a
724 2557 885 2592 benignitate
896 2561 922 2584 et

137 2605 293 2639 clementia,
308 2611 379 2632 nunc
392 2612 406 2631 a
417 2604 535 2639 justitia,
552 2610 621 2630 nunc
634 2603 668 2630 ab
680 2604 832 2638 incorrupto
849 2603 922 2638 judi-

138 2653 190 2685 cio,
206 2655 287 2687 prout
300 2650 354 2684 illa,
371 2650 397 2677 'm
414 2649 510 2685 quibus
523 2649 686 2681 versabatur,
701 2653 818 2683 tempora
832 2653 925 2683 postu-

139 2698 244 2731 labant,-
254 2701 461 2732 wgnomcntum
474 2696 522 2731 ipsi
533 2695 634 2723 tribuit.
645 2695 686 2722 Ad
700 2695 822 2723 eumdem
837 2696 925 2730 itaque

139 2744 250 2772 modum
274 2742 326 2769 hoc
340 2741 400 2770 loco
415 2742 512 2769 Paulus
528 2742 656 2776 incipiens
678 2749 693 2768 a
717 2741 878 2776 benignitate
898 2745 925 2768 et

139 2789 284 2817 clementia
297 2788 383 2823 ipsum
398 2787 524 2822 appellat,
538 2786 608 2814 Deus
619 2787 846 2814 misericordiarum
857 2807 865 2819 ,
881 2786 925 2813 in-

113 2867 117 2872 ,
142 2836 249 2870 quiens,
276 2833 330 2862 hoc
350 2838 401 2868 est,
424 2834 467 2869 qui
492 2837 570 2861 tcutte
593 2833 771 2861 miserationis
791 2832 924 2868 specimen

669 119 701 148 IN
720 119 826 147 EPIST.
849 119 870 146 Il
903 120 947 148 AD
964 119 1041 148 COR.
1059 120 1173 149 llOMlL.
1194 121 1214 149 l.

1698 127 1749 155 586

964 176 1065 207 edidit.
1095 183 1123 204 ut
1149 185 1198 205 nos
1223 186 1256 206 ex
1283 179 1347 214 ipsis
1371 180 1464 208 mortis
1491 181 1574 216 portis
1603 182 1732 213 eduxerit.

998 222 1024 249 3.
1046 222 1124 250 Pauli
1138 224 1276 251 humilitas.
1303 226 1358 252 lioc
1379 226 1449 253 enim
1475 227 1592 256 maxime
1618 229 1672 255 Deo
1685 237 1747 263 pro-

964 267 1050 301 prium
1074 276 1104 294 ac
1125 269 1258 302 peculiare
1279 276 1320 298 est
1341 271 1475 306 ipsiusque
1498 277 1598 299 natura:
1623 273 1746 307 insitum,

964 311 1088 338 nimirum
1102 313 1134 340 ad
1156 313 1225 341 hunc
1240 314 1347 342 modum
1368 316 1499 344 misereri.
1518 316 1579 344 Ideo
1598 318 1748 346 misericor-

963 356 1064 384 diarum
1080 358 1160 385 Deum
1175 359 1259 393 ipsutn
1272 364 1357 387 vocat.
1374 361 1459 396 Atque
1478 361 1540 389 hinc
1555 370 1659 397 quoque
1672 363 1747 390 Pauli

963 400 1136 430 humilitatem
1151 404 1228 430 velim
1242 405 1406 432 consideres.
1420 406 1484 433 Nam
1498 408 1617 441 quamvis
1631 415 1746 442 evange-

963 447 1020 474 lica:
1042 449 1238 483 praedicationis
1258 457 1336 478 causa
1357 452 1566 485 periclitaretur,
1590 460 1641 480 non
1659 458 1747 481 tamen

963 494 1057 521 merito
1074 502 1138 528 suo,
1154 495 1200 522 sed
1218 503 1266 530 per
1278 497 1322 524 Dei
1335 497 1517 525 miserationes
1531 499 1641 526 salutent
1654 507 1749 526 consc-

962 544 1071 573 quutum
1098 547 1127 567 se
1153 547 1214 567 esse
1237 541 1285 568 ait.
1315 541 1412 568 Verum
1436 541 1487 569 hoc
1506 543 1610 577 quidem
1629 545 1747 579 apertius

962 589 1053 619 postea
1073 585 1138 612 dixit
1153 594 1160 618 ;
1174 594 1244 613 nunc
1261 592 1348 614 autem
1363 587 1418 615 haec
1431 589 1510 616 verba
1531 590 1680 626 subjungit:
1696 592 1747 625 Qui

961 630 1104 657 consolatur
1126 638 1171 657 nos
1190 631 1216 657 in
1229 632 1297 658 omni
1315 632 1483 660 tribulatione.
1497 634 1565 670 _N0u
1588 635 1672 667 dixit,
1697 637 1747 670 Qui

961 681 1014 701 non
1035 676 1098 702 sinit
1110 683 1158 703 nos
1171 676 1323 705 calamitate
1337 678 1426 712 afﬁci,
1444 679 1490 706 sed
1504 699 1512 712 ,
1533 680 1584 713 Qui
1601 681 1626 708 in
1640 683 1746 709 calauti-

962 723 1012 747 tate
1035 729 1080 748 nos
1102 722 1257 750 consolatur.
1288 723 1354 750 Nam
1379 723 1430 751 hoc
1454 729 1507 752 tum
1535 725 1579 752 Dei
1603 728 1746 761 potentiam

961 765 1095 799 declarat,
1114 772 1168 794 tum
1182 775 1272 796 eorum
1282 789 1291 801 ,
1308 770 1353 804 qui
1366 770 1561 798 calamitatibus
1573 778 1745 806 premuntur,

961 811 1114 845 patientiam
1134 817 1232 847 auget:
1249 813 1389 841 Tribulatio
1414 815 1502 847 enim,
1526 813 1627 851 inquit,
1652 818 1748 852 patien-

962 856 1022 882 tiam
1037 862 1156 892 operatur
1168 858 1177 894 (
1186 859 1260 886 Rom.
1275 859 1302 887 5.
1316 860 1360 895 3).
1376 860 1402 887 Id
1417 861 1485 895 quod
1501 862 1628 896 propheta
1643 871 1748 899 quoque

963 901 1003 928 his
1025 903 1123 936 verbis,
1139 904 1272 932 indicabat
1291 914 1297 932 :
1321 905 1358 933 In
1382 907 1542 934 tribulatione
1573 909 1685 936 dilatasti
1708 919 1748 937 me

962 946 1046 982 (Prol.
1068 949 1094 976 4.
1115 950 1131 976 2
1142 950 1163 985 ).
1179 946 1235 977 Non
1250 950 1335 984 dixit,
1350 952 1407 979 Non
1422 961 1514 988 passus
1525 962 1553 981 es
1568 963 1610 982 me
1623 957 1648 983 in
1663 957 1747 984 tribu-

962 993 1085 1021 lationem
1110 996 1182 1029 labi,
1208 1001 1269 1029 aut,
1294 997 1502 1027 Trihnlationem
1525 1003 1664 1029 confestim
1683 1004 1747 1030 sub-

962 1039 1086 1073 movisti,
1101 1040 1146 1068 sed
1159 1062 1166 1073 ,
1191 1041 1228 1068 Ea
1249 1036 1374 1071 manente
1397 1045 1513 1072 dilatasti
1535 1054 1597 1073 me:
1615 1047 1665 1075 hoc
1685 1053 1745 1082 est,

963 1084 1095 1119 ingentem
1120 1086 1208 1114 cordis
1240 1087 1406 1116 latitudinem
1439 1095 1466 1117 et
1494 1091 1654 1126 voluptatem
1684 1094 1747 1121 mihi

961 1131 1081 1158 attulisti.
1107 1131 1132 1158 ld
1157 1132 1228 1166 quod
1248 1133 1327 1161 etiam
1351 1134 1377 1161 in
1402 1135 1485 1163 tribus
1510 1138 1599 1171 pueris
1621 1139 1741 1174 comigit.

962 1175 1052 1211 Neque
1075 1177 1165 1210 enim,
1188 1185 1241 1213 quo
1263 1179 1351 1207 minus
1374 1181 1399 1208 in
1422 1182 1555 1210 fornacem
1582 1184 1744 1218 inciderent,

962 1221 1114 1255 prohibuit,
1130 1230 1179 1250 nec
1193 1231 1252 1251 cum
1267 1225 1437 1263 incidissent,
1453 1218 1584 1255 flammam
1601 1230 1746 1264 exstinxit,

962 1274 1053 1293 verum
1066 1267 1192 1303 flagrantia
1204 1268 1312 1297 fornace
1326 1271 1490 1299 latitudinem
1504 1273 1568 1309 ipsis
1582 1276 1704 1309 pra-bu".

999 1311 1065 1338 Deus
1078 1320 1175 1345 semper
1187 1315 1338 1342 consolatur.
1351 1331 1385 1336 —
1396 1317 1451 1344 Hoc
1466 1325 1554 1346 autem
1571 1319 1639 1347 Deus
1656 1329 1748 1356 perpe-

963 1361 1009 1383 tuo
1027 1357 1115 1385 facere
1127 1359 1265 1386 consuevit
1281 1369 1288 1387 :
1302 1361 1372 1395 quod
1386 1362 1465 1388 etiam
1482 1362 1577 1391 Paulus
1597 1365 1748 1393 subindica-

963 1401 1024 1435 bat,
1051 1410 1110 1430 cum
1142 1403 1244 1432 diceret
1265 1414 1271 1432 :
1297 1405 1346 1439 Qui
1377 1409 1522 1435 consolatur
1554 1418 1599 1437 nos
1628 1411 1655 1438 in
1681 1413 1749 1439 omni

963 1447 1130 1476 tribulatione.
1145 1450 1212 1483 Quin
1226 1450 1296 1478 aliud
1309 1460 1412 1488 quoque
1426 1453 1466 1480 his
1477 1455 1564 1482 verbis
1574 1456 1746 1484 demonstrat.

962 1492 1091 1526 Quidnam
1105 1495 1210 1522 tandem
1227 1496 1318 1524 istud?
1332 1497 1433 1533 Nempe
1446 1499 1514 1534 quod
1531 1509 1583 1528 non
1602 1503 1684 1529 semel
1704 1508 1750 1530 ant

964 1538 1074 1570 iterum.
1100 1540 1146 1567 sed
1173 1548 1279 1576 semper
1306 1542 1357 1570 hoc
1366 1542 1454 1571 faciat.
1475 1544 1566 1580 Neque
1587 1547 1657 1574 enim
1679 1555 1749 1574 nunc.

963 1585 1130 1619 coriSolatur,
1159 1593 1231 1614 nunc
1259 1596 1352 1616 rursus
1374 1589 1491 1623 deserit,
1519 1592 1566 1619 sed
1589 1600 1695 1628 semper
1718 1602 1749 1621 ac

963 1637 1092 1665 perpetuo
1106 1631 1156 1659 hoc
1177 1632 1241 1667 agit.
1257 1633 1297 1660 Ob
1308 1633 1386 1668 idque
1409 1634 1495 1669 dixit,
1521 1636 1569 1670 Qui
1586 1639 1748 1673 consolatur,

964 1685 1033 1711 non,
1051 1678 1101 1712 Qui
1122 1679 1265 1706 consolatus
1284 1685 1343 1712 est;
1363 1685 1404 1714 et,
1430 1681 1463 1709 In
1483 1683 1552 1709 omni
1567 1684 1743 1719 tribulatione,

964 1732 1016 1751 non
1036 1725 1063 1752 in
1082 1725 1131 1753 hac
1148 1730 1227 1761 atque
1243 1726 1284 1754 illa
1295 1747 1304 1760 ,
1323 1728 1380 1758 sed,
1391 1727 1423 1755 1η
1444 1730 1511 1756 omni
1523 1737 1532 1760 ;
1545 1735 1573 1756 ut
1588 1731 1711 1765 possimus
1725 1737 1750 1759 et

964 1771 1013 1805 ipsi
1040 1771 1166 1798 consolari
1195 1780 1256 1805 eos,
1277 1772 1321 1807 qui
1339 1773 1365 1799 in
1384 1774 1453 1800 omni
1475 1782 1591 1809 pressura
1610 1781 1686 1809 sunt,
1706 1786 1753 1812 per

965 1816 1159 1843 consolationem
1172 1838 1179 1850 ,
1193 1825 1242 1852 qua
1257 1818 1417 1845 consolamur
1429 1824 1452 1846 et
1463 1820 1512 1854 ipsi
1524 1829 1539 1847 α
1553 1820 1617 1848 Deo.
1633 1822 1749 1851 Videsne

965 1861 1096 1895 quomodo
1128 1863 1325 1891 excusationem
1357 1869 1512 1898 prtestruat,
1546 1865 1609 1893 dum
1641 1875 1744 1903 magna:

966 1907 1102 1942 cujusdam
1126 1908 1278 1936 afllictionis
1301 1910 1476 1944 suspicionem
1499 1911 1611 1940 auditori
1632 1913 1752 1948 praebet?

967 1955 1053 1989 Atque
1075 1955 1155 1982 etiam
1171 1962 1218 1990 per
1232 1955 1288 1982 haec
1308 1956 1364 1990 ipsa
1379 1956 1458 1983 verba
1474 1957 1631 1985 modestiam
1653 1967 1708 1994 pra:
1720 1967 1750 1988 se

967 1999 1036 2033 fert,
1061 2007 1121 2027 cum
1144 2000 1180 2027 ait
1204 2001 1271 2028 hanc
1294 2009 1399 2036 quoque
1422 2003 1508 2037 ipsam
1533 2004 1749 2039 miserationem,

967 2055 1020 2074 non
1034 2046 1068 2073 ob
1083 2047 1199 2081 ipsorum
1214 2047 1335 2074 meritum
1349 2054 1381 2075 ac
1395 2045 1564 2083 dignitatem,
1580 2050 1626 2077 sed
1640 2056 1748 2085 propter

968 2100 1028 2125 eos,
1043 2092 1087 2127 qui
1107 2093 1140 2119 ab
1154 2093 1219 2127 ipsis
1232 2092 1373 2128 adjuvandi
1386 2098 1476 2126 erant,
1490 2095 1642 2130 contigisse.
1668 2096 1707 2124 0b
1723 2097 1749 2125 id

968 2137 1054 2170 enim,
1076 2137 1176 2172 inquit,
1200 2144 1248 2164 nos
1266 2138 1421 2165 consolatus
1442 2144 1499 2170 est,
1517 2143 1545 2166 ut
1565 2147 1614 2167 nos
1629 2146 1746 2169 mutuam

969 2182 1177 2210 consolationem
1210 2182 1254 2209 alii
1280 2183 1339 2210 aliis
1366 2183 1548 2211 adhibeamus.
1582 2185 1668 2220 Atque
1687 2187 1749 2214 hinc

970 2236 1073 2264 quoque
1088 2229 1271 2263 apostolorum
1294 2228 1447 2264 dignitatem
1469 2229 1602 2264 declarat,
1623 2231 1684 2259 dum
1701 2232 1752 2261 hoc

970 2275 1068 2302 indicat
1077 2295 1084 2307 .
1099 2275 1169 2310 quod
1183 2280 1356 2309 posteaquam
1370 2275 1466 2303 solatio
1478 2276 1588 2304 affectus
1602 2284 1633 2304 ac
1647 2285 1752 2306 recrea-

971 2325 1013 2349 tus
1035 2320 1099 2354 fuit,
1124 2329 1176 2348 non
1192 2322 1261 2348 sicut
1274 2328 1323 2348 nos
1344 2322 1467 2356 supinum
1489 2330 1518 2350 se
1530 2318 1610 2358 atque
1628 2324 1751 2359 ignavum

973 2367 1087 2401 praebeat
1097 2387 1106 2399 ,
1121 2374 1212 2393 verum
1228 2366 1260 2394 ad
1271 2366 1450 2394 cohortandos
1463 2372 1542 2402 atque
1556 2365 1753 2398 conﬁrmandos

972 2417 1000 2440 et
1007 2412 1163 2440 excitandos
1173 2412 1240 2439 alios
1248 2411 1440 2447 progrediatur.
1455 2412 1522 2441 Sunt
1533 2414 1612 2441 etiam
1625 2415 1669 2450 qui
1685 2415 1755 2444 hunc

972 2459 1059 2486 locum
1082 2458 1121 2485 sic
1139 2463 1290 2493 exponant,
1302 2464 1334 2484 ac
1344 2456 1368 2485 si
1383 2459 1525 2493 Apostolus
1547 2459 1616 2487 dicat
1633 2469 1640 2488 :
1655 2461 1755 2488 Conso;

973 2504 1037 2532 latio
1060 2508 1149 2531 nostra
1177 2504 1289 2530 aliorum
1318 2511 1422 2538 qu0quc
1450 2505 1597 2533 consolatio
1615 2511 1666 2533 est.
1685 2507 1754 2540 Quin

973 2549 1037 2576 mihi
1051 2549 1130 2576 etiam
1142 2549 1200 2584 ipse
1216 2549 1242 2575 in
1256 2548 1336 2576 falsos
1355 2549 1490 2583 apostolos
1500 2570 1508 2582 ,
1524 2550 1567 2585 qui
1582 2551 1713 2579 incassum
1726 2559 1758 2580 se

972 2595 1125 2630 jactabant,
1148 2594 1274 2628 domique
1296 2593 1454 2621 desidebant
1470 2602 1501 2622 ac
1522 2596 1625 2623 deliciis
1648 2604 1756 2632 operam

975 2640 1090 2673 dabant,
1112 2647 1159 2675 per
1180 2639 1331 2674 huiusmodi
1355 2640 1512 2674 prowr‘nium
1527 2641 1616 2668 invehi
1634 2643 1757 2675 videtur;

976 2693 1068 2712 verum
1081 2685 1193 2712 obscure
1202 2705 1210 2717 ,
1232 2691 1265 2711 ac
1284 2683 1357 2712 velut
1370 2684 1466 2711 obiter.
1481 2684 1614 2713 Caeterum
1628 2687 1759 2721 praecipue

977 2730 1003 2757 id
1016 2731 1128 2766 agebat,
1152 2735 1181 2757 nt
1205 2729 1382 2757 cunctationis
1403 2737 1435 2757 ac
1457 2731 1624 2765 negligentiae
1643 2736 1730 2758 notam
1744 2739 1760 2758 a

977 2784 1007 2804 se
1021 2777 1175 2811 depelleret.
1201 2775 1266 2803 Nam
1281 2776 1304 2803 si
1319 2780 1460 2810 propterea
1482 2777 1664 2804 consolatione
1676 2776 1761 2803 affici-

981 2830 1059 2856 mnr,
1089 2826 1119 2850 ut
1145 2821 1204 2849 aliis
1232 2829 1338 2857 quoque
1365 2821 1574 2850 consolationem
1599 2820 1760 2854 aderamus,
