1986 3128
291 133 345 161 58⁸1

292 194 400 222 crimini
422 202 455 223 ue
469 195 583 226 vertite,
603 193 674 229 quod
689 193 721 220 ad
738 200 786 220 vos
799 200 852 219 non
865 189 1058 218 accesserimus
1073 196 1082 216 :

292 243 316 270 sl
334 241 441 278 quidem
461 241 539 269 nobis
553 247 633 268 omne
648 244 752 274 tempus
768 238 794 265 in
810 236 914 265 insidiis
928 240 955 263 et
967 235 1082 263 invasio-

293 289 371 315 nibus
382 308 390 322 ,
405 286 625 322 depellendisque
640 283 825 320 ingruentibus
838 282 965 318 periculis
979 281 1084 309 tereba-

293 338 346 361 tttr.
361 334 387 361 5.
413 332 539 366 Quoniam
561 332 626 358 sicut
648 329 779 357 abundant
803 329 896 356 Christi
913 328 1042 363 passion“
1056 327 1083 353 in

291 379 372 412 nobis,
384 379 419 404 ita
429 378 503 404 etiam
515 385 559 412 per
568 375 696 404 Christum
707 374 820 402 abundat
835 373 976 400 consolatio
986 376 1082 399 nostra.

292 424 396 451 Etenim
422 431 455 450 ne
485 422 676 457 discipulorum
699 421 804 448 animos
829 419 996 447 calamitates
1019 424 1082 445 suas

292 469 403 496 nimium
417 467 605 503 exaggerando
619 470 824 499 consternaret,
839 465 955 494 ostendit
976 471 1082 492 rursum

290 516 425 551 ingentem
439 523 546 550 quoque
557 513 752 542 consolationis
767 512 872 549 copiam
893 518 954 539 esse
968 519 976 538 :
990 511 1082 546 sicque

290 561 395 588 animos
409 568 501 588 eorum
515 560 603 594 erigit.
616 559 709 593 Neque
724 557 775 586 bac
789 562 891 585 tantum
903 557 1018 589 ratione,
1034 555 1082 583 sed

290 614 324 635 eo
346 607 445 638 etiam,
471 605 541 640 quod
555 612 603 632 eos
618 603 718 632 Chriin
744 603 921 635 submoneat,
947 602 1083 637 ipsiusque

290 653 430 688 passiones
457 658 517 679 esse
540 655 664 678 asserat:
681 654 760 683 atque
783 653 847 675 ante
870 647 1081 677 consolationem

289 699 324 726 ab
338 699 402 733 ipsis
414 704 520 732 quoque
534 695 730 724 calamitatibus
742 693 952 722 consolationem
969 691 1079 719 Indueit.

288 745 357 780 Quid
378 745 448 772 enim
464 743 572 771 suavius
594 749 626 770 ac
645 741 806 778 jucundius,
829 748 910 776 quam
925 748 967 767 me
980 739 1081 767 Christi

289 791 391 819 socium
405 789 472 817 efﬂci
483 809 491 822 ,
506 793 586 824 atque
601 788 684 824 ipsius
703 794 782 815 causa
797 787 854 814 hate
866 785 989 821 perpeti?
1012 784 1082 820 Quid

288 845 350 865 eum
366 836 415 864 hac
430 835 612 863 consolatione
625 833 834 869 comparandum
846 833 858 860 ?
872 831 927 860 Nec
939 839 1004 859 vero
1019 830 1082 858 hinc

289 889 391 911 tantum
401 903 408 915 ,
424 881 471 910 sed
492 880 604 908 aliunde
627 887 735 915 quoque
748 886 840 906 eorum
850 899 858 912 ,
882 877 928 913 qui
942 876 1080 905 calamita-

288 931 359 957 tibus
380 928 585 960 eonﬂietantur,
609 927 715 954 animos
737 925 845 953 attollit.
871 924 948 952 Unde
973 923 1080 951 tandem

286 975 416 1003 aliunde?
440 974 506 1002 Hinc
532 980 647 1009 nempe.
673 972 746 1008 quod
770 972 824 1005 ait,
853 971 1000 998 Abundaut.
1021 970 1079 998 Non

287 1022 360 1050 enim
375 1021 460 1054 dixit,
476 1019 708 1054 Quemadmodum
731 1017 830 1045 Christi
846 1017 986 1053 passiones
1003 1017 1081 1044 nobis

287 1067 432 1103 ingruunt,
455 1065 520 1099 sed,
546 1065 618 1093 Sicut
640 1063 782 1091 abundant.
797 1063 900 1097 Quibus
913 1063 1001 1090 verbis
1015 1062 1080 1090 illud

287 1113 421 1145 ostendit,
435 1110 507 1146 quod
529 1118 582 1138 non
607 1109 687 1137 modo
710 1109 782 1136 illius
804 1109 954 1142 cruciatus,
977 1108 1025 1136 sed
1039 1109 1082 1136 bis

287 1166 394 1194 quoque
422 1157 511 1192 plures
535 1155 683 1192 perferant.
712 1154 770 1182 Non
795 1155 887 1188 enim,
917 1154 1018 1190 inquit,
1047 1162 1080 1183 ea

288 1204 492 1235 tantummodo.
508 1211 568 1238 qua:
583 1203 640 1238 ipse
655 1209 750 1238 passus
763 1205 820 1234 est,
843 1200 998 1236 pertulimus
1009 1222 1017 1234 ,
1032 1209 1081 1229 ve-

286 1258 345 1277 rum
361 1249 402 1277 his
412 1249 491 1277 etiam
503 1248 643 1284 ampliora.
657 1247 701 1275 Sic
713 1247 786 1275 enim
796 1246 937 1274 considera
952 1255 958 1273 :
971 1251 1082 1274 vexatus

285 1300 347 1329 est,
373 1295 606 1332 persequutionem
635 1301 729 1329 passus
754 1297 795 1321 est
818 1292 941 1320 Christus
956 1313 964 1325 ,
991 1292 1082 1328 ﬂagris

285 1349 372 1370 cmsus
387 1346 428 1369 est
438 1362 446 1373 ,
469 1345 592 1368 mortuus
605 1344 657 1367 est.
672 1340 706 1366 At
721 1346 772 1366 nos
783 1359 791 1372 ,
814 1339 901 1374 inquit
915 1359 922 1372 ,
948 1338 991 1366 bis
1005 1339 1082 1373 plura

286 1388 422 1424 patimur:
436 1386 508 1422 quod
530 1386 639 1422 quidem
652 1385 695 1413 vel
709 1385 797 1413 solum
812 1385 846 1413 ad
867 1385 1081 1413 consolationem

286 1435 352 1463 satis
366 1442 427 1462 esse
442 1438 532 1469 queat.
546 1431 600 1460 Nec
614 1432 755 1467 quisquam
769 1431 840 1459 hunc
858 1438 1013 1459 sermonem
1034 1438 1079 1458 ar-

286 1481 415 1517 rogantia:
435 1487 468 1507 ac
488 1478 646 1507 temeritatis
668 1477 777 1505 damnet
794 1486 801 1505 :
818 1485 879 1504 nam
905 1481 933 1505 et
953 1477 1006 1504 alio
1022 1477 1082 1505 loco

287 1526 344 1553 ait:
364 1525 440 1552 Nam:
463 1524 560 1560 gaudeo
575 1525 600 1550 in
623 1522 783 1558 pastionibus
806 1522 888 1556 meis,
912 1528 987 1558 atque
999 1523 1082 1550 adiut-

288 1572 344 1606 pleo
366 1579 397 1598 ea
409 1577 466 1606 qua
484 1569 574 1597 desunt
596 1567 756 1605 passionibus
776 1568 870 1596 Christi
883 1569 910 1596 in
934 1578 1010 1596 carne
1027 1578 1082 1597 mea

288 1616 407 1653 (Colon.
423 1616 449 1643 l.
464 1615 480 1643 4
494 1615 516 1650 ).
533 1615 567 1642 At
581 1619 703 1642 neutrum
719 1614 815 1641 horum
832 1615 989 1642 temeritatis
1002 1615 1082 1643 ullius

287 1669 315 1691 et
332 1663 490 1698 arrogantia:
503 1666 553 1690 est.
565 1661 637 1690 Sicut
652 1662 722 1689 enitn
737 1661 860 1696 discipuli
876 1662 987 1696 majora,
1002 1670 1082 1696 quam

289 1711 362 1746 ipse,
385 1709 510 1736 miracula
539 1709 678 1741 fecerunt;
708 1708 758 1741 Qui
783 1709 851 1736 enim
872 1709 952 1736 credit
975 1709 1003 1736 in
1025 1717 1081 1742 me,

288 1755 385 1791 inquit,
397 1756 496 1790 majora
507 1755 546 1781 his
556 1755 632 1790 faciet
645 1754 735 1791 (Joan.
747 1755 790 1782 η.
804 1753 866 1790 12);
889 1759 975 1783 totum
991 1759 1082 1783 autem

289 1802 338 1837 ipsi
348 1800 518 1833 adscribitur,
528 1800 572 1836 qui
582 1801 607 1828 in
618 1800 682 1836 ipsis
692 1800 869 1835 operabatur:
879 1801 918 1828 sic
929 1801 1008 1829 etiam
1022 1802 1082 1836 plu-

288 1857 327 1881 ra,
337 1856 417 1884 quam
433 1848 499 1882 ipse.
511 1847 631 1882 perpessi
645 1851 728 1880 sunt;
742 1852 768 1874 at
781 1847 938 1874 universum
954 1846 1005 1874 hoc
1020 1855 1081 1874 rur-

287 1902 334 1922 sus
346 1894 395 1935 ipsi
407 1893 524 1921 adscribi
533 1893 623 1925 debet,
632 1892 734 1928 quieos
745 1891 947 1925 consolabatur,
958 1897 1037 1928 atque
1046 1894 1082 1921 ita

287 1941 470 1976 comparabat,
479 1940 663 1975 utingruentia
674 1939 744 1967 mala
753 1938 813 1968 forti
825 1940 914 1967 animo
921 1940 1080 1974 perferrent.

324 1988 352 2015 4.
372 1986 449 2015 Unde
464 1987 545 2014 etiam
560 1986 668 2019 Paulus,
681 1992 761 2020 quam
774 1985 881 2013 excelse
893 1985 1019 2020 loquutus
1034 1993 1080 2013 es-

288 2038 340 2067 set,
356 2040 521 2068 agnoscens,
538 2031 600 2059 vide
614 2031 749 2067 quomodo
763 2031 815 2059 hoc
828 2038 921 2059 rursus
936 2030 977 2058 his
993 2030 1082 2059 verbis

289 2082 402 2116 mitiget,
413 2081 456 2107 lla
470 2084 492 2107 et
506 2087 551 2114 per
561 2078 690 2106 Christum
703 2078 815 2105 abundat
828 2077 968 2105 consolatio
983 2082 1082 2111 nostra;

287 2132 374 2154 totum
389 2127 440 2154 hoc
458 2129 597 2159 acceptqu
610 2125 648 2151 illi
661 2123 792 2157 referens,
808 2128 890 2159 atque
904 2124 988 2159 ipsius
1003 2124 1082 2152 beni-

288 2173 418 2208 gnitatem
439 2169 597 2206 praedicans.
612 2169 672 2196 Non
688 2169 770 2202 enim,
787 2169 883 2204 inquit,
898 2175 996 2204 quanta
1011 2169 1083 2197 cala-

291 2219 403 2251 mitate,
427 2221 499 2244 tanta
527 2223 634 2252 quoque
651 2215 833 2242 consolatione
857 2215 1008 2249 efficimur,
1034 2215 1082 2243 sed

291 2265 375 2294 multo
388 2264 498 2300 majore.
521 2262 612 2298 Neque
626 2263 698 2290 enim
711 2261 787 2295 dixit,
801 2261 956 2290 Consolatio
970 2263 1082 2290 calami-

291 2315 360 2339 tates
374 2314 472 2346 a:quat,
487 2308 545 2343 sed,
561 2308 681 2336 Abundat
690 2307 828 2335 consolatio
837 2315 848 2340 ;
859 2307 894 2335 ita
914 2312 944 2335 ut
955 2308 1082 2336 certami-

291 2365 354 2385 uum
369 2360 490 2391 tempus,
504 2355 616 2383 aliarum
630 2361 723 2382 rursus
744 2360 905 2382 coronarum
917 2357 1023 2389 tempus
1035 2354 1081 2382 sit.

289 2403 358 2438 Quid
367 2402 449 2437 enim,
459 2409 560 2437 quzeso,
572 2405 626 2428 tam
636 2399 755 2436 amplum
770 2407 802 2427 ac
821 2400 990 2435 prazclarum,
1001 2408 1080 2436 quam

290 2449 326 2476 ob
334 2448 470 2476 Christum
482 2447 572 2484 ﬂagris
582 2446 660 2480 etedi,
672 2451 770 2474 etcum
782 2446 838 2474 Deo
852 2446 978 2482 colloqui,
992 2447 1082 2474 omni-

292 2495 395 2530 busque
409 2494 507 2522 robore
523 2497 662 2529 praestare,
678 2499 710 2520 ac
728 2497 935 2528 persequutores
955 2492 1079 2527 vincere,

291 2547 379 2576 neque
390 2540 424 2568 ab
437 2540 563 2567 universo
575 2543 707 2566 terrarum
720 2538 786 2566 orbe
799 2537 884 2573 subigi
895 2542 921 2566 et
936 2539 1082 2574 expugnari

291 2593 382 2623 posse,
396 2591 476 2621 atque
485 2585 617 2621 ejusmodi
628 2585 696 2613 bona
712 2585 774 2613 hinc
783 2591 950 2621 exspectare,
962 2594 1022 2621 quas
1032 2594 1082 2614 nec

290 2632 384 2660 oculus
399 2631 484 2665 vidit,
501 2638 550 2658 nec
574 2630 647 2658 auris
659 2630 759 2658 audivit
771 2651 779 2663 ,
795 2638 846 2658 nec
866 2631 892 2658 in
906 2638 953 2659 cor
966 2631 1081 2660 hominis

290 2677 486 2706 ascenderunt?
495 2676 559 2712 quid
570 2680 623 2704 tam
637 2677 782 2712 egregium,
791 2684 870 2712 quam
883 2677 990 2712 pietatis
1001 2684 1081 2704 causa

292 2725 388 2759 premi,
408 2728 487 2759 atque
508 2724 655 2751 innumeris
681 2723 728 2751 Dei
755 2723 983 2752 consolationibus
1007 2723 1080 2757 frui,

290 2778 323 2799 ac
343 2775 383 2798 tot
402 2770 537 2806 tantisque
551 2770 667 2805 peccatis
680 2769 804 2802 liberari,
825 2774 853 2797 et
866 2769 968 2804 Spiritu
987 2774 1080 2798 sancto

290 2821 318 2844 et
340 2817 483 2845 sanctitate
502 2819 582 2852 atque
604 2815 704 2850 justitia
727 2815 830 2848 donari,
848 2823 897 2843 nec
919 2823 1079 2851 quemquam

292 2866 410 2891 metuere
423 2869 456 2892 ac
468 2862 685 2898 perhorrescere,
701 2865 781 2897 atquc
795 2861 822 2889 in
837 2861 957 2896 ipsismet
971 2861 1077 2896 pericu-

647 135 675 164 S.
695 133 833 163 JOANNIS
850 130 1086 161 CHRYSOSTOMI
1105 129 1264 158 ARCHIEP.
1283 129 1549 159 CONSTANTKNOP.
1856 134 1895 161 :38

1138 186 1171 214 lis
1192 187 1286 222 quovis
1305 187 1516 222 splendidiorem
1538 186 1644 216 videri?
1659 187 1697 216 Ne
1709 187 1784 223 igitur
1796 189 1818 217 in
1831 195 1896 218 lenta-

1137 233 1254 261 tionibus
1275 234 1366 261 animo
1390 233 1558 269 dejiciamur.
1569 232 1654 262 Nemo
1668 235 1741 262 enim
1755 235 1843 264 deliciis
1853 242 1895 264 stu-

1136 279 1203 307 dens
1212 284 1238 307 et
1248 279 1385 307 dormiens
1395 287 1426 307 ac
1436 279 1576 315 languens,
1584 288 1645 308 cum
1654 280 1761 309 Christo
1770 283 1896 311 societatem

1136 325 1233 359 habet;
1247 334 1327 354 nemo
1336 333 1442 359 eorum,
1455 327 1501 362 qui
1516 327 1634 355 molliter
1645 335 1677 356 ae
1691 329 1796 357 remisse
1807 330 1912 363 vivunt;

1136 381 1227 401 verum
1240 374 1262 402 is
1276 374 1383 402 demum
1398 374 1436 402 illi
1446 375 1551 403 vicinus
1564 380 1614 409 est,
1630 375 1674 411 qui
1689 375 1716 403 in
1731 376 1862 405 calamitate
1872 385 1896 406 ac

1137 419 1284 447 tentatione
1298 425 1440 452 versatur,
1462 424 1542 456 atque
1563 425 1666 449 arctam
1691 421 1752 448 vitae
1776 422 1820 450 iter
1832 427 1896 451 tenet.

1135 465 1201 492 Nam
1217 465 1274 501 ipse
1293 474 1399 501 quoque
1422 466 1472 493 hac
1484 467 1526 493 via
1541 467 1649 494 incessit
1662 475 1669 494 :
1685 475 1794 503 eamque
1806 467 1835 496 ob
1846 477 1896 496 cau-

1134 519 1192 539 sam
1203 511 1319 544 dicebat,
1329 511 1412 540 Filius
1420 511 1529 540 hominis
1539 520 1589 539 non
1601 512 1674 539 habet
1685 513 1728 540 ubi
1737 519 1807 549 caput
1817 515 1899 542 redimi

1136 556 1243 594 (Matth.
1259 558 1285 585 s.
1303 557 1361 594 ac).

1171 602 1204 630 In
1218 603 1404 631 calamitatibus
1418 605 1543 640 quomodo
1562 604 1696 640 agendum.
1712 621 1747 626 —
1761 605 1863 634 Proinde
1873 614 1899 634 ne

1134 649 1224 676 animo
1238 649 1408 677 discrueieris
1421 670 1428 681 .
1442 657 1503 678 cum
1515 649 1667 678 calamitate
1680 651 1804 686 premeris
1813 671 1820 684 ,
1832 652 1899 678 attitu-

1134 695 1279 723 advertens
1293 695 1335 723 cui
1347 696 1539 728 communices,
1551 700 1577 723 et
1591 704 1706 732 quonam
1719 697 1795 725 modo
1805 705 1846 733 per
1857 702 1900 725 teu-

1135 741 1248 769 tationes
1262 742 1396 770 scelerum
1421 742 1539 770 maculas
1558 743 1650 776 eluas,
1667 749 1839 779 quantumque
1850 744 1901 772 inde

1134 786 1249 816 fructum
1265 787 1375 816 referas.
1390 788 1461 816 Nihil
1472 790 1544 817 enim
1560 789 1630 817 aliud
1649 798 1731 826 grave
1750 795 1822 826 atque
1838 799 1899 818 acer-

1134 833 1197 860 bum
1212 838 1272 868 est,
1288 842 1367 869 quam
1392 834 1417 862 iu
1441 835 1487 863 Dei
1510 835 1684 863 offensionem
1711 837 1902 865 incurrerelluc

1134 875 1250 909 sublato,
1265 884 1318 904 non
1339 876 1458 910 afﬂictio,
1474 885 1527 905 non
1542 878 1644 906 insidiae
1659 899 1666 911 ,
1681 886 1735 906 non
1755 879 1821 907 aliud
1840 879 1900 914 quid-

1134 929 1213 956 quam
1235 922 1395 957 prudentem
1419 924 1535 951 animam
1561 924 1682 952 molestia
1705 925 1809 953 afficere
1827 930 1900 960 queat.

1134 967 1202 1001 Quin
1220 968 1317 1002 potius,
1328 969 1554 1004 quemadmodum
1569 971 1592 998 si
1606 971 1730 1006 exiguam
1743 971 1870 999 scintillam
1881 971 1902 998 iu

1133 1023 1261 1052 magnum
1276 1016 1385 1053 pelagus
1405 1017 1517 1052 injicias,
1532 1025 1590 1045 eam
1605 1018 1728 1053 protinus
1741 1018 1884 1046 exstinxeris
1897 1026 1902 1044 :

1132 1065 1228 1093 eodem
1243 1063 1322 1092 modo
1336 1064 1458 1092 molestia
1473 1065 1570 1097 omnis,
1587 1065 1735 1100 quamlibet
1746 1066 1842 1101 ingens.
1852 1065 1872 1093 si
1883 1065 1904 1092 in

1133 1109 1253 1137 animum
1267 1110 1335 1138 bene
1347 1110 1398 1137 sibi
1409 1110 1545 1138 conscium
1560 1110 1692 1143 inciderit,
1703 1111 1835 1139 confestim
1849 1111 1906 1146 perit

1133 1159 1160 1183 et
1182 1156 1329 1183 evanescit.
1345 1155 1407 1183 Ideo
1430 1156 1527 1183 Paulus
1551 1157 1631 1184 etiam
1655 1164 1763 1192 semper
1782 1156 1905 1192 gaudebat,

1133 1201 1348 1236 quandoquidem
1374 1201 1400 1228 in
1424 1201 1457 1229 iis
1479 1201 1648 1238 rebus,qua:
1675 1203 1775 1231 divinae
1795 1202 1906 1230 voluntati

1132 1252 1322 1275 consentanea:
1345 1252 1441 1281 erant,
1462 1247 1588 1276 ﬁdentem
1610 1249 1730 1276 animum
1753 1249 1908 1285 gerebat;ac

1134 1296 1171 1320 tot
1192 1293 1260 1320 mala
1287 1300 1321 1320 ne
1341 1293 1449 1328 quidem
1472 1294 1727 1327 seutiebat,verum
1743 1295 1908 1330 quamvis,ut

1133 1338 1225 1370 homo.
1240 1339 1332 1367 dolore
1348 1344 1512 1375 tangeretur,
1526 1348 1579 1368 non
1594 1346 1682 1369 tamen
1697 1342 1787 1369 animo
1799 1340 1909 1369 concide-

1133 1385 1188 1413 bat.
1199 1386 1245 1414 διε
1265 1387 1416 1422 patriarcha
1425 1394 1532 1422 quoque
1549 1387 1594 1415 ille
1609 1388 1635 1415 in
1650 1388 1750 1424 gaudio
1761 1387 1908 1419 versabatur,

1134 1433 1239 1461 tametsi
1253 1433 1345 1468 gravia
1361 1436 1443 1460 multa
1454 1434 1608 1462 sustineret.
1623 1434 1668 1462 Sic
1682 1435 1755 1462 enim
1770 1433 1909 1469 perpende:

1133 1479 1218 1514 patria
1242 1478 1360 1511 excidit,
1374 1479 1466 1515 longas
1495 1487 1526 1507 ac
1547 1480 1675 1508 molestas
1700 1478 1911 1516 peregrinationes

1133 1523 1233 1557 subiit;
1249 1529 1339 1560 atque,
1355 1532 1415 1552 eum
1443 1525 1469 1552 in
1494 1525 1609 1553 alienam
1635 1526 1774 1561 regionem
1797 1525 1910 1555 venisset,

1133 1577 1167 1597 ne
1180 1570 1256 1606 pedis
1268 1569 1376 1605 quidem
1391 1570 1530 1606 vestigium
1542 1571 1666 1599 habebat.
1679 1572 1749 1599 “inc
1764 1579 1850 1599 rursus
1861 1577 1912 1597 eum

1134 1616 1218 1644 fames
1231 1617 1346 1650 excepit,
1361 1624 1392 1644 ac
1406 1617 1492 1645 solum
1507 1623 1613 1645 vertere
1634 1618 1744 1653 coegit;
1760 1617 1851 1644 famem
1863 1623 1913 1642 rur-

1133 1671 1192 1691 sum
1208 1663 1298 1691 uxoris
1318 1664 1422 1698 ereptio
1442 1669 1554 1699 sequuta
1567 1668 1628 1697 est,
1645 1671 1678 1691 ac
1693 1664 1789 1691 mortis
1804 1667 1882 1690 metus
1893 1665 1916 1688 ct

1133 1709 1261 1737 sterilitas
1272 1714 1299 1736 et
1310 1709 1408 1736 bellum
1424 1714 1451 1736 et
1462 1710 1579 1744 pericula
1590 1714 1617 1737 et
1630 1709 1748 1743 insidiae,
1761 1716 1791 1736 ae
1802 1708 1913 1742 denique.

1134 1755 1204 1790 quod
1213 1763 1392 1783 aerumnarum
1404 1761 1484 1790 caput
1494 1759 1561 1789 erat,
1573 1755 1706 1791 unigeniti
1715 1761 1743 1784 et
1751 1756 1805 1783 cari
1816 1754 1858 1781 ﬂlii
1869 1760 1916 1780 ma-

1134 1801 1228 1834 ctatio,
1240 1801 1294 1835 illa,
1309 1801 1639 1836 iuquam,acerbissimum
1649 1807 1734 1838 atque
1748 1798 1915 1829 immedicabi-

1133 1847 1186 1876 lem
1195 1847 1316 1880 dolorem
1328 1847 1453 1875 aﬂ‘erens.
1465 1847 1555 1883 Neque
1565 1849 1636 1875 enim
1647 1847 1915 1883 existimes,quouiam

1134 1899 1259 1932 prompto
1269 1902 1300 1922 ac
1312 1895 1404 1922 libenti
1417 1895 1508 1922 animo
1519 1894 1575 1922 Deo
1590 1895 1689 1930 paruit,
1698 1895 1801 1922 idcirco
1811 1893 1870 1920 citra
1882 1891 1916 1919 ul-

1134 1940 1189 1968 lum
1200 1939 1301 1968 doloris
1312 1947 1420 1967 sensum
1433 1940 1476 1967 illa
1487 1940 1575 1968 omnia
1590 1941 1748 1975 pertulisse.
1761 1940 1824 1967 Nam
1836 1939 1917 1966 etiam-

1133 1988 1157 2016 si
1173 1987 1272 2015 millies
1283 1987 1374 2022 justus
1386 1986 1488 2019 fuisset,
1505 1991 1532 2013 ut
1546 1995 1638 2014 revera
1660 1992 1734 2020 erat,
1749 1991 1836 2015 tamen
1850 1985 1918 2011 homo

1134 2039 1202 2068 erat,
1218 2042 1303 2069 eaque
1326 2041 1386 2069 qua:
1409 2038 1502 2061 natura
1517 2034 1589 2067 fert,
1602 2033 1770 2068 patiebatur.
1787 2034 1821 2060 At
1843 2032 1916 2066 ipsqu

1135 2085 1223 2108 tamen
1235 2080 1301 2107 nihil
1315 2079 1409 2106 horum
1425 2080 1538 2114 perculit
1550 2088 1557 2112 ;
1571 2079 1617 2107 sed
1632 2079 1715 2108 fortis
1729 2079 1837 2107 athleta:
1850 2078 1919 2104 instar

1134 2126 1264 2160 constitit,
1280 2131 1359 2162 atque
1375 2127 1401 2153 in
1415 2133 1466 2153 uno
1478 2133 1584 2161 quoque
1599 2125 1699 2153 horum
1721 2125 1858 2153 victoriam
1867 2122 1919 2149 adc-

1135 2176 1196 2208 plus
1209 2176 1260 2199 est.
1273 2171 1314 2199 Ad
1328 2171 1452 2199 eumdem
1467 2171 1574 2199 modum
1588 2171 1685 2199 beatus
1700 2179 1811 2208 quoque
1826 2169 1918 2198 Paulu5.

1134 2225 1194 2245 eum
1205 2217 1358 2253 frequentes
1365 2216 1524 2245 afﬂictiones
1534 2217 1654 2253 quolibet
1664 2218 1712 2246 die
1724 2218 1753 2246 in
1765 2225 1795 2246 se
1805 2218 1922 2245 irruentes

1135 2263 1310 2299 perspiceret.
1323 2262 1392 2290 haud
1408 2271 1485 2291 secus
1498 2271 1530 2291 ac
1542 2263 1564 2290 si
1579 2264 1605 2290 in
1629 2264 1727 2291 medio
1744 2263 1866 2299 paradiso
1883 2260 1921 2286 dc-

1134 2314 1219 2345 geret,
1234 2309 1269 2337 ita
1290 2308 1421 2344 gaudebat
1444 2313 1472 2336 et
1497 2308 1657 2336 exsultabat.
1671 2309 1711 2338 Ut
1733 2310 1817 2345 igitur
1835 2309 1871 2340 is,
1885 2305 1922 2341 qui

1134 2354 1286 2390 hujusmodi
1299 2353 1397 2389 gaudio
1408 2353 1515 2386 fruitur,
1530 2361 1544 2380 a
1559 2362 1679 2382 mmrore
1706 2355 1794 2391 arripi
1817 2362 1866 2381 non
1885 2358 1923 2386 po-

1135 2402 1186 2426 test
1201 2406 1208 2425 :
1224 2397 1263 2425 sic
1273 2397 1318 2433 qui
1333 2397 1396 2425 illud
1412 2397 1521 2424 minime
1535 2398 1680 2432 amplexus
1701 2404 1756 2431 est,
1772 2406 1787 2425 a
1803 2395 1924 2433 quibusvis

1134 2443 1216 2479 arripi
1231 2448 1258 2470 et
1272 2443 1416 2478 expugnari
1431 2449 1519 2478 potest
1536 2451 1587 2471 :ac
1607 2444 1728 2479 perinde
1744 2445 1770 2473 ei
1785 2442 1886 2475 accidit,
1901 2445 1924 2467 ιιι

1134 2491 1159 2519 ei
1172 2490 1216 2526 qui
1231 2489 1409 2517 imbecillibus
1427 2489 1510 2517 armis
1523 2489 1672 2518 instructus
1687 2497 1744 2524 est,
1757 2499 1790 2519 ac
1805 2491 1844 2519 vel
1859 2489 1923 2516 levis

1134 2537 1202 2564 simo
1215 2536 1267 2563 ictu
1275 2535 1430 2569 Sauciatur;
1442 2544 1501 2563 cum
1516 2541 1608 2564 contra
1621 2537 1645 2564 is
1656 2539 1707 2573 qui
1723 2538 1812 2574 probe
1823 2535 1926 2569 undique

1133 2586 1252 2609 armatus
1266 2586 1317 2614 est,
1330 2581 1480 2617 ingruentia
1494 2583 1583 2610 omnia
1597 2583 1648 2610 tela
1667 2585 1822 2620 propulset.
1833 2582 1926 2611 Etenim

1132 2627 1272 2663 quibusvis
1284 2627 1365 2654 armis
1379 2627 1481 2655 ﬁrmior
1495 2635 1527 2655 ac
1541 2629 1678 2656 valentior
1701 2636 1746 2658 est
1761 2629 1880 2665 voluptas
1892 2635 1927 2658 cn.

1133 2681 1193 2709 quae
1205 2673 1352 2701 secundum
1369 2673 1452 2702 Deum
1469 2674 1634 2710 percipitur:
1654 2684 1711 2704 nec
1725 2677 1869 2713 quidquam
1883 2679 1926 2704 est,

1134 2720 1204 2756 quod
1217 2721 1368 2756 huiusmodi
1379 2721 1463 2748 virum
1477 2720 1505 2749 'rn
1519 2722 1654 2749 tristitiam
1671 2731 1707 2751 ac
1721 2731 1866 2753 maerorem
1878 2729 1929 2749 cou~

1131 2767 1215 2803 jicere
1230 2772 1328 2803 queat,
1345 2775 1436 2795 verum
1456 2768 1546 2795 omnia
1561 2768 1620 2795 forti
1646 2776 1682 2796 ac
1699 2777 1837 2805 generoSO
1850 2768 1929 2795 animo

1134 2813 1243 2849 perfert.
1259 2812 1326 2847 Quid
1340 2813 1410 2840 enim
1424 2813 1485 2849 igne
1497 2814 1625 2849 gravius?
1638 2815 1709 2850 quid
1725 2815 1864 2851 perpetuis
1882 2820 1932 2840 cru

1136 2861 1251 2890 ciatibtts
1263 2860 1403 2889 acerbius?
1421 2861 1486 2889 Nam
1507 2865 1534 2889 ut
1551 2860 1632 2889 etiam
1659 2869 1732 2898 opes
1747 2868 1776 2891 et
1791 2862 1933 2894 uberes,“
