1986 3128
215 111 274 141 389

223 177 240 203 ὸ
257 174 317 202 ’1ὼὸ
329 171 374 209 ἦν.
390 171 459 199 Οῦτε
484 170 541 207 γάρ
554 168 724 204 δικαστηρίῳ
744 167 882 203 παρέστη,
899 165 960 193 οὐτε
976 165 1016 192 δι-

225 222 328 252 καστοῦ
345 222 438 258 φωνῆς
450 221 577 256 ῆκουαεν,
592 218 623 245 οὐ
638 217 737 253 δήμιον
754 213 834 242 εἴδενο
852 215 883 241 οὐ
902 215 957 250 γὰρ
970 214 1018 241 ἀν-

227 273 381 310 ηρτημένος
398 272 445 299 ἐπὶ
463 270 542 304 ξύλου
557 268 605 296 καὶ
626 266 765 303 μετέωρος
777 265 826 297 ῶν,
840 265 1018 297 κατεξαίνετο

227 326 278 360 τὰς
294 325 413 360 πλευράς
423 331 429 338 ·
446 322 502 350 ἀλλ’
517 321 591 356 ὅμως
606 318 713 345 πολλῶν
733 316 881 353 μαρτύρων
897 314 1020 351 χαλεπώο

228 385 296 413 τερα
309 374 404 405 ἔπαθε,
420 372 467 399 καὶ
483 372 510 398 αί
531 370 620 405 φωναὶ
644 369 698 395 τῶν
713 367 873 403 ἐπαλλήλων
894 366 1020 401 ἀγγέλων

229 426 341 454 ἐκείνων
366 424 458 458 πάσης
489 420 596 457 πληγῆς
624 418 791 456 δριμύτερον
817 417 951 453 ἔπληττον
973 417 1021 443 καὶ

230 475 356 502 ὲκέντουν
372 471 505 499 πάντοθεν
525 470 617 503 αὐτὸν,
629 470 677 496 καὶ
692 468 796 505 μυρίων
808 468 913 503 δημίων
927 466 1022 502 πικρό-

229 532 308 560 τερον
323 523 377 550 τῶν
392 521 542 556 σκωλήκων
555 518 668 546 ἐκείνων
687 517 722 545 τὰ
738 517 863 553 στόματα
884 515 1019 543 πάντοθεν

230 577 313 604 αὐτὸν
328 574 469 611 κατήσθιε.

268 691 300 715 ε.’
314 686 392 718 Τίνος
404 683 450 712 οῦν
459 685 509 711 οὐκ
521 683 555 711 ἂν
565 682 688 715 ἀντάξιος
703 681 842 718 μάρτυρος
854 677 930 712 οὗτος
942 689 950 714 ;
963 680 1024 707 Μυ-

211 726 301 775 .ρίων
317 738 367 773 μὲν
380 734 437 764 οὖν.
457 735 515 763 Καὶ
530 735 585 770 γὰρ
602 734 646 761 διὰ
661 734 771 760 πάντων
786 733 833 760 καὶ
850 733 963 768 ὲπάλαιε
976 731 1024 758 καὶ

236 788 427 824 ἐστεφανοῦτο,
456 786 498 815 διὰ
515 786 674 822 χρημάτων,
686 784 730 812 διὰ
745 784 859 816 παίδων,
873 784 917 811 διὰ
932 783 1026 818 σώμα-

235 849 293 873 τος,
305 839 348 866 διὰ
365 838 506 873 γυναικὸς,
525 836 568 862 διὰ
593 835 688 870 φίλων,
711 835 745 861 δι’
770 833 886 870 ἐχθρῶν,
901 833 936 860 δι’
952 834 1025 859 οίκε-

237 890 301 917 τῶν·
319 888 434 923 καὶγὰρ
449 887 496 914 καὶ
511 882 585 913 οὗτοι
601 886 641 917 είς
655 885 686 911 τὸ
710 884 857 920 πρόσωπον
874 882 957 910 αὐτοῦ
980 883 1025 909 ὲν-

238 940 352 967 έπτυον·
373 938 419 965 διὰ
442 935 535 972 λιμοῦ,
551 936 583 962 δι’
608 933 767 970 ὀνειράτων,
788 933 821 960 δι’
846 931 958 963 ὀδυνῶν,
984 931 1027 958 διὰ

238 988 379 1020 δυσωδίας.
398 987 450 1013 Διά
469 986 503 1022 δή
521 985 601 1012 τοῦτο
613 985 694 1020 ἔφην,
717 985 757 1011 ὃτι
776 984 826 1019 οὐχ
842 983 904 1014 ἐνὸς
922 983 1028 1010 καὶδύο

239 1041 286 1067 καὶ
301 1038 397 1075 τριῶν,
412 1037 481 1064 ἀλλὰ
497 1036 601 1072 μυρίων
616 1034 741 1068 ἀντάξιος
756 1034 790 1061 ἂν
805 1034 848 1069 εῐη
869 1033 1027 1069 μαρτύρων.

240 1090 317 1118 Μετὰ
331 1089 387 1125 γὰρ
398 1087 453 1115 τῶν
474 1086 628 1123 εἰρημένων
644 1086 690 1112 καὶ
704 1086 718 1113 ὁ
732 1085 828 1120 χρόνος
840 1085 940 1120 πολλὴν
954 1085 1030 1111 δίδω-

243 1148 285 1166 σιν
310 1136 393 1165 αὐτοῦ
412 1137 470 1169 τοῖς
494 1136 637 1170 στεφάνοις
661 1135 838 1170 προσθήκην
863 1131 919 1160 οἷον
934 1134 965 1161 τὸ
977 1134 1031 1170 πρὸ

242 1190 289 1217 τοῦ
305 1188 401 1224 νόμου,
411 1186 487 1224 [425]
503 1186 555 1222 πρὸ
566 1186 617 1220 τῆς
634 1185 751 1220 χάριτος·
759 1185 846 1211 ταῦτα
861 1185 969 1218 παθεῖν,
983 1185 1032 1212 καὶ

244 1240 333 1275 μῆνας
351 1237 478 1269 πολλοὺς,
495 1235 543 1262 καὶ⁵
566 1235 655 1261 πάντα
678 1234 737 1270 μεθ’
758 1234 923 1270 ὑπερϐολῆς,
942 1235 989 1262 καὶ
1003 1235 1033 1263 τὸ

245 1289 333 1316 πάντα
357 1286 424 1323 ὁμοῦ
445 1286 588 1313 ἐπιθέσθαι
611 1284 686 1320 αὐτῷ
705 1284 740 1311 τά
760 1284 851 1311 δεινάο
877 1283 966 1311 καίτοι
986 1286 1034 1313 καὶ

245 1339 304 1368 καθ’
322 1339 404 1366 ἑαυτὸ
427 1338 543 1364 ἕκαστον
558 1336 649 1363 αὐτῶν
666 1335 814 1371 ἀφόρητον,
836 1335 883 1362 καὶ
896 1335 927 1362 τὺ
938 1335 1034 1362 δοκοῦν

245 1389 431 1426 φορητότερον
450 1385 531 1419 εἶναι,
544 1388 561 1422 ἡ
588 1386 643 1413 τῶν
659 1385 808 1422 χρημάτων
824 1385 919 1422 ζημία.
939 1386 1036 1412 Πολλοὶ

245 1441 311 1476 γοῦν
323 1439 431 1476 πληγὰς
448 1439 497 1474 μὲν
512 1438 642 1474 ῆνεγκαν.
657 1437 760 1473 ζημίαν
779 1437 807 1464 δὲ
823 1437 972 1472 χρημάτων
985 1436 1036 1463 οὐκ

246 1492 378 1528 ῆνεγκαν,
386 1490 456 1517 ἀλλὰ
465 1489 511 1516 καὶ
525 1488 705 1524 μαστίζεσθαι
718 1489 789 1524 ὑπὲρ
801 1488 892 1515 αὐτῶν
900 1488 1003 1515 εἵλοντο
1014 1493 1035 1521 ⁸,

248 1542 295 1568 καλ⁸
316 1540 403 1576 μυρία
426 1539 541 1575 πάσχειν
557 1539 632 1565 δεινὰ
648 1538 749 1574 μᾶλλον
765 1539 781 1574 ἣ
800 1538 913 1565 ἐκείνων
930 1547 956 1565 τι
971 1547 1038 1574 προ-

248 1590 343 1618 έσθαι·
371 1590 418 1617 καὶ
445 1589 547 1625 μείζων
565 1589 658 1620 αὐτοῖς
673 1587 760 1623 ἐφάνη
781 1588 799 1623 ἡ
819 1587 911 1623 πληγὴ
925 1587 1005 1624 αὕτη,
1020 1588 1037 1624 ἡ

248 1641 299 1676 τῆς
312 1640 414 1676 ζημίας
428 1638 483 1666 τῶν
504 1637 667 1675 χρημάτων.
681 1638 764 1663 Ὥστε
787 1637 836 1663 καὶ
854 1633 932 1668 οὗτος
944 1637 1039 1673 ἔτερος

251 1691 333 1718 πάλιν
349 1689 501 1725 μαρτυρίου
526 1688 629 1724 τρόπος
647 1687 686 1723 τῷ
708 1686 817 1722 φέροντι
840 1686 971 1721 γενναίως
989 1686 1039 1722 τὴν

250 1741 353 1768 τούτων
365 1739 513 1768 ἀπώλειαν.
524 1739 580 1766 Καὶ
595 1738 653 1770 πῶς
666 1738 776 1773 οἴσομεν
790 1737 933 1772 γενναίως,
945 1737 1037 1772 φησίν;

251 1792 338 1819 Ὅταν
362 1791 451 1827 μάθῃς
470 1791 510 1817 ὅτι
538 1789 649 1816 πλείονα
674 1789 815 1825 κερδανεῖς
837 1784 875 1815 ὧν
896 1788 1040 1821 ἀπώλεσας

250 1841 284 1869 δι’
301 1841 360 1873 ἑνὸς
377 1841 499 1877 ῥήματος
510 1839 557 1866 τοῦ
574 1839 625 1875 τῆς
636 1838 821 1874 εὐχαριστίας.
834 1839 882 1864 Ἂν
893 1837 948 1873 γὰρ
961 1837 1042 1864 ἀκού-

252 1901 349 1923 σαντες
365 1891 414 1927 τὴν
427 1890 565 1918 ἀπώλειαν
578 1889 616 1925 μὴ
632 1888 823 1925 ταραχθῶμεν,
838 1888 895 1915 ἀλλ’
907 1889 1040 1924 εἴπωμεν,

253 1942 408 1977 Εὐλογητὸς
429 1942 444 1968 ὀ
468 1940 545 1973 Θεός·
562 1939 652 1976 πολλῷ
668 1939 778 1967 πλείονα
793 1939 908 1967 πλοῦτον
921 1940 1042 1976 εὑρήκα-

254 2002 315 2029 μεν.
335 1993 372 2020 Οὐ
391 1992 445 2028 γὰρ
457 1991 490 2027 δὴ
503 1991 622 2018 τοσαῦτα
635 1989 780 2026 καρπώσῃ,
793 1991 839 2018 τὸν
848 1990 962 2018 πλοῦτον
976 1992 1042 2018 ἀνα-

253 2043 356 2071 λίσκων
373 2043 413 2074 είς
429 2042 494 2073 τοὺς
510 2040 666 2076 δεομένους,
682 2040 729 2067 καί¹
747 2040 871 2076 περιιὼν,
898 2041 946 2068 καὶ
961 2040 1044 2076 πένη-

253 2103 304 2125 τας
318 2091 468 2127 ἐπιζητῶν,
482 2091 529 2118 καὶ
545 2091 699 2126 σκορπίζων
709 2090 744 2117 τὰ
758 2090 822 2117 ὄντα
832 2091 889 2122 τοῖς
902 2091 1041 2118 πεινῶσιν·

253 2145 305 2171 ὅσα
317 2142 361 2170 διὰ
374 2141 470 2169 τούτου
485 2139 533 2167 τοῦ
548 2140 670 2175 ῥήματος
685 2141 836 2176 κερδανεῖς.
851 2141 929 2168 Ἐπεὶ
941 2142 987 2168 καὶ
998 2141 1044 2168 τδν

262 2192 322 2219 Ἰὼϐ
340 2192 389 2227 οὐχ
405 2190 478 2217 οὕτω
492 2190 626 2225 θαυμάζω
649 2190 698 2225 τὴν
719 2191 807 2217 οἰκίαν
827 2191 970 2226 ἀνοίγοντα
985 2193 1043 2225 τοῖς

255 2241 404 2277 δεομένοις,
432 2240 471 2270 ὡς
497 2239 695 2275 ὲκπλήττομαι.
723 2240 771 2266 καὶ
798 2241 978 2276 άνακηρΰττω
994 2242 1043 2277 τήν

258 2291 385 2328 ἁρπαγὴν
407 2291 462 2317 τῶν
488 2290 637 2326 χρημάτων
662 2290 832 2325 εὐχαρίστως
854 2292 981 2326 φέροντα.
1006 2292 1043 2319 Τδ

257 2342 324 2370 αὐτὸ
345 2341 374 2368 δὲ
397 2339 476 2367 τοῦτο
498 2340 545 2366 καὶ
559 2339 606 2367 ἐπὶ
623 2338 727 2366 παίδων
744 2339 880 2375 ἀποϐολῆς
895 2340 953 2368 ἐστι
974 2350 1044 2377 συμ-

257 2393 350 2420 ῦαῖνον
367 2393 441 2419 ίδεῖν.
460 2391 526 2418 Οὐδὲ
541 2390 597 2427 γάρ
610 2390 728 2417 ἐνταῦθα
750 2390 879 2418 ἐλάττονα
901 2391 973 2428 λήψῃ
1000 2401 1045 2427 μι-

258 2443 323 2470 σθὸν
345 2442 392 2470 τοῦ
408 2441 454 2469 τὸν
471 2442 528 2468 υίὸν
549 2441 735 2476 ἀναγαγόντος
758 2441 806 2469 καὶ
832 2442 1044 2477 καταθύσαντος,

256 2496 284 2522 ἐἰ
298 2494 468 2521 τελευτῶντα
487 2493 550 2520 ἰδὼν
577 2493 785 2529 ηύχαρίστησας
800 2492 840 2528 τῷ
862 2493 1046 2530 φιλανθρώπῳ

258 2544 330 2580 Θεῷ.
345 2545 378 2571 Τί
393 2545 446 2580 γὰρ
460 2545 475 2571 ό
488 2543 607 2576 τοιοῦτος
621 2542 669 2570 τοῦ
684 2543 810 2579 Ἀϐραάμ
829 2543 905 2570 ἔσται
928 2544 1045 2579 χείρων;

267 2597 387 2628 Ἐκεῖνος
403 2595 458 2631 γάρ
473 2595 522 2622 οὐκ
539 2593 592 2622 εἶδε
614 2594 740 2630 κείμενον
754 2594 861 2630 νεκρὸν,
879 2593 948 2621 ἀλλὰ
962 2603 1047 2629 προσ-

257 2645 376 2680 εδόκησε
414 2645 511 2680 μόνον·
544 2644 614 2671 ὥστε
642 2645 666 2671 εί
694 2644 852 2671 πλεονεκτεῖ
873 2643 912 2680 τῷ
940 2643 1048 2679 μέλλειν

260 2694 418 2727 καταθύειν,
434 2694 482 2721 καὶ
507 2693 557 2730 τὴν
583 2695 662 2730 χεῖρα
688 2694 810 2726 ἐκτείνας
836 2693 886 2730 τὴν
910 2693 1048 2731 μάχαιραν

295 2824 303 2836 ¹
318 2824 373 2856 1³η
389 2824 491 2851 εῐλαντο.

596 109 630 138 S.
646 105 790 135 JOANNIS
805 100 1057 132 CHRYSOSTOMI
1080 99 1240 128 ARCHIEP.
1261 96 1536 128 CONSTANTINOP.

1805 95 1856 123 δυο

1068 163 1202 199 ἁρπάσαι,
1220 163 1426 190 πλεονεκτεϊται
1451 161 1490 197 τῷ
1507 159 1616 188 κεῖσθαι
1637 158 1668 185 τδ
1683 157 1789 184 παιδίον
1812 164 1857 183 νι-

1067 214 1133 250 κρὺν
1147 213 1274 241 ἐνταῦθα.
1286 213 1341 240 Καὶ
1349 212 1436 244 ἄλλως
1445 212 1485 245 δὲ,
1500 210 1595 246 ἐκείνῳ
1606 209 1654 245 μὲν
1665 209 1682 245 ἠ
1695 208 1742 235 τοῦ
1757 216 1858 243 x1109-

1068 263 1193 298 θώματος
1208 262 1284 295 ἐλπὶς
1301 262 1383 298 έφερε
1404 260 1593 298 παραμυθίαν,
1610 260 1658 287 καὶ
1681 258 1713 285 τὸ
1724 258 1774 293 τῆς
1790 257 1858 289 ἰδίας

1069 313 1194 348 ἀνδρείας
1218 313 1298 349 ἔργον
1313 311 1384 339 εἶναι
1401 312 1451 347 τὴν
1467 310 1607 348 ἀριστείαν
1623 309 1742 343 ἐκείνην,
1760 308 1808 334 καὶ
1829 307 1861 334 τὸ

1070 361 1161 395 φωνῆς
1195 359 1299 386 ἀνωθεν
1331 358 1486 394 φερομένης
1520 356 1634 383 ἀκοῦσαι
1656 354 1860 391 προθυμότερον

1070 409 1156 436 ἐποίει
1169 416 1177 424 '
1196 408 1315 435 ἐνταῦθα
1330 408 1358 435 δὲ
1378 407 1455 434 οὐδὲν
1471 405 1592 433 τοιοῦτόν
1603 406 1687 432 ἐστιν.
1698 403 1780 431 Ὅθεν
1795 403 1862 430 άδα-
1873 415 1897 423 ε

1073 458 1205 496 μαντίνης
1218 458 1258 485 δεῖ
1273 457 1363 493 ψυχῆς
1374 457 1413 493 τῷ
1431 456 1564 493 μονογενῆ
1580 455 1673 488 παῖδα,
1685 454 1732 482 καὶ
1740 454 1769 481 ὲν
1780 453 1864 480 πλού-

1071 519 1111 546 τῳ
1122 511 1271 547 τραφέντα,
1288 510 1336 536 καλ⁹
1350 509 1472 545 χρηστὰς
1488 506 1673 542 ὑποφαίνοντα
1684 504 1806 536 ὲλπίδας,
1816 503 1865 530 ἐπὶ

1072 560 1119 588 τοῦ
1150 561 1247 596 βόθρου
1266 561 1392 596 κείμενον
1418 559 1517 595 ὁρῶντι
1540 558 1587 585 καὶ
1612 555 1773 592 τεταμένον,
1791 555 1863 581 ὥστε

1076 611 1172 647 πράως
1186 613 1307 646 ἐνεγκεῖν
1326 611 1357 637 τὸ
1382 609 1501 646 συμϐάν.
1520 609 1550 636 '0
1563 608 1684 639 τοιοῦτος
1701 607 1734 634 ἂν
1749 606 1864 641 δυνηθῇ,

1074 662 1124 697 τῆς
1144 660 1253 696 φύσεως
1268 660 1302 687 τὰ
1322 659 1436 695 κύματα
1463 657 1644 688 κατευνάσας,
1664 656 1751 682 εἰπεῖν
1769 654 1800 681 τὺ
1815 653 1864 680 τοῦ

1081 712 1142 740 Ἰὼϐ
1159 711 1301 747 ἀδακρυτὶ,
1319 710 1346 736 '0
1366 709 1473 743 Κύριος
1486 707 1608 739 ἔδωκεν,
1627 707 1643 733 ό
1657 705 1766 739 Κύριος
1782 704 1867 739 ἀφει-

1075 765 1156 794 λετο,
1181 761 1250 797 μετά
1273 760 1320 788 τοῦ
1334 759 1461 795 Ἀϐραὰμ
1475 756 1557 785 αὐτοῦ
1577 756 1716 792 στήσεται,
1735 753 1805 789 μετά
1820 752 1867 780 τοῦ

1083 813 1143 841 ’1ὼὸ
1157 811 1417 848 ἀνακηρυχθήσεται
1435 809 1490 837 ἀπὸ
1504 808 1551 835 τοῦ
1569 807 1692 842 ῥήματος
1703 804 1800 831 τούτου
1818 803 1868 839 μό-

1077 872 1133 891 νον.
1149 862 1209 889 Κᾶν
1224 861 1288 893 τούς
1302 859 1444 891 κωκυτοὺς
1457 858 1512 884 τῶν
1527 855 1667 892 γυναικῶν
1681 852 1802 886 παύσας,
1820 852 1870 879 καὶ

1077 913 1140 945 τοὺς
1156 911 1255 948 χοροὺς
1279 910 1334 937 τῶν
1357 907 1517 945 θρηνουσῶν
1531 906 1672 939 διαλύσας,
1699 906 1740 937 είς
1760 903 1867 936 δοξολο-

1079 964 1140 1000 γίαν
1154 963 1277 994 ἅπαντας
1290 961 1423 996 διεγείρῃ,
1441 959 1527 995 μυρία
1546 957 1660 988 ἀνωθεν,
1679 955 1762 993 μυρία
1776 954 1871 982 κάτω-

1080 1016 1126 1043 θεν
1137 1008 1242 1046 δέξεται
1257 1011 1333 1048 [426]
1348 1011 1383 1038 τὰ
1405 1010 1529 1049 βρα-ϐεῖα,
1541 1007 1694 1044 ἀνθρώπων
1709 1005 1791 1034 αὐτὸν
1804 1005 1873 1031 θαυ-

1082 1066 1237 1102 μαζόντων,
1263 1063 1387 1099 ἀγγέλων
1417 1060 1600 1098 κροτούντων,
1623 1058 1670 1086 τοῦ
1690 1056 1757 1084 Θεοῦ
1772 1064 1874 1090 στεφα-

1081 1124 1204 1147 νουντος.

1119 1207 1156 1238 ς’·
1175 1202 1231 1230 Καὶ
1245 1201 1303 1234 πῶς
1316 1198 1429 1228 δυνατὸν
1448 1197 1486 1234 μὴ
1502 1196 1611 1224 πενθεῖν
1625 1194 1767 1231 ἄνθρωπον
1787 1192 1853 1219 ὄντα
1866 1212 1875 1225 ,

1084 1254 1169 1290 φησίν
1181 1263 1188 1287 ;
1200 1254 1249 1279 Ἂν
1263 1251 1394 1287 ἐννοήσῃς
1404 1249 1463 1282 πῶς
1473 1248 1488 1275 ὸ
1499 1247 1681 1284 πατριάρχης,
1696 1245 1754 1276 πῶς
1769 1245 1783 1270 ὁ
1800 1242 1878 1274 Ίὼὸ,

1084 1305 1222 1340 ἄνθρωποι
1235 1303 1312 1334 ὅντες
1322 1302 1346 1328 οί
1360 1300 1522 1336 ἀμφότεροι.
1537 1298 1612 1325 οὐδὲν
1624 1295 1743 1323 τοιοῦτον
1761 1294 1878 1328 ἔπαθον,

1084 1356 1132 1382 καὶ
1146 1354 1234 1381 ταῦτα
1249 1353 1303 1389 πρὸ
1319 1352 1402 1387 νόμου
1424 1350 1471 1378 καὶ
1487 1349 1598 1385 χάριτος
1612 1347 1659 1375 καὶ
1674 1347 1724 1382 τῆς
1739 1345 1880 1380 τοσαύτης

1084 1405 1139 1432 τῶν
1153 1404 1244 1440 νόμων
1258 1402 1416 1437 φιλοσοφίας
1427 1401 1556 1436 ἑκάτερος
1569 1398 1658 1425 αὐτῶν
1672 1397 1829 1432 γενόμενος,
1842 1395 1880 1422 ἂν

1085 1455 1192 1490 λογίσ-ῃ,
1209 1454 1250 1480 δτι
1265 1453 1305 1484 είς
1319 1451 1443 1487 βελτίονα
1454 1450 1548 1486 χώραν
1565 1448 1685 1484 μετέστη
1700 1451 1727 1481 b,
1742 1447 1791 1474 καὶ
1808 1447 1882 1482 πρὸς

1086 1505 1191 1541 ἀμείνω
1200 1503 1276 1538 λῆξιν
1291 1501 1467 1537 ἀπεπήδησεν
1484 1501 1498 1527 ὁ
1513 1499 1689 1534 τελευτήσας,
1702 1498 1749 1525 καί⁸
1761 1498 1811 1524 οὐκ
1824 1497 1883 1523 ἀπ-

1087 1555 1191 1586 ώλεσας
1204 1553 1250 1580 τὸν
1261 1554 1328 1586 υἱὸν,
1342 1551 1399 1579 ἀλλ’
1410 1551 1439 1577 ὲν
1451 1550 1543 1586 ὰσύλῳ
1552 1549 1644 1576 λοιπὸν
1657 1548 1760 1575 ἀπέθου
1773 1547 1882 1583 χωρίῳ.

1088 1605 1136 1641 Μὴ
1154 1605 1242 1631 τοίνυν
1257 1602 1331 1637 λέγε,
1350 1602 1391 1628 ὅτι
1410 1600 1509 1628 Οὐκέτι
1522 1599 1658 1633 καλοῦμαι
1674 1599 1776 1634 πατήρ.
1790 1597 1841 1624 Διὰ
1855 1597 1883 1624 τί

1089 1655 1143 1691 γάρ
1160 1654 1252 1681 οὐκέτι
1266 1653 1336 1688 καλῇ
1355 1650 1402 1678 τοῦ
1418 1651 1475 1677 υἱοῦ
1488 1651 1632 1686 μένοντος;
1650 1649 1688 1684 μὴ
1704 1647 1759 1683 γὰρ
1773 1647 1884 1674 ἀπέϐα-

1091 1706 1135 1737 λες
1148 1704 1178 1731 τὸ
1194 1703 1298 1730 παιδίον
1311 1710 1318 1734 ;
1338 1701 1376 1737 μὴ
1394 1700 1448 1737 γάρ
1467 1699 1610 1731 ἀπώλεσας
1625 1698 1670 1725 τὸν
1682 1698 1753 1730 υίόν;
1771 1696 1886 1724 Μᾶλλον

1092 1755 1211 1790 ἐκτήσω,
1229 1753 1277 1780 καὶ
1289 1751 1494 1787 ἀσφαλέστερον
1514 1751 1601 1786 έσχες.
1619 1748 1669 1775 Διά
1687 1748 1766 1776 τοῦτο
1788 1748 1887 1775 οὐκέτι

1092 1803 1210 1832 ἐνταῦθα
1227 1803 1306 1838 μόνον
1316 1801 1386 1837 καλῇ
1400 1800 1502 1835 πατὴρ,
1515 1798 1583 1826 ἀλλὰ
1597 1797 1644 1824 καὶ
1662 1797 1691 1822 ὲν
1707 1796 1746 1831 τῷ
1761 1795 1884 1831 οὐρανῷ·

1090 1856 1162 1883 ὥστε
1179 1854 1211 1880 οὐ
1224 1853 1255 1880 τὸ
1269 1852 1360 1888 πατὴρ
1375 1849 1517 1878 καλεῖσθαι
1528 1848 1683 1880 ἀπώλεσας,
1701 1845 1770 1873 ἀλλὰ
1780 1845 1811 1872 τὸ
1822 1854 1888 1880 μειο

1092 1906 1177 1938 ζόνως
1195 1903 1336 1931 καλεῖσθαι
1352 1900 1529 1937 προσέλαϐες·
1544 1899 1574 1927 οὐ
1591 1899 1645 1934 γάρ
1659 1897 1758 1934 θνητοῦ
1773 1896 1886 1924 παιδίου

1091 1955 1195 1987 λοιπὸν,
1210 1954 1268 1981 ἀλλ’
1288 1952 1423 1980 ἀθανάτου
1439 1950 1564 1986 κληθήσῃ
1586 1948 1689 1984 πατὴρ,
1713 1946 1887 1983 στρατιώτου

1092 2005 1228 2040 γενναίου,
1256 2003 1304 2030 καὶ
1331 2001 1405 2028 ἔνδον
1435 2000 1552 2032 ἑστῶτος
1573 1998 1716 2034 διηνεκῶς.
1745 1998 1792 2032 Μὴ
1816 1998 1888 2032 γὰρ,

1093 2055 1188 2090 ἐπειδὴ
1205 2053 1244 2090 μὴ
1260 2053 1387 2089 πάρεστι,
1413 2051 1461 2078 καὶ
1483 2049 1652 2077 ἀπολωλέναι
1675 2048 1757 2076 αὐτδν
1775 2047 1887 2082 νόμιζε.

1093 2106 1160 2134 Οὐδὲ
1175 2104 1239 2141 γὰρ,
1256 2104 1281 2131 εἰ
1304 2102 1453 2138 ἀποδημῶν
1475 2100 1634 2136 ἐτύγχανεν,
1652 2098 1760 2134 ἀπέστη
1782 2098 1815 2125 ἂν
1837 2106 1889 2124 σου

1093 2157 1140 2184 καὶ
1154 2155 1274 2191 τοῦνομα
1291 2155 1341 2190 τῆς
1361 2151 1520 2187 συγγενείας
1537 2151 1606 2187 μετὰ
1621 2149 1668 2178 τοῦ
1684 2149 1819 2184 σώματος.
1839 2147 1892 2183 Μὴ

1093 2209 1126 2244 δὴ
1139 2209 1172 2244 τῇ
1188 2207 1248 2242 ὄψει
1267 2205 1314 2233 τοῦ
1331 2204 1460 2241 κειμένου
1473 2203 1601 2240 πρόσεχε,
1615 2202 1676 2229 ἐπεὶ
1692 2199 1892 2237 ἀναῤῥιπίζεις

1096 2258 1127 2285 τὸ
1146 2257 1241 2289 πάθος,
1258 2255 1316 2283 ἀλλ’
1329 2254 1419 2289 ἄπαγε
1432 2253 1481 2290 ἦν
1491 2254 1611 2280 διάνοιαν
1623 2252 1677 2280 ἀπὸ
1689 2251 1736 2278 τοῦ
1755 2251 1893 2285 κειμένου

1099 2308 1167 2344 πρὸς
1185 2307 1231 2334 τὸν
1241 2305 1364 2341 οὐρανόν.
1378 2304 1434 2340 Οὐχ
1445 2300 1522 2335 οὗτός
1537 2303 1596 2330 ἐστι
1610 2302 1640 2329 τὸ
1658 2302 1764 2328 παιδίον
1780 2300 1811 2327 τὸ
1828 2299 1893 2327 κεί-

1102 2361 1192 2394 μένον.
1206 2357 1263 2386 ἀλλ’
1287 2357 1390 2388 ἐκεῖνος
1413 2356 1427 2382 δ
1446 2354 1573 2386 άποπτὰς
1594 2354 1641 2382 καὶ
1657 2351 1823 2388 ἀναδραμὼν
1850 2353 1895 2383 εἰς

1093 2412 1161 2448 ὕψος
1173 2412 1295 2446 ἄπειρον.
1311 2409 1396 2437 Ὀταν
1409 2408 1499 2434 τοίνυν
1511 2407 1568 2443 ἴδῃς
1579 2407 1642 2437 τοὺς
1652 2404 1809 2439 ὀφθαλμοὺς
1823 2403 1897 2430 καθ-

1094 2463 1260 2501 ῃρημένους,
1274 2460 1321 2488 καὶ
1334 2460 1364 2486 τὸ
1380 2459 1468 2494 πόμα
1484 2456 1683 2493 συνῃρημένον,
1702 2455 1750 2481 καὶ
1762 2454 1794 2480 τδ
1807 2454 1895 2490 σῶμα

1096 2514 1234 2549 ἀκίνητον,
1253 2511 1292 2547 μὴ
1304 2510 1383 2538 τοῦτο
1397 2509 1492 2542 ἐννόει,
1505 2508 1546 2535 ὅτι
1557 2507 1635 2534 τοῦτο
1651 2506 1682 2533 τὸ
1695 2506 1783 2541 στόμα
1794 2505 1897 2532 οὐκέτι

1097 2565 1255 2601 φθέγγεται,
1267 2559 1339 2589 οῦτοι
1354 2561 1378 2587 οί
1393 2559 1528 2595 ὀφθαλμοὶ
1541 2559 1632 2585 οὐκέτι
1643 2557 1802 2592 βλέπουσιν,
1813 2554 1897 2584 οὗτοι

1097 2617 1121 2642 οἱ
1138 2614 1220 2646 πόδες
1245 2612 1337 2640 οὐκέτι
1360 2609 1523 2647 βαδίζουσιν,
1539 2608 1596 2637 ἀλλ’
1616 2609 1656 2640 είς
1678 2607 1783 2643 φθορὰν
1800 2606 1898 2634 πάντα

1097 2666 1211 2701 οἴχεται·
1229 2663 1267 2700 μὴ
1281 2663 1367 2690 ταῦτα
1380 2661 1453 2696 λέγε,
1472 2660 1539 2687 ἀλλὰ
1555 2659 1685 2687 τάναντία
1707 2658 1823 2691 τούτων,
1850 2658 1900 2685 ὅτι

1098 2715 1184 2743 Τοῦτο
1195 2714 1244 2750 μὲν
1256 2714 1287 2740 τὺ
1303 2712 1391 2748 στόμα
1401 2711 1513 2748 ἄμεινον
1526 2710 1680 2745 φθέγξεται,
1694 2709 1742 2736 καὶ
1755 2708 1779 2736 οί
1789 2707 1900 2743 ὀφθαλ-

1132 2824 1147 2841 ⁸
1159 2823 1201 2850 Sic
1210 2829 1256 2848 ml.
1269 2821 1336 2848 Edili
1352 2827 1421 2851 vero,
1431 2821 1509 2852 χῶρον
1520 2819 1623 2851 μέτεστι,
1636 2818 1709 2843 male.
