2021 3117
167 160 220 188 539

170 217 286 252 denique
300 214 407 250 quidvis
427 213 532 240 ainittat
541 231 549 244 ,
565 210 615 236 hoc
628 212 716 235 tamen
730 207 763 234 ad
785 206 908 234 ciendum
921 204 965 252 do-

171 251 257 291 lorem
272 260 397 288 omnibus
417 262 459 286 est
478 256 631 284 violentius.
650 253 746 281 Pellem
772 252 855 284 enim,
869 251 962 286 inquit,

172 317 219 345 pro
238 307 316 344 pelle,
328 311 354 333 et
365 305 452 332 omnia
465 309 525 337 qui:
544 301 617 328 habet
631 300 717 331 homo,
730 298 800 324 dabit
819 305 865 332 pro
879 297 965 345 animo

170 343 219 383 sua
230 354 240 388 (
251 353 312 380 Job.
326 352 355 379 Ξ.
369 352 386 378 4
398 351 419 385 ).
433 349 488 377 Nec
509 347 654 383 quidquam
677 344 800 380 corporis
826 343 965 370 tormentis

171 401 297 430 acerbius
310 398 373 434 tingi
389 401 486 433 potest.
501 395 554 423 Sed
578 398 668 421 tamen
689 400 749 426 qua:
764 391 804 418 vel
818 389 909 417 auditu
924 389 965 415 in-

172 445 312 476 toleranda
325 447 390 472 sunt
402 464 410 476 ,
425 450 456 470 ea
470 442 505 468 ob
517 439 643 475 gaudium
666 437 742 470 illud,
756 435 827 471 quod
839 434 965 462 divinitus

172 492 324 527 concipitur
336 511 345 523 ,
365 487 515 517 tolerabilia
538 490 618 520 atque
632 485 712 512 etiam
725 481 873 517 expetenda
889 480 965 506 tinnt.

175 541 213 567 Ac
224 538 247 566 si
261 546 276 566 ι
292 538 375 573 ligno,
390 535 430 562 vel
443 542 458 561 a
473 533 617 567 sartagine,
632 529 752 558 nonnihil
766 528 852 555 adhuc
865 528 968 561 spiran—

176 592 229 614 tem
243 589 390 620 martyrem
399 581 532 613 eduxeris,
548 584 650 606 tantum
664 576 788 612 gaudium
800 574 826 602 in
841 580 874 601 co
888 573 967 620 situm

175 619 328 666 comperies
338 650 346 663 ,
360 631 488 664 quantum
504 633 537 653 ue
550 624 640 652 verbis
653 622 762 658 quidem
779 620 840 648 ullis
854 619 967 666 exprimi

174 664 271 713 possit.
294 675 330 703 Et
351 674 415 710 quid
443 671 547 702 iaciam,
575 669 691 704 inquies,
718 664 970 713 quandodmnrtyrii

176 711 283 758 tempus
298 728 369 749 nunc
389 727 442 747 non
466 718 526 746 est?
540 716 609 750 Quid
628 714 717 742 dicis?
732 711 852 747 martyrii
867 716 971 745 tempus

177 777 250 797 nunc
264 776 317 795 non
333 766 410 794 adest
423 765 435 792 τ
449 764 598 798 Numquam
611 761 678 789 illud
692 760 782 791 abest,
796 758 844 786 sed
865 764 971 790 semper

178 817 213 843 ob
225 815 318 843 oculos
332 817 439 840 nostros
452 814 584 842 versatur,
596 808 619 835 si
640 805 760 842 vigilanti
775 805 864 832 animo
876 803 969 830 simus.

178 861 271 894 Neque
292 858 366 886 enim
390 857 418 885 in
444 856 515 891 ligno
540 858 644 882 tantum
672 851 799 887 pendere,
827 854 972 884 martyrem

179 906 243 934 facit
254 913 262 933 τ
275 904 402 940 quoniam
413 903 436 930 si
448 903 486 930 ita
500 909 544 929 res
556 900 676 932 haberet,
692 905 854 926 coronarum
877 896 972 930 hujus-

177 952 253 981 modi
266 951 317 980 Job
330 957 429 986 expers
441 952 522 977 esset.
541 947 633 982 Neque
651 946 723 973 enirn
737 944 771 972 ad
788 943 903 972 tribunal
927 942 971 970 adu

177 998 277 1025 ductus
290 1001 342 1029 est,
357 1002 407 1023 nec
416 993 515 1029 iudicis
529 999 622 1020 vocem
633 990 746 1022 audivit,
760 996 809 1016 nec
821 987 974 1015 carniﬁcem

178 1044 264 1076 vidit;
280 1051 332 1070 non
345 1041 417 1070 enim
431 1048 448 1068 e
461 1040 533 1075 ligno
547 1037 671 1066 sublimis
689 1035 810 1071 pendens
830 1033 976 1062 excarniﬁ-

177 1090 312 1118 cabatur:
325 1092 353 1116 et
372 1091 460 1114 tamen
481 1084 572 1113 multis
586 1082 748 1119 martyribus
763 1080 900 1108 acerbiora
915 1086 976 1114 pas-

181 1142 228 1163 sus
240 1138 298 1168 est;
309 1140 342 1161 ac
354 1139 434 1160 voces
448 1131 502 1159 like
513 1129 680 1160 nuntiorum,
690 1127 737 1162 qui
751 1126 797 1154 alii
809 1125 870 1152 aliis
882 1131 975 1152 succe-

179 1182 289 1213 debant,
305 1187 366 1208 eum
385 1178 480 1214 quavis
492 1177 569 1212 plaga
581 1174 668 1203 acrius
682 1173 857 1206 acerbiusque
871 1170 975 1197 convul-

181 1227 322 1260 nerabant,
347 1230 426 1260 atque
445 1223 565 1258 undique
589 1220 778 1251 lancinabaut,
792 1218 975 1250 vermiumque

182 1273 290 1301 illorum
312 1279 360 1300 ora
381 1270 454 1298 omni
477 1276 510 1297 ex
526 1272 600 1303 parte
614 1267 701 1302 ipsum
724 1263 878 1295 immanius,
894 1270 974 1298 quam

182 1317 303 1346 sexcenti
320 1315 469 1346 carniﬁces.
484 1312 673 1341 cerrodebant.

220 1363 247 1392 5.
268 1363 387 1398 Ecquem
407 1360 489 1396 igitur
510 1363 655 1394 martyrem
670 1356 715 1384 hic
735 1363 788 1384 non
801 1353 906 1390 aequet!
921 1353 976 1380 lino

183 1418 250 1438 vero
263 1412 415 1436 sexcentos.
429 1406 494 1434 Nam
520 1412 567 1440 per
587 1403 676 1431 omnia
699 1409 788 1430 rerum
803 1408 901 1437 genere
920 1405 975 1428 tum

184 1456 345 1488 iuctalntur,
357 1459 412 1482 tum
427 1453 542 1488 palmam
553 1450 702 1483 obtinebat,
716 1449 840 1476 nimirum
852 1455 980 1483 pet-opes.

183 1511 234 1539 per
247 1502 348 1530 liberos
361 1521 368 1534 ,
383 1507 432 1535 per
442 1506 542 1534 corpus
553 1517 561 1530 ,
575 1504 625 1532 per
648 1502 759 1523 uxorem
773 1515 781 1528 ,
796 1502 844 1529 per
857 1494 957 1539 amicos
967 1513 974 1525 ,

185 1556 234 1584 per
245 1547 349 1579 hostes,
375 1553 423 1581 per
447 1550 635 1575 servos;nam
658 1540 686 1568 hi
698 1547 804 1576 quoque
824 1539 851 1567 in
876 1546 907 1566 os
919 1538 977 1573 ejus

184 1593 362 1628 inspuebant;
379 1598 427 1626 per
450 1590 558 1621 famem,
583 1595 629 1621 per
654 1586 769 1617 somnia,
790 1593 837 1620 per
857 1584 974 1617 dolores,

186 1646 235 1674 per
247 1638 379 1666 fautorem.
393 1635 437 1663 0b
449 1641 563 1669 eamque
577 1639 684 1660 causam
698 1631 764 1663 dixi,
779 1638 840 1658 eum
864 1637 916 1656 non
930 1627 976 1656 uni

185 1689 233 1711 aut
255 1682 360 1711 duobus
381 1686 426 1708 aut
450 1681 553 1712 tribus,
577 1678 624 1706 sed
651 1676 784 1705 sexcentis
816 1675 976 1711 martyribus

183 1727 345 1764 aequandum
356 1734 427 1755 esse.
442 1725 547 1753 Etenim
561 1731 612 1752 uua
625 1731 685 1751 cum
696 1723 729 1750 iis
741 1730 800 1758 quae
813 1729 977 1749 commemov

185 1778 244 1801 rata
267 1778 340 1806 sunt,
354 1777 459 1807 tempus
483 1777 589 1806 quoque
615 1776 738 1804 magnum
763 1768 848 1803 ipsius
869 1768 977 1795 coronis

185 1819 322 1847 cumulum
339 1817 412 1846 addit
426 1826 433 1844 :
448 1816 547 1852 quippe
560 1815 631 1851 quod
650 1820 712 1842 ante
727 1815 811 1849 legem
825 1818 853 1842 et
864 1814 976 1849 gratiam

187 1865 246 1893 base
259 1871 401 1900 perpessus
413 1864 458 1897 sit,
474 1863 544 1898 quod
559 1862 657 1889 multOs
670 1869 788 1893 menses,
802 1860 873 1896 quod
887 1860 975 1887 omnia

185 1918 268 1946 supra
281 1910 405 1943 modum,
419 1908 489 1944 quod
503 1907 661 1935 acerbitates
673 1914 766 1933 omnes
782 1906 861 1933 simul
875 1906 900 1932 in
915 1913 976 1932 eum

187 1956 318 1991 impetum
332 1955 445 1983 fecerint
459 1963 466 1981 :
481 1960 641 1989 quamquam
657 1951 861 1986 unumquodque
883 1958 976 1979 corium

188 2001 230 2029 vel
243 2001 331 2029 solum
344 1999 512 2028 intolerabile
524 2002 582 2026 erat
594 2019 602 2031 ,
621 1997 732 2032 ipsaque
744 1997 810 2024 adeo
823 1997 976 2024 divitiarum

187 2047 301 2082 jactura,
314 2053 373 2081 quae
383 2045 493 2080 reliquis
501 2043 664 2072 tolerabilior
674 2051 735 2071 esse
745 2043 892 2071 videbatur.
904 2043 978 2070 lilulti

189 2091 288 2127 quippe
303 2092 392 2126 plagas
404 2090 512 2126 quidem
533 2097 610 2124 aequo
624 2089 714 2116 animo
738 2088 865 2121 tulerunt,
878 2089 923 2124 qui
938 2093 978 2116 ta-

190 2145 252 2165 men
268 2144 350 2172 opum
363 2137 494 2171 jacturam
509 2135 619 2163 minime
634 2135 818 2170 pertulerunt;
833 2143 924 2162 verum
939 2143 980 2162 ea-

189 2190 250 2209 rum
275 2189 355 2209 causa
383 2181 474 2216 ﬂagris
498 2181 586 2215 potius
608 2180 721 2212 concidi,
740 2185 820 2215 atque
832 2180 980 2208 innumeris

191 2227 388 2255 calamitatibus
411 2226 595 2262 aflici,quam
622 2226 737 2260 aliquam
762 2233 854 2252 carum
879 2230 979 2260 partem

192 2273 325 2307 projicere
361 2272 531 2305 maluerunt,
558 2271 761 2307 gravioremque
793 2278 851 2298 eam
876 2271 980 2306 plagam

191 2319 400 2350 existimarunt,
416 2326 475 2353 qua:
488 2325 519 2345 ex
539 2325 618 2353 opum
633 2317 794 2345 detrimento
805 2317 916 2351 capitur.
932 2317 983 2344 Ita-

192 2371 245 2400 que
259 2364 310 2392 hoc
325 2372 430 2400 quoque
445 2363 515 2391 aliud
538 2362 659 2399 martyrii
672 2371 756 2398 genus
771 2368 812 2390 est
823 2383 832 2396 ,
849 2372 908 2390 cum
924 2364 983 2399 quis

192 2417 284 2439 earum
306 2409 477 2438 amissionem
499 2408 561 2437 {orti
586 2409 676 2437 animo
690 2408 799 2443 perfert.
816 2409 849 2436 Et
869 2417 983 2443 quonam

193 2457 275 2485 modo
286 2477 294 2490 ,
308 2457 412 2491 inquiet
425 2456 531 2491 aliquis,
547 2463 605 2483 eam
619 2455 680 2482 forti
693 2455 783 2483 animo
798 2455 984 2490 perferemus?

194 2503 262 2530 Cum
274 2502 401 2530 didiceris
416 2508 441 2529 te
459 2509 506 2536 per
517 2502 620 2529 unicam
635 2508 738 2533 vocem,
751 2509 802 2536 qua
818 2501 872 2528 Deo
886 2502 985 2536 gratias

195 2556 268 2584 agas,
284 2549 344 2582 plus
365 2549 429 2576 lucri
450 2548 591 2580 facturum,
604 2555 683 2582 quam
695 2547 785 2575 damni
800 2547 904 2575 feceris.
920 2547 985 2575 Nam

194 2596 217 2622 si
232 2595 321 2622 audita
334 2602 427 2622 earum
441 2594 585 2622 amissione
598 2594 706 2622 minime
716 2594 908 2622 conturbemur
920 2615 927 2626 ,
939 2594 986 2624 sed

196 2640 327 2673 dicamus,
341 2640 500 2668 Benedictus
524 2640 608 2671 Deus;
625 2640 702 2675 longe
724 2640 862 2668 uberiores
882 2641 987 2669 divitias

197 2686 463 2721 invenimus.Neque
487 2685 558 2713 enim
584 2690 683 2712 tantmn
707 2686 827 2714 utilitatis
851 2687 951 2721 capies,
966 2688 988 2714 si

197 2739 263 2766 opes
287 2736 346 2759 tuas
371 2731 397 2759 in
423 2737 532 2766 egentes
553 2739 705 2761 consumas.
720 2737 747 2759 et
769 2732 934 2764 obambules,
959 2739 990 2759 ac

198 2784 330 2812 pauperes
355 2777 509 2811 conquiras,
523 2776 714 2812 facultatesque
741 2782 798 2805 tuas
822 2779 847 2805 in
874 2786 920 2805 cos
945 2778 990 2813 qui

200 2823 271 2850 tame
283 2823 407 2850 laborant
421 2830 540 2857 spargas,
555 2829 682 2857 quantum
705 2831 752 2857 per
771 2823 822 2851 hoc
836 2832 916 2851 unum
928 2832 990 2851 vcr-

201 2869 265 2898 bum
277 2871 454 2898 emolumenti
467 2870 548 2897 feres.
561 2870 780 2906 Quandoquidem
791 2877 817 2898 et
830 2871 923 2899 Jobum
938 2879 989 2898 non

366 2914 501 2946 Panos.
517 2916 576 2947 Gs.
598 2917 678 2948 LXI.

718 149 749 175 1N
768 147 873 176 El‘iST.
897 147 916 173 ll
949 147 994 173 AD
1014 146 1091 175 COIl.
1113 147 1226 175 IIOMIL.
1249 149 1269 174 l.

1756 151 1808 177 5υο

1020 209 1074 232 tam
1089 205 1217 239 admiror,
1227 214 1287 233 Clllll
1303 207 1411 234 domum
1423 215 1500 236 suam
1518 208 1676 244 pauperibus
1690 214 1809 243 apertam

1019 249 1108 281 habet,
1121 258 1201 285 quatit
1215 251 1339 279 eumdem
1362 253 1478 287 suspicio
1491 261 1522 280 ac
1538 253 1663 287 prmdico,
1681 261 1740 280 cmn
1761 253 1810 280 bo~

1019 302 1112 322 norum
1136 297 1301 331 emptionem
1330 297 1366 324 ita
1391 297 1452 331 fert,
1467 303 1494 326 ut
1512 299 1612 334 gratias
1634 299 1714 326 etiam
1739 305 1809 333 agat.

1018 340 1093 373 Qund
1108 341 1186 368 etiam
1202 342 1287 376 ipsum
1312 342 1338 370 in
1363 343 1505 371 liberorum
1522 344 1667 372 amissione
1689 342 1812 371 accidere

1016 393 1128 414 cernere
1143 387 1213 414 licet.
1228 387 1319 423 Neque
1334 389 1404 415 cnim
1419 389 1469 417 hac
1482 390 1509 417 in
1524 398 1552 417 re
1567 390 1697 418 minorem
1714 397 1816 417 mercc—

1019 429 1079 457 dem
1093 432 1192 466 capies,
1206 440 1284 467 quam
1301 434 1406 469 illc,qni
1421 434 1504 461 tilium
1518 442 1595 462 suum
1609 434 1719 463 adduxit
1733 440 1812 469 atqu:

1020 475 1178 510 innnolavit,
1194 477 1216 504 si
1242 487 1303 505 cum
1332 480 1413 505 tilium
1441 481 1598 508 morientem
1623 480 1810 515 conspexeris,

1020 521 1136 556 benigno
1152 524 1206 550 Deo
1221 525 1320 559 gratias
1336 533 1409 560 agas.
1426 525 1452 552 In
1468 534 1520 560 quo
1535 527 1607 554 enim
1623 527 1645 554 is
1659 527 1705 562 qui
1720 527 1816 561 hujus-

1021 568 1094 596 modi
1115 569 1205 596 animo
1229 571 1354 605 prtcdilus
1379 577 1430 604 est,
1446 572 1597 600 Ahrabamn
1623 573 1733 601 inferior
1755 573 1814 600 sit?

1024 612 1067 642 ille
1081 615 1151 642 enim
1169 623 1220 642 non
1238 622 1370 643 mortuutu
1387 617 1459 644 bimi
1475 623 1586 645 stratum
1603 618 1679 650 vidit,
1695 619 1742 646 sed
1757 623 1815 646 tan-

1023 665 1076 687 tum
1093 661 1278 695 exspectavit:
1295 662 1421 696 quocirca
1445 665 1467 690 si
1492 663 1540 691 hac
1562 664 1666 691 ratione
1692 665 1814 698 superior

1021 709 1072 736 est.
1084 705 1155 740 quod
1170 706 1252 733 ﬁlium
1265 712 1381 734 mactare
1394 707 1513 742 parabat,
1522 713 1601 743 atque
1614 713 1720 736 extenta
1734 717 1814 736 manu

1023 752 1140 786 gladium
1154 754 1301 788 arripuerat
1314 775 1320 786 ,
1335 754 1361 781 in
1378 754 1428 782 hoc
1440 762 1546 782 rursum
1562 754 1669 782 inferior
1678 760 1729 787 cst,
1744 758 1815 790 quod

1024 797 1066 824 hic
1080 805 1145 832 puer
1166 804 1287 826 mortuus
1303 799 1399 833 jaceat.
1412 800 1560 833 Quinetiam
1582 800 1679 834 alioqui
1695 801 1815 834 przcclari

1025 844 1148 872 facinoris
1167 853 1231 879 spes
1244 846 1452 873 consolationem
1469 847 1517 881 ipsi
1530 846 1674 873 afferebat:
1691 851 1769 882 atque
1785 848 1815 882 il;

1024 891 1069 919 lud
1085 893 1158 925 item,
1180 893 1250 927 quod
1265 898 1402 920 strenuum
1419 893 1567 928 ltujnsmodi
1584 894 1686 921 facinus
1700 877 1834 929 propria?

1025 937 1107 971 ipsius
1128 937 1289 966 fortitudinis
1304 947 1400 966 munus
1422 946 1497 972 emt;
1511 947 1543 967 ac
1559 945 1686 974 prteterea
1701 948 1751 967 vox
1764 949 1795 967 ca
1807 962 1814 971 .

1024 990 1084 1017 quae
1097 984 1198 1011 caelitus
1214 985 1377 1017 mittebatur,
1394 986 1427 1012 ab
1450 993 1483 1012 eo
1507 986 1608 1018 audita.
1624 987 1815 1022 promptiorem

1025 1035 1085 1054 cum
1102 1029 1239 1057 reddebat.
1255 1030 1304 1058 llic
1316 1037 1405 1058 autem
1420 1031 1484 1058 nihil
1499 1031 1630 1066 ejusmodi
1644 1038 1695 1060 est.
1711 1033 1749 1060 Ex
1764 1041 1816 1069 quo

1026 1075 1193 1111 intelligitur,
1207 1076 1377 1104 adamantina
1391 1077 1505 1112 quadam
1521 1078 1608 1106 anima
1622 1086 1691 1114 opus
1703 1086 1772 1112 esse,
1790 1085 1816 1107 nt

1025 1122 1157 1157 quispiam
1169 1123 1278 1150 unicum
1292 1123 1387 1156 tilium,
1400 1124 1443 1159 qui
1460 1123 1486 1150 in
1502 1124 1601 1152 divitiis
1616 1125 1745 1153 educatus
1760 1127 1804 1154 lue

1027 1171 1078 1201 rat,
1091 1167 1234 1204 laetamque
1246 1169 1281 1196 de
1293 1176 1323 1197 se
1336 1176 1410 1204 spem
1423 1170 1562 1202 merebat,
1576 1171 1602 1198 in
1615 1172 1716 1198 tumqu
1727 1172 1815 1206 jacen-

1027 1218 1081 1241 tem
1095 1219 1123 1242 et
1136 1219 1274 1243 extentum
1285 1216 1453 1250 conspiciens
1464 1234 1473 1249 ,
1487 1224 1577 1243 casum
1593 1217 1663 1244 hunc
1679 1217 1774 1245 leuiter
1787 1227 1818 1245 ac

1027 1259 1130 1294 placide
1143 1259 1221 1288 ferat.
1237 1260 1287 1294 Qui
1307 1260 1359 1288 hoc
1379 1261 1469 1288 animo
1482 1267 1536 1296 est,
1551 1262 1574 1289 si
1595 1263 1696 1291 sedatis
1716 1269 1818 1291 natura:

1026 1305 1150 1333 ﬂuctibus
1169 1306 1233 1334 illud
1247 1305 1308 1334 Jobi
1322 1307 1400 1334 siccis
1414 1307 1498 1335 oculis
1519 1307 1610 1336 dicere
1621 1313 1711 1343 queat,
1726 1309 1818 1336 Domi.

1027 1360 1074 1378 mu
1093 1352 1181 1385 dedit,
1199 1352 1323 1380 Dominus
1349 1352 1452 1380 abstulit
1466 1352 1476 1387 (
1489 1352 1539 1380 Iob
1554 1354 1580 1381 i.
1603 1354 1635 1382 21
1656 1356 1684 1388 );
1708 1356 1743 1382 ob
1768 1355 1818 1383 hoc

1026 1397 1165 1424 dumtaxat
1180 1398 1288 1426 verbum
1305 1407 1355 1425 una
1375 1406 1436 1426 cum
1459 1398 1612 1427 Abrabamo
1631 1400 1816 1432 coilocabitur.

1026 1451 1079 1471 una
1091 1451 1152 1471 cum
1163 1444 1215 1472 Job
1229 1445 1313 1472 victor
1324 1445 1520 1480 prmdieabitur.
1537 1445 1612 1479 Quod
1634 1445 1667 1478 si,
1681 1453 1818 1480 compres-

1025 1490 1065 1517 sis
1078 1490 1217 1518 mulierum
1240 1490 1398 1526 singultibus
1411 1491 1554 1526 eborisque
1570 1492 1715 1527 lugentium
1731 1493 1818 1521 disso-

1027 1535 1099 1568 lutis,
1121 1543 1216 1563 omnes
1239 1536 1273 1564 ad
1299 1536 1474 1564 celebrandas
1500 1537 1545 1564 Dei
1574 1537 1667 1565 laudes
1681 1538 1815 1569 excitarit,

1025 1582 1165 1610 innumera
1180 1583 1205 1610 in
1218 1583 1286 1610 caelo
1298 1604 1306 1615 ,
1321 1583 1460 1611 innumera
1475 1584 1501 1610 in
1521 1588 1589 1611 terra
1604 1586 1711 1620 praemia
1725 1594 1818 1613 conse-

1026 1632 1131 1663 quetur,
1145 1628 1297 1657 hominibus
1316 1637 1380 1657 eum
1406 1629 1610 1664 admirantibus,
1625 1631 1726 1667 angelis
1744 1633 1817 1667 plan~

1026 1675 1161 1707 dentibus,
1176 1676 1231 1704 Deo
1243 1681 1402 1704 coronaute.

1061 1721 1088 1749 6.
1105 1721 1139 1749 Et
1153 1723 1198 1757 qui
1213 1721 1270 1750 ﬁeri
1284 1726 1381 1758 queat,
1402 1722 1475 1750 dicet
1488 1723 1599 1758 aliquis,
1623 1728 1651 1752 ut
1668 1725 1713 1760 qui
1734 1726 1814 1754 homo

1026 1772 1085 1799 est,
1101 1775 1154 1795 non
1168 1767 1278 1802 lugeat?
1292 1767 1424 1795 Nimirum
1438 1768 1460 1795 si
1470 1769 1581 1803 cogites,
1599 1777 1648 1796 nec
1661 1770 1818 1804 patriarcha:

1026 1822 1077 1841 nec
1089 1814 1168 1847 Jobo,
1184 1822 1244 1841 cum
1262 1813 1342 1841 homo
1362 1819 1473 1849 uterque
1493 1818 1582 1846 esset,
1605 1816 1749 1851 quidquam
1766 1818 1818 1844 tale

1027 1861 1158 1887 accidisse
1168 1880 1175 1890 ,
1194 1859 1272 1894 idque
1284 1867 1346 1887 cum
1360 1864 1472 1894 uterque
1486 1865 1548 1887 ante
1564 1860 1648 1895 legrm
1663 1865 1691 1888 et
1704 1863 1816 1896 gratiam

1027 1914 1058 1933 ac
1067 1911 1166 1933 tantam
1176 1905 1263 1941 legum
1274 1905 1469 1942 philosophiam
1481 1906 1625 1932 exstitisset
1638 1917 1644 1933 ι
1656 1907 1677 1934 si
1689 1912 1817 1941 pt‘a'lt‘l‘t‘u

1028 1951 1092 1979 illud
1105 1951 1271 1984 consideres,
1287 1958 1359 1982 eum,
1375 1950 1419 1985 qui
1432 1950 1512 1978 vitam
1526 1958 1586 1978 cum
1601 1957 1686 1979 morte
1699 1960 1819 1980 conmut-

1028 1998 1104 2031 tavit,
1117 1998 1150 2025 ad
1166 1997 1304 2025 meliorem
1315 1996 1452 2032 regionem
1464 1996 1603 2032 migrasse,
1615 2001 1693 2033 atque
1704 1998 1735 2025 ad
1749 2007 1818 2034 pra:—

1028 2044 1184 2071 stantiorem
1196 2047 1296 2070 sortem
1311 2042 1480 2075 transiliisse,
1496 2047 1573 2078 teque
1587 2049 1639 2070 non
1655 2043 1737 2071 ﬁlium
1754 2045 1820 2072 ami-

1028 2090 1114 2122 sisse,
1131 2089 1178 2117 sed
1199 2089 1225 2116 in
1242 2093 1298 2116 tuto
1316 2089 1370 2123 jam
1387 2088 1447 2116 loco
1461 2088 1618 2116 collocasse.
1639 2089 1819 2122 Quamobrem

1031 2144 1064 2164 ne
1075 2136 1176 2164 dixeris
1186 2157 1193 2169 ,
1209 2135 1267 2163 iam
1282 2140 1357 2170 pater
1372 2143 1426 2163 non
1438 2143 1530 2163 vocor.
1544 2134 1597 2163 Cur
1611 2136 1681 2164 enim
1701 2145 1752 2165 non
1764 2138 1820 2173 jam

1031 2183 1135 2211 voceris
1146 2204 1152 2215 ,
1167 2190 1228 2210 cum
1249 2182 1318 2208 illius
1335 2187 1394 2208 tuus
1407 2186 1542 2216 superstes
1562 2181 1617 2209 sit?
1632 2190 1694 2210 num
1708 2191 1817 2218 puerum

1031 2228 1163 2256 amisisti?
1178 2236 1240 2255 num
1265 2227 1347 2255 [ilium
1364 2227 1519 2263 perdidisti?
1535 2227 1590 2255 lmo
1605 2229 1693 2263 potius
1707 2231 1818 2266 adeptus

1032 2283 1072 2307 es,
1088 2274 1222 2309 tutiusque
1237 2273 1369 2308 possides.
1385 2273 1447 2301 Ideo
1461 2280 1514 2300 non
1525 2272 1580 2308 jam
1595 2273 1637 2301 hic
1648 2275 1734 2302 solum
1749 2281 1824 2310 pater

1033 2321 1147 2354 vocaris,
1158 2320 1206 2348 sed
1216 2319 1294 2347 etiam
1305 2319 1332 2346 in
1344 2319 1419 2346 cutio.
1431 2318 1619 2353 Quamobrem,
1634 2323 1736 2348 tantum
1747 2323 1824 2350 abest

1034 2373 1062 2395 ut
1077 2367 1159 2403 patris
1180 2373 1278 2394 nomen
1299 2365 1436 2397 amiseris,
1453 2369 1483 2393 ut
1503 2365 1638 2401 copiosius
1657 2368 1737 2395 etiam
1758 2368 1823 2396 illud

1035 2414 1081 2442 tibi
1095 2413 1240 2441 accesserit
1255 2421 1262 2439 :
1277 2419 1365 2447 neque
1383 2411 1454 2439 enim
1474 2411 1528 2446 jam
1549 2412 1670 2440 mortalis
1680 2434 1688 2446 ,
1710 2414 1756 2442 sed
1771 2415 1822 2441 im-

1035 2458 1156 2486 mortalis
1171 2457 1218 2485 iilii
1232 2461 1307 2492 pater
1320 2456 1470 2489 vocaberis,
1484 2457 1640 2492 strenuique
1656 2458 1747 2486 militis
1759 2481 1766 2493 ,
1783 2465 1824 2487 at-

1034 2513 1087 2540 que
1101 2505 1172 2531 intus
1188 2507 1316 2537 perpetuo
1337 2501 1441 2529 stantis.
1463 2501 1556 2538 Neque
1577 2503 1648 2530 enim
1668 2509 1727 2538 est,
1753 2505 1824 2540 quod

1037 2558 1097 2578 cum
1111 2550 1211 2577 idcirco
1223 2548 1269 2575 tibi
1284 2547 1396 2583 periisse
1417 2552 1510 2583 putes,
1525 2549 1586 2584 quia
1600 2557 1652 2576 non
1666 2550 1752 2577 adest.
1778 2551 1824 2578 Et~

1037 2597 1108 2625 enim
1124 2596 1146 2623 si
1163 2603 1277 2630 peregre.
1288 2595 1422 2629 proiectus
1440 2594 1542 2628 fuisset,
1553 2603 1604 2622 non
1621 2602 1761 2632 propterea
1772 2606 1822 2625 una

1038 2651 1098 2671 cum
1119 2649 1234 2676 corpore
1257 2641 1460 2676 propinquitatis
1480 2648 1586 2676 quoque
1606 2649 1701 2670 nomen
1718 2643 1826 2671 absces—

1039 2689 1127 2717 sisset.
1143 2687 1271 2722 Quocirca
1286 2694 1320 2714 ne
1333 2687 1446 2722 jacentis
1460 2687 1561 2714 vultum
1572 2688 1694 2722 attende;
1709 2689 1747 2716 sic
1758 2690 1827 2717 enim

1039 2733 1225 2769 argritudinem
1239 2733 1396 2764 exsuscitas,
1414 2741 1505 2759 verum
1521 2732 1553 2759 da
1569 2741 1688 2768 operata,
1709 2738 1737 2760 ut
1753 2742 1829 2760 incn-

1042 2784 1094 2807 tem
1109 2780 1143 2807 ab
1155 2787 1198 2812 eo,
1214 2779 1259 2814 qui
1276 2779 1356 2814 jacet,
1371 2779 1404 2806 ad
1419 2779 1514 2805 eielum
1529 2779 1670 2806 subducas.
1686 2779 1743 2807 Non
1758 2783 1829 2806 enim

1042 2825 1156 2853 cadaver
1176 2825 1244 2857 hoc,
1259 2824 1330 2859 quod
1352 2824 1425 2851 humi
1438 2824 1523 2858 jacet,
1541 2823 1611 2851 illius
1626 2828 1686 2851 tuus
1707 2828 1766 2856 est,
1782 2825 1830 2851 sed

1044 2872 1104 2902 ille.
1120 2870 1165 2906 qui
1185 2871 1315 2900 avolavit,
1339 2874 1416 2903 atque
1438 2869 1464 2896 in
1481 2869 1637 2896 immensam
1660 2868 1826 2896 altitudinem
