2021 3117
223 146 271 175 391

222 204 352 233 ascendit.
368 203 434 231 Cum
445 203 533 237 itaque
547 201 692 236 depressos
706 200 799 228 oculos
813 205 894 235 atque
908 203 1017 227 contra-

222 255 295 278 ctum
310 257 341 277 os
356 255 382 277 et
394 255 492 283 corpus
506 251 579 274 motu
591 254 686 274 carens
700 246 809 279 vidi-ris,
826 253 891 273 cave
907 246 957 272 hoc
968 245 1013 272 tibi

223 297 250 324 in
273 301 389 323 mentem
403 295 508 328 veniat,
525 294 595 328 quod
609 301 640 321 os
655 293 726 320 istud
743 301 795 320 non
814 293 868 328 jam
885 293 1013 328 loquitur,

223 342 293 369 oruli
307 341 349 368 isti
366 348 417 367 non
429 340 483 375 jam
499 343 624 371 cernunt,
639 339 720 373 pedes
732 339 774 366 isti
789 347 840 366 non
853 339 907 374 jam
922 340 1015 366 ambu-

221 388 286 420 lant,
305 386 350 414 sed
364 386 453 413 omnia
468 386 494 412 in
509 385 708 420 corruptionem
722 385 846 412 abierunt
861 393 867 412 :
884 392 959 418 cave,
975 385 1015 411 in-

220 440 299 468 quam
310 453 319 466 ,
338 432 389 460 ista
404 431 494 464 dicas;
510 439 601 458 verum
619 431 661 458 his
678 431 812 458 contraria
823 452 830 464 ,
846 437 942 465 nempe
955 451 962 462 ,
978 430 1014 457 0s

221 478 290 507 istud
305 478 400 505 melius
415 478 549 512 loquetur,
565 477 634 504 oculi
651 477 694 504 isti
717 476 827 503 meliora
842 480 970 508 cernent,
987 479 1014 503 et

221 524 302 559 pedes
318 524 343 550 in
358 523 472 551 nubibus
487 523 616 551 sublimes
633 522 769 553 tollentur,
786 529 818 550 ac
827 521 942 556 denique
955 529 1014 548 cor-

219 576 269 603 pus
290 568 379 601 istud,
395 568 466 604 quod
487 576 557 595 nunc
579 567 769 602 corrumpitur,
786 567 1012 594 immortalitatem

218 614 321 648 induet,
337 614 564 649 illustriorcmque
578 613 661 640 filium
677 620 765 640 meum
782 613 918 647 recipiam.
934 612 1011 646 Quod

218 662 240 689 si
261 669 406 689 maerorem
426 660 472 688 tibi
493 668 524 687 ea
535 680 542 693 ,
559 668 619 695 qua:
634 659 740 691 cernis,
757 658 888 691 afferunt,
904 657 1011 685 interim

218 712 305 736 tecum
329 708 386 743 ipse
403 708 459 734 lucc
480 707 609 742 loquere:
627 706 821 734 Vestimenlum
837 705 889 732 hoc
909 710 968 736 est;
986 705 1011 732 id

217 755 300 785 exuit,
317 758 345 780 ut
361 754 447 789 ipsum
462 753 616 788 pra-clarius
629 752 739 786 recipiat
753 761 759 779 :
774 751 869 778 domus
883 751 939 778 haec
952 755 993 778 est
1005 757 1013 782 ;

217 807 248 826 ea
270 806 362 826 eversa
387 803 443 830 est,
468 802 498 825 ut
519 797 680 824 luculentior
703 796 758 823 ﬁat.
781 795 1012 829 Quemadmodum

196 845 288 883 inim
303 852 363 878 nos,
379 852 439 871 cum
454 843 563 871 domum
581 843 717 878 purgaturi
733 849 836 876 sumus,
853 849 899 870 eos
913 842 956 876 qui
969 842 1011 869 in-

216 896 258 919 tus
274 891 408 921 habitant.
426 899 478 918 non
494 891 607 918 sinimus
621 896 747 922 manere,
762 889 809 916 sed
827 896 861 916 ne
873 887 936 923 quid
951 888 1011 923 pul-

215 937 287 965 veris
297 937 458 965 contrahant
471 944 502 964 ac
514 936 626 964 tumultu
638 934 817 967 oﬁendantur,
834 934 905 962 foras
918 941 1011 962 antan-

215 983 311 1011 damus
326 990 357 1010 ac
376 983 511 1017 paulisper
531 981 657 1010 secedere
668 981 809 1016 iubemus;
837 985 1009 1015 posteaquam

214 1034 304 1056 autem
320 1029 428 1056 domum
444 1032 526 1055 tutam
542 1027 721 1060 reddidimus,
738 1030 792 1053 tum
807 1026 922 1061 denique
938 1026 1010 1061 ipsos

216 1076 299 1103 libere
312 1075 424 1102 introire
442 1074 557 1102 sinimus
572 1083 578 1100 :
595 1073 690 1101 eodem
708 1072 789 1100 modo
810 1072 881 1100 Deus
903 1079 1010 1107 quoque

215 1121 292 1154 facit;
306 1128 402 1148 everso
421 1120 492 1147 enim
516 1119 585 1154 putri
603 1119 685 1154 ipsius
700 1118 883 1151 tabernaculo,
901 1118 1007 1145 interim

214 1173 275 1194 eum
293 1167 318 1193 in
335 1171 473 1200 paternam
488 1165 597 1192 domum
611 1169 690 1198 atque
705 1163 738 1191 ad
756 1171 787 1191 se
807 1163 966 1197 introducit,
981 1168 1009 1191 ut

215 1218 388 1248 posteaquam
404 1211 468 1240 illud
480 1211 601 1245 diruerit,
616 1216 696 1245 atque
708 1210 873 1243 instaurarit,
890 1214 945 1237 tum
960 1209 1007 1237 de-

215 1269 287 1288 mum
302 1260 468 1296 splendidius
482 1258 507 1287 id
529 1259 555 1287 ei
572 1257 675 1286 reddat.
691 1256 823 1290 Quocirca
837 1264 871 1284 ne
886 1256 986 1284 dixeris
997 1277 1005 1290 ,

589 144 617 172 S.
637 143 775 172 JOANNIS
793 141 1029 170 CIIRYSOSTOMI
1048 141 1205 171 ARCHIEP.
1225 143 1494 173 CONS'l‘aNTlNOP.

1808 149 1861 177 5⁸32

1073 199 1173 233 Periit,
1197 208 1246 227 nec
1265 202 1319 235 jam
1341 206 1398 233 est;
1415 209 1507 229 eorum
1522 202 1609 236 enim,
1628 204 1672 238 qui
1688 204 1740 232 ﬁde
1754 212 1861 240 carent,

1071 246 1129 273 lucc
1147 246 1228 274 verba
1243 251 1320 279 sunt;
1335 255 1428 275 verum
1443 247 1495 275 hoc
1510 249 1614 283 potius,
1638 249 1758 284 Dormit,
1773 259 1804 279 ac
1818 260 1862 279 re—

1070 297 1178 327 surget;
1195 291 1305 328 peregre
1320 293 1403 326 abiit,
1419 298 1498 329 atque
1512 302 1572 322 cntn
1585 295 1658 331 Rege
1670 303 1798 325 venturus
1810 304 1861 326 est.

1069 338 1133 372 Quis
1147 338 1197 365 hoc
1209 345 1334 366 sermone
1345 339 1448 366 utitur?
1462 339 1486 367 is
1502 348 1616 376 nempe,
1630 342 1674 377 qui
1688 342 1821 370 Christum
1836 343 1861 370 in

1069 391 1098 410 se
1114 383 1267 418 loquentem
1284 383 1374 412 habet.
1390 385 1421 412 Si
1436 386 1501 412 enim
1515 386 1654 420 credimus,
1676 387 1761 422 inquit
1771 408 1779 421 ,
1795 389 1862 422 quod

1067 427 1144 455 Jesus
1159 433 1272 456 mortuus
1285 434 1321 456 est
1335 435 1358 456 et
1371 432 1511 458 resurrexit
1525 439 1555 458 ac
1569 433 1643 465 vivit;
1655 433 1689 459 ita
1703 434 1779 460 etiam
1794 433 1862 461 Deus

1068 484 1124 508 eos,
1139 476 1182 511 qui
1196 476 1385 503 obdormierunt
1397 497 1404 509 ,
1421 485 1464 510 per
1475 477 1564 505 Jesum
1579 479 1686 506 adducet
1706 488 1764 506 cum
1779 488 1808 506 ea
1823 480 1860 514 (Ι.

1067 521 1157 548 Thess.
1172 522 1198 549 4.
1211 522 1266 557 M).
1282 521 1370 556 Quare
1384 522 1406 549 si
1422 523 1505 550 ﬁlium
1520 524 1629 558 quaeris,
1645 524 1699 552 illic
1709 532 1769 552 eum
1785 533 1861 559 qua:-

1067 576 1095 594 re
1105 589 1112 598 ,
1130 568 1174 595 ubi
1190 568 1245 595 ilex
1259 573 1310 601 est,
1325 569 1369 595 ubi
1382 569 1538 603 angelorum
1552 571 1697 602 exercitus,
1712 579 1763 597 non
1778 570 1804 597 in
1819 578 1861 598 se-

1066 615 1168 649 pulcro,
1184 621 1236 641 non
1256 614 1282 641 in
1305 619 1374 641 terra
1387 635 1395 647 ,
1416 622 1450 642 ne
1464 615 1580 650 alioqui,
1595 623 1628 643 eo
1647 624 1731 651 usque
1744 616 1812 644 adeo
1829 616 1858 644 in

1065 660 1149 688 altum
1169 665 1260 688 erecto
1271 681 1279 694 ,
1303 661 1360 695 ipse
1376 661 1448 688 humi
1473 662 1628 696 provolutus
1648 670 1768 690 maneas.
1783 663 1811 691 Si
1826 663 1859 691 ad

1066 705 1137 734 hunc
1161 706 1268 733 modum
1287 706 1518 742 philosophentur,
1535 715 1642 736 omnem
1665 708 1794 743 ejusmodi
1809 709 1858 737 d0<

1066 752 1149 780 lorem
1165 753 1239 780 nullo
1255 753 1362 788 negotio
1379 753 1571 788 propellemus.
1590 754 1660 782 Deus
1672 759 1762 782 autem
1777 756 1859 783 misc-

1065 799 1198 826 rationum
1217 805 1245 826 et
1268 799 1348 826 Pater
1362 799 1443 827 totius
1464 801 1656 828 consolationis
1670 799 1789 828 omnium
1809 809 1857 828 no-

1065 849 1149 873 strum
1169 845 1251 873 corda
1266 846 1432 878 consoletur,
1455 849 1484 873 et
1503 853 1597 874 eorum
1621 846 1666 881 qui
1687 847 1713 874 in
1726 847 1857 882 ejusmodi

1063 891 1203 919 doloribus
1219 895 1372 924 versantur,
1387 895 1415 919 et
1427 898 1520 919 eorum
1535 892 1580 927 qui
1602 892 1656 920 alio
1673 893 1797 920 mceroris
1809 901 1857 929 ge-

1063 944 1128 965 nere
1142 941 1276 971 tcneutur,
1290 937 1425 972 donetque
1436 941 1465 964 ut
1477 937 1552 964 omni
1564 937 1691 965 mmstitia
1702 938 1855 972 liberemur,

1063 990 1094 1010 ac
1109 983 1249 1018 spirituale
1262 983 1387 1018 gaudium
1403 983 1582 1018 percipiamus
1593 1004 1601 1017 ,
1625 983 1767 1019 futuraque
1789 985 1856 1013 bona

1062 1036 1258 1064 consequamur
1275 1037 1281 1056 :
1297 1036 1357 1063 quae
1382 1028 1460 1056 detur
1482 1029 1609 1056 omnibus
1634 1029 1711 1057 nobis
1732 1031 1855 1065 assequi,

1061 1075 1147 1110 gratia
1160 1079 1186 1102 et
1200 1074 1364 1109 benignitate
1377 1074 1481 1102 Domini
1496 1075 1581 1102 nostri
1596 1074 1660 1102 Jesu
1670 1075 1781 1109 Christi,
1795 1084 1856 1104 cutn

1062 1127 1115 1155 quo
1137 1120 1208 1147 Patri
1222 1119 1356 1154 simulque
1369 1124 1462 1147 sancto
1479 1119 1589 1155 Spiritui
1604 1121 1704 1156 gloria,
1722 1127 1855 1156 potestas,

1062 1166 1165 1200 honor,
1191 1173 1261 1193 nunc
1280 1169 1307 1193 et
1325 1172 1442 1200 semper,
1465 1169 1493 1193 et
1515 1165 1542 1193 in
1564 1167 1662 1195 saecula
1685 1168 1854 1196 surculorum.

1062 1213 1158 1240 Amen.

219 1330 1851 1344 ΜΗ-

920 1371 1095 1403 HOMILIA
1117 1371 1157 1401 ll.

214 1453 277 1480 Car.
295 1452 320 1479 1.
337 1459 361 1478 v.
376 1451 392 1478 6
417 1451 478 1478 Sire
488 1454 572 1476 autem
587 1449 746 1478 tribulamur,
764 1455 810 1482 pro
820 1450 901 1473 vestra
914 1452 1003 1472 conso-

248 1498 342 1525 latione
356 1502 379 1523 et
391 1497 488 1528 salute,
506 1503 562 1530 qum
576 1499 695 1529 operatur
712 1493 738 1519 in
758 1491 891 1519 tolerantia
903 1499 1005 1517 earum-

249 1544 305 1570 dem
316 1542 471 1577 passionum,
483 1549 546 1575 quas
557 1545 579 1566 et
591 1548 635 1566 nos
646 1539 756 1575 patimur
765 1546 773 1564 :
781 1537 809 1564 Ἰ.
822 1541 845 1564 el
855 1545 912 1572 apro
921 1540 1006 1562 nostra

248 1589 323 1624 ﬁrma
336 1591 371 1614 est
385 1595 431 1622 pro
443 1586 521 1613 vobis.

250 1635 276 1661 1.
292 1634 438 1668 Postquam
453 1639 534 1658 unatn
549 1638 579 1657 ac
592 1630 740 1666 principem
753 1628 950 1656 exhortationis
964 1631 1006 1654 at-

214 1688 265 1716 que
274 1678 464 1707 consolationis
473 1684 581 1704 causam
591 1676 709 1711 protulit,
719 1681 814 1709 nempe
822 1674 891 1710 quod
900 1673 1006 1701 Christo

214 1725 456 1757 commnnicemus,
480 1722 624 1750 secundam
640 1727 747 1757 quoque
769 1721 836 1748 banc
852 1720 942 1755 ponit,
963 1719 1006 1747 ni-

214 1773 309 1799 mirum
324 1769 395 1805 quod
416 1768 556 1804 discipulis
571 1768 636 1802 ipsis
652 1768 713 1793 hinc
735 1766 806 1793 salus
825 1769 1005 1800 comparetur.

214 1817 252 1845 Ne
265 1817 345 1852 igitur
359 1814 456 1842 animis
469 1813 625 1843 concidatis,
641 1812 736 1847 inquit,
751 1819 800 1838 nec
815 1810 1006 1845 perturbemini

213 1872 245 1891 ac
260 1863 385 1891 metuatis
395 1864 558 1896 ,‘propterea
573 1858 645 1894 quod
661 1857 823 1892 afﬂigimur:
838 1855 1006 1891 quandoqui-

214 1910 274 1938 dem
290 1910 341 1936 boc
352 1908 409 1943 ipso
421 1906 528 1933 nomine
540 1904 642 1942 aequius
656 1903 735 1930 fuerit
747 1910 794 1929 vos
808 1901 930 1929 ﬁduciam
942 1909 1006 1928 con-

213 1958 313 1991 cipere.
331 1955 395 1982 Nam
411 1953 460 1980 nisi
475 1952 665 1986 afﬁigercmur.
682 1949 740 1976 inec
754 1948 843 1976 omnia
860 1948 933 1975 vobis
947 1948 1004 1975 exi-

214 2004 280 2030 tium
291 2001 452 2029 attulissent.
462 1999 512 2033 Qui
524 1998 630 2025 tandem
642 1997 711 2024 istud
719 1997 730 2017 ν
741 1996 870 2030 Quoniam
881 1995 902 2022 si
911 1995 1006 2022 animis

213 2048 289 2077 fracti
308 2054 341 2074 ac
361 2045 538 2081 periculorum
560 2048 630 2070 metu
653 2042 802 2077 perterriti,
826 2040 886 2067 lidei
908 2039 1007 2067 doctri-

214 2103 276 2123 nam
290 2093 367 2121 vobis
381 2091 492 2119 minimc
504 2088 762 2124 prwdicavisscmus,
780 2091 808 2113 ut
819 2094 907 2113 veram
919 2086 1006 2113 scien-

214 2142 277 2168 tiam
293 2136 475 2172 iutélligeretis
487 2156 495 2169 ,
510 2140 630 2162 extremo
646 2133 671 2160 in
686 2131 840 2159 discrimine
854 2139 896 2158 res
910 2136 1006 2159 vestra:

214 2188 273 2214 situ:
286 2189 386 2212 essent.
404 2182 485 2210 Vides
500 2188 593 2208 rursus
614 2184 712 2215 quanta
728 2179 801 2206 Pauli
817 2179 856 2205 vis
877 2179 913 2205 sit
926 2184 1006 2213 atque

213 2231 372 2260 contentio?
386 2229 420 2256 ab
433 2229 474 2255 his
488 2227 552 2262 ipsis
567 2225 657 2258 rebus,
672 2233 731 2260 qua:
744 2230 843 2252 metum
856 2232 888 2251 ac
900 2230 1005 2259 pertur-

214 2279 350 2307 bationem
365 2276 428 2311 ipsis
440 2273 596 2303 all‘erebant,
608 2279 654 2299 eos
665 2271 827 2299 consolatur.
840 2271 897 2303 Quo
907 2271 1005 2297 etenim

215 2322 436 2361 persequutioues
451 2323 547 2346 nostra:
560 2319 642 2353 magis
656 2318 852 2353 ingravescunt,
866 2316 960 2350 inquit,
973 2323 1006 2343 eo

215 2371 299 2405 magis
312 2369 381 2396 bona
401 2371 488 2394 vestra
506 2372 567 2399 spes
587 2364 780 2391 incrementum
795 2369 892 2395 capere
907 2361 1003 2392 debet,

213 2413 429 2452 quandoquidem
455 2417 528 2440 tanto
553 2410 638 2445 major
664 2410 743 2437 saluti
776 2408 1005 2443 consolatiOnique

216 2467 312 2492 vestra:
335 2460 457 2489 cumulus
477 2458 588 2486 accedit.
603 2457 735 2491 Quidnam
753 2456 824 2483 enim
851 2459 949 2482 tantam
972 2455 1004 2481 ad

215 2506 406 2536 t-mtsolandum
418 2504 470 2533 vim
488 2503 610 2533 habebnt,
627 2510 706 2537 quam
722 2501 792 2537 quod
810 2501 1004 2536 pratdicationis

214 2553 344 2582 beneﬁcio
357 2556 395 2578 tot
415 2551 483 2578 bona
505 2557 554 2577 con
571 2548 754 2583 cqncbantur?
769 2547 863 2574 Postea
875 2566 882 2580 ,
897 2554 930 2574 ne
945 2547 1005 2573 uni-

213 2605 318 2629 versam
343 2596 448 2624 laudem
471 2596 546 2622 solus
569 2595 626 2628 ipse
649 2593 700 2620 sibi
724 2599 848 2627 arrogare
872 2591 1002 2624 videatur,

214 2645 275 2672 vide
289 2642 422 2678 quomodo
437 2649 483 2669 eos
507 2647 613 2675 quoque
638 2639 664 2665 in
680 2638 766 2665 laudis
788 2637 943 2664 societatem
959 2637 1005 2662 ad-

213 2691 320 2719 sciscat.
346 2689 488 2722 Postquam
502 2685 573 2713 enim
594 2684 682 2715 dixit,
705 2683 764 2710 Sive
785 2682 943 2716 tribulamur,
959 2690 1005 2717 pro

212 2743 295 2764 vestra
308 2733 479 2763 consolatione
493 2736 516 2758 et
528 2731 623 2764 salute,
640 2729 792 2764 subjunxit,
810 2729 873 2761 Qua:
886 2733 1005 2763 operatur

211 2784 239 2810 in
251 2780 385 2809 tolerantia
398 2778 541 2806 earumdem
555 2777 708 2812 passionum,
721 2784 784 2809 quas
794 2780 817 2802 ct
827 2783 873 2802 nos
884 2775 1002 2808 patimur.

212 2829 249 2857 Ac
266 2825 408 2855 dilucidius
422 2825 472 2852 hoc
482 2823 587 2859 quidem
604 2827 693 2858 postea
709 2821 834 2857 exprimit
848 2821 888 2848 his
903 2820 1003 2853 verbis,

215 2872 286 2899 Sicut
299 2871 361 2899 socii
376 2871 436 2899 estis
451 2869 612 2904 passionum,
628 2869 663 2895 sic
677 2867 746 2895 eritis
766 2871 789 2894 et
803 2866 981 2894 consolationis
995 2873 1004 2891 :

1061 1443 1169 1470 interim
1185 1447 1273 1470 autem
1290 1443 1340 1470 hoc
1363 1443 1421 1470 loco
1442 1443 1467 1470 id
1483 1444 1658 1472 subindicavit
1669 1467 1676 1478 ,
1693 1453 1753 1473 cum
1770 1446 1852 1479 dixit,

1060 1488 1215 1516 Earumdem
1228 1489 1390 1524 passionum,
1407 1494 1488 1523 atque
1508 1489 1541 1516 ita
1557 1497 1708 1518 sermonem
1727 1499 1786 1519 eum
1802 1492 1854 1520 illis

1060 1535 1276 1562 communicavit.
1293 1534 1368 1567 Quod
1383 1539 1472 1561 autent
1486 1535 1533 1567 ait,
1552 1535 1620 1562 hanc
1632 1537 1791 1564 sententiam
1808 1537 1854 1564 ba-

1061 1581 1106 1608 bet
1120 1588 1126 1607 :
1149 1579 1206 1607 Non
1223 1587 1271 1607 nos
1290 1580 1338 1607 soli
1355 1586 1450 1607 vestrm
1471 1580 1565 1608 salutis
1580 1581 1715 1616 negotium
1728 1583 1851 1617 agimus,

1060 1625 1106 1653 sed
1117 1630 1144 1653 et
1157 1632 1206 1653 vos
1220 1633 1335 1660 quoque.
1348 1625 1484 1660 Siquidem
1497 1631 1524 1654 et
1536 1635 1595 1660 nos,
1611 1627 1674 1655 dum
1688 1628 1854 1662 pnedicatio-

1060 1672 1100 1698 nis
1111 1678 1207 1698 munus
1222 1670 1337 1703 obimus,
1357 1670 1515 1706 afﬂigimur;
1532 1677 1557 1699 et
1571 1680 1628 1705 vos,
1645 1674 1688 1708 qui
1701 1681 1852 1701 sermonem

1060 1718 1192 1753 excipitis,
1208 1717 1234 1744 in
1249 1717 1342 1745 iisdem
1357 1717 1553 1745 calamitatibus
1569 1720 1711 1746 versamini
1725 1729 1733 1748 ι
1751 1727 1801 1747 nos
1814 1720 1854 1747 vi-

1059 1764 1167 1797 deliCct,
1182 1769 1210 1791 ut
1221 1772 1279 1799 qua:
1290 1765 1443 1798 accepimus
1453 1765 1528 1791 vobis
1541 1765 1739 1799 impertiamus;
1753 1774 1811 1799 vos,
1827 1771 1854 1793 ut

1059 1810 1129 1846 quod
1145 1811 1224 1837 datur
1244 1810 1381 1844 accipiatis
1401 1817 1450 1836 nec
1465 1810 1604 1838 amittatis.
1626 1810 1756 1844 Quidnam
1774 1811 1854 1846 igitur

1059 1861 1118 1888 est,
1143 1856 1212 1891 quod
1236 1863 1298 1883 cum
1323 1855 1372 1882 hac
1397 1855 1546 1883 humilitate
1571 1858 1719 1891 comparari
1749 1858 1851 1892 possit;

1059 1903 1156 1937 quippe
1171 1910 1230 1929 cum
1255 1909 1301 1929 eos
1314 1923 1321 1934 ,
1346 1901 1389 1936 qui
1415 1907 1487 1929 tanto
1507 1903 1647 1930 intervallo
1666 1903 1700 1929 ab
1719 1911 1752 1930 eo
1766 1903 1852 1930 dissiti

1059 1953 1152 1979 crant,
1175 1948 1200 1975 in
1216 1948 1337 1975 eamdem
1361 1948 1494 1982 patientia:
1516 1948 1621 1975 laudem
1643 1948 1853 1983 dignitatemque

1059 1993 1209 2021 subvehat"
1226 1993 1309 2028 inquit
1331 1993 1401 2020 enim
1415 2013 1422 2025 ,
1449 1993 1511 2026 Qua:
1530 1999 1649 2028 operatur
1669 1995 1696 2020 in
1719 1994 1852 2022 tolerantia

1059 2040 1202 2066 earumdem
1212 2039 1367 2073 passionum.
1378 2038 1468 2072 Neque
1479 2039 1550 2065 enim
1563 2047 1610 2073 per
1621 2039 1701 2066 Iidem
1713 2039 1853 2067 dumtaxat

1058 2086 1130 2112 salus
1145 2085 1220 2111 Vobis
1233 2089 1411 2119 Comparatnr,
1429 2093 1519 2111 vermu
1544 2093 1591 2119 per
1612 2085 1636 2112 id
1658 2086 1737 2112 etiam
1750 2107 1758 2119 ,
1781 2087 1850 2121 quod

1059 2131 1166 2159 easdem
1184 2138 1249 2166 quas
1262 2138 1311 2157 nos
1326 2131 1492 2158 calamitates
1507 2131 1635 2158 sollertis.

1093 2177 1109 2204 J
1114 2178 1162 2204 usti
1170 2178 1248 2204 virtus
1260 2177 1286 2204 in
1296 2177 1415 2204 azrunmt‘s
1423 2179 1488 2204 lucet
1495 2183 1517 2203 ot
1523 2178 1852 2213 angelum—Quemadmo-

1058 2223 1121 2250 dum
1130 2223 1253 2257 egrcgius
1262 2222 1361 2250 athleta
1372 2223 1406 2249 ob
1417 2223 1586 2257 splenderent
1597 2229 1624 2251 et
1636 2224 1745 2258 probam
1757 2232 1852 2258 corpo-

1059 2270 1097 2296 ris
1108 2269 1302 2301 habitudinem,
1318 2269 1397 2296 etiam
1410 2277 1469 2296 cum
1480 2274 1564 2296 artem
1579 2270 1604 2296 in
1618 2270 1708 2304 seipso
1720 2271 1851 2302 continet,

1059 2315 1182 2342 homines
1198 2315 1223 2341 in
1238 2315 1442 2342 admirationem
1458 2315 1556 2348 trahit;
1570 2320 1596 2342 at
1611 2323 1671 2342 cmn
1687 2321 1815 2350 operatur
1826 2321 1852 2343 ct

1059 2360 1148 2395 plagas
1168 2360 1269 2395 perfert
1282 2366 1362 2395 atque
1373 2360 1555 2388 adversarium
1572 2360 1632 2388 ferit
1643 2382 1649 2393 ,
1667 2366 1722 2388 tum
1736 2362 1852 2396 denique

1058 2406 1224 2440 pullSSilllUlll
1236 2406 1333 2438 elucet,
1349 2408 1474 2441 quoniam
1491 2412 1544 2433 tum
1557 2407 1671 2442 denique
1685 2407 1755 2434 bona
1771 2408 1853 2442 ipsius

1059 2451 1186 2478 habitudo
1202 2451 1253 2478 vim
1270 2459 1343 2478 suam
1359 2452 1459 2479 exserit
1470 2473 1477 2483 ,
1498 2453 1618 2487 artisque
1635 2454 1788 2487 prmstantia
1803 2453 1852 2480 de—

1058 2497 1194 2524 claratur:
1211 2497 1304 2524 eodem
1322 2498 1402 2524 modo
1423 2499 1495 2525 salus
1515 2504 1605 2525 nostra
1623 2503 1676 2525 tum
1691 2499 1853 2526 luculenlins

1058 2545 1154 2578 agitur,
1168 2543 1217 2570 hoc
1228 2549 1278 2576 est,
1288 2544 1448 2577 ostenditur,
1458 2549 1579 2579 augetur,
1591 2544 1780 2579 ampliﬁcatur,
1791 2552 1853 2572 cum

1061 2590 1157 2616 tolerat
1171 2594 1198 2617 et
1218 2590 1327 2624 patitur,
1342 2597 1373 2617 ac
1392 2594 1486 2617 cuncta
1502 2589 1562 2618 forti
1583 2595 1608 2617 et
1630 2597 1743 2618 strenuo
1763 2592 1855 2618 animo

1059 2637 1141 2662 subit.
1157 2636 1194 2662 Ex
1209 2644 1261 2670 quo
1273 2636 1416 2669 colligitur,
1432 2636 1525 2664 salutis
1540 2637 1675 2672 negotium
1691 2645 1744 2664 non
1759 2638 1786 2664 in
1803 2637 1855 2664 huc

1058 2681 1222 2713 consistere,
1248 2685 1277 2708 ut
1290 2681 1420 2715 quispiam
1436 2681 1517 2708 alium
1533 2682 1604 2709 malo
1618 2681 1733 2715 afﬁciat,
1757 2682 1803 2709 sed
1825 2687 1855 2709 nt

1058 2726 1114 2761 ipse
1129 2726 1270 2753 afficiatur.
1285 2726 1339 2754 Nec
1351 2727 1427 2760 dixit,
1442 2729 1590 2762 ἕνερνοὺσης,
1605 2727 1656 2754 hoc
1667 2731 1722 2760 est,
1738 2734 1799 2762 quae
1811 2726 1854 2754 εἰς

1058 2773 1122 2802 licit.
1137 2773 1195 2806 sed,
1210 2775 1380 2808 ἐνεργουμένης,
1398 2773 1422 2800 id
1435 2778 1486 2805 est,
1499 2781 1557 2808 qua:
1569 2773 1684 2801 elticitur
1696 2782 1702 2800 :
1719 2778 1748 2800 ut
1759 2773 1854 2800 videli-

1057 2823 1099 2845 cet
1119 2818 1182 2845 iltud
1202 2818 1344 2851 ostendat,
1359 2819 1431 2854 quod
1454 2819 1486 2846 ad
1501 2827 1593 2846 eorum
1614 2818 1854 2854 promptitudinem

1059 2870 1137 2901 atque
1151 2864 1232 2892 animi
1246 2865 1411 2893 alacritatem
1426 2865 1516 2893 divina
1537 2873 1644 2901 quoque
1656 2865 1740 2901 gratia
1755 2865 1854 2901 adjun-
