1986 3128
134 208 178 237 391
694 210 724 236 Ν
747 208 853 236 EPIS'I‘.
866 209 886 235 11
905 212 913 235 .-‘

968 208 1047 236 COR.
1065 208 1183 236 HOMIL.
1205 209 1237 236 Il.

134 265 174 300 μοὶ
192 264 301 301 μείζονα
318 264 439 299 ὄψονται,
463 266 510 293 καὶ
529 267 554 293 οἰ
569 267 648 298 πόδες
665 268 711 294 ἐπὶ
728 266 847 301 νεφελῶν
864 267 914 302 ἀρα

131 311 267 346 θήσονται,
278 311 325 337 καὶ
336 311 365 337 τὸ
378 311 600 347 διαφθειρόμενον
618 313 697 339 τοῦτο
716 313 796 348 σῶμα
814 312 915 339 ἀθανα-

130 357 187 383 σίαν
201 357 354 390 ἐνδύσεται,
371 358 418 384 καὶ
431 358 622 394 λαμπρότερον
640 359 685 386 τὸν
705 359 762 386 υἱὸν
778 358 916 393 ἀπολήψο-

132 411 185 438 μαι.
198 403 230 429 Εἰ
241 402 270 429 δὲ
280 402 361 429 λυπεῖ
372 412 401 430 σε
416 404 450 430 τὰ
464 404 601 439 ὁρώμενα,
615 405 684 436 τέως
695 405 755 432 εἰπὲ
771 405 838 440 πρὸς
853 406 916 432 ἑαυ-

130 448 179 475 τόν·
198 448 317 483 ’ἰμάτιον
334 448 412 476 τοῦτό
428 450 496 482 ἐστι,
515 450 563 477 καὶ
578 450 744 482 ἀπεδύσατο,
760 450 830 477 ὥστε
849 451 916 477 αὑτὸ

131 492 351 528 πολυτελέστερον
363 493 522 521 ἀπολαϐεῖνο
535 494 607 521 οἰκία
619 494 689 530 αὕτη
708 496 777 526 ἐστὶ,
793 496 840 522 καὶ
853 495 917 522 καθ-

130 536 221 575 ῃρέθη,
237 537 309 564 ὥστε
323 539 449 572 γενέσθαι
464 540 548 574 αὑτὴν
569 540 759 576 φαιδροτέραν.
781 541 915 577 Καθάπερ

130 583 180 618 γὰρ
195 584 289 619 ἡμεῖς,
304 585 414 611 ὲπειδάν
435 585 577 621 μέλλωμεν
594 586 738 622 καθαιρεῖν
751 587 848 618 οἰκίας,
865 588 915 614 οὑκ

130 629 243 665 ἀφίεμεν
256 630 320 662 τοὺς
338 630 412 658 ἔνδον
425 632 567 664 οἰκοῦντας
583 633 683 668 μένειν,
698 633 756 660 ἀλλ’
769 632 839 660 ὥστε
860 634 914 660 ἀπ-

130 675 279 710 αλλαγῆναι
299 676 350 711 τῆς
366 677 466 709 κόνεως
486 679 533 705 καὶ
549 678 597 705 τοῦ
613 678 739 714 θορύϐου,
760 678 852 715 [ἀλλὰ]
869 688 915 706 κει

130 721 272 754 λεύσαντες
298 724 367 759 πρὸς
393 724 481 760 βραχὺ
503 725 680 761 μεταστῆναι,
700 726 809 753 ἐπειδὰν
829 735 915 753 κατα-

130 769 304 804 σκευάσωμεν
319 769 438 804 ἀσφαλὲς
452 770 484 796 τὸ
494 770 640 806 δωμάτιον,
655 771 715 798 τότε
732 772 830 804 αὐτοὺς
847 772 916 807 μετὰ

129 814 216 847 ἀδείας
233 815 392 851 εἰσάγομεν·
418 816 490 842 οὕτω
513 817 560 843 καὶ
577 818 591 843 ὁ
605 817 671 848 Θεὸς
694 819 777 849 ποιεῖ,
793 817 916 845 καθελὼν

129 859 208 886 αὐτοῦ
217 859 268 896 τὴν
280 859 384 895 σαθρὰν
396 862 516 896 σκηνὴν,
525 861 594 892 τέως
607 862 648 892 εἰς
658 861 707 897 τὴν
717 862 853 898 πατρικὴν
864 863 915 890 αὑ-

127 904 170 931 τδν
183 904 280 932 ἔλασεν
292 905 382 932 οἰκίαν
397 906 445 932 καὶ
458 905 526 941 πρὸς
539 906 643 938 ἑαυτὸν,
658 906 691 932 ἵν’
706 906 770 933 ὅταν
787 908 916 942 καθαιρε-

127 949 158 986 θῇ
174 949 244 985 αὕτη
267 950 316 977 καὶ
334 950 511 986 οἰχοδομηθῇ,
536 951 732 987 λαμπροτέραν
754 952 838 987 αὐτὴν
853 953 914 979 τότε

127 997 201 1032 αὐτῷ
221 997 325 1033 ἀποδῷ.
343 997 388 1033 Μὴ
414 997 502 1024 τοίνυν
530 997 619 1034 εἴπῃς,
646 997 688 1024 ὅτι
711 998 847 1024 Ἀπόλωλε
867 999 915 1025 καὶ

125 1043 215 1070 οὐκέτι
237 1043 326 1070 ἔσται·
345 1044 393 1070 καὶ
413 1043 466 1079 γὰρ
489 1044 612 1070 ἀπίστων
628 1044 662 1070 τά
680 1044 790 1078 ῥήματα
816 1044 913 1071 ταῦτα·

126 1087 200 1125 [427]
218 1089 274 1116 ἀλλ’
292 1089 363 1122 εἰπὲ,
379 1089 514 1116 Καθεύδει
533 1089 580 1116 καὶ
597 1089 790 1125 ἀναστήσεται,
809 1089 912 1125 ἀπεδήυ

126 1144 194 1171 μησε
205 1136 252 1162 καὶ
264 1136 325 1171 ἥξει
339 1135 409 1171 μετά
420 1136 468 1162 τοῦ
485 1135 633 1166 Βασιλέως.
647 1135 668 1161 Τ
671 1135 695 1167 ίς
709 1135 795 1162 ταῦτά
812 1144 911 1170 φησιν;

131 1183 158 1208 '0
175 1182 221 1208 τὸν
231 1182 351 1217 Χριστὸν
367 1182 437 1217 έχων
449 1182 478 1208 ὲν
491 1181 580 1216 ἑαυτῷ
591 1181 733 1208 λαλοῦντα.
749 1183 781 1208 El
795 1181 849 1216 γὰρ
865 1190 911 1207 πι-

1704 212 1756 238 5W2

966 267 1124 301 στεύομεν,
1135 267 1228 301 φησὶν,
1242 266 1287 293 ὅτι
1305 267 1424 300 Ἰησοῦς
1441 267 1572 294 ἀπέθανε
1585 268 1633 294 καὶ
1643 268 1755 302 ἀνέστη

968 311 1141 345 καίἐζησεν,
1165 312 1259 344 οὕτως
1273 313 1289 338 ό
1307 312 1378 345 Θεὸς
1400 312 1450 339 καί
1472 313 1544 346 τοὺς
1560 313 1757 347 κοιμηθέντας

967 358 1015 385 διὰ
1031 357 1084 385 τοῦ
1104 358 1206 391 Ἰησοῦ
1233 358 1298 390 ἄξει
1317 358 1378 385 σὺν
1392 358 1482 390 αὐτῷ.
1510 359 1542 385 Εἰ
1558 359 1647 386 τοίνυν
1664 359 1756 394 ζητεῖς

967 403 1013 429 τὸν
1027 403 1094 435 υἱὸν,
1113 404 1172 429 ἐκεῖ
1192 402 1269 438 ζήτει
1284 403 1348 430 ἔνθα
1365 405 1379 430 ό
1401 403 1544 436 Βασιλεὺς,
1559 404 1622 432 ἔνθα
1649 405 1679 431 τὸ
1702 404 1757 430 τῶν

967 449 1091 482 ἀγγέλων
1105 448 1294 484 στρατόπεδον·
1309 448 1346 484 μὴ
1360 450 1388 476 ὲν
1404 449 1442 484 τῷ
1453 449 1530 484 τάφῳ
1543 449 1611 485 μηδὲ
1624 450 1653 475 ὲν
1663 451 1696 485 τῇ
1708 446 1756 485 γῇ,

967 495 1011 521 ἴνα
1028 495 1075 530 μὴ,
1095 495 1201 521 ἐκείνου
1226 494 1352 521 τοσοῦτον
1377 494 1541 530 ὑψωθέντος,
1565 495 1646 527 αὐτὸς
1672 495 1757 532 μένῃς

967 540 1014 565 ἐπὶ
1030 540 1080 574 τῆς
1096 540 1148 575 γῆς
1163 540 1322 576 συρόμενος.
1341 541 1390 567 "Av
1409 541 1499 567 τοίνυν
1517 541 1590 568 οὕτω
1604 543 1757 577 φιλοσοφῶ-

969 594 1028 620 μεν,
1041 583 1132 612 πᾶσαν
1145 585 1274 621 τοιαύτην
1288 586 1383 622 ὀδύνην
1394 587 1512 619 εὐκόλως
1526 588 1755 624 διακρουσάμεθα.

973 632 1002 659 '0
1013 632 1043 659 δὲ
1057 632 1123 664 Θεὸς
1142 632 1196 660 τῶν
1215 633 1367 669 οἰκτιρμῶν
1388 633 1436 660 καὶ
1455 633 1550 669 Πατὴρ
1564 633 1655 669 πάσης
1668 643 1758 669 παρα-

967 678 1099 713 κλήσεως,
1124 679 1310 714 παρακαλέσει
1330 679 1380 710 τὰς
1397 679 1512 713 καρδίας
1535 679 1644 706 πάντων
1667 680 1755 715 ἡμῶν,

966 724 1014 750 καὶ
1034 724 1090 751 τῶν
1113 724 1148 750 τά
1168 724 1282 751 τοιαῦτα
1298 724 1474 759 όδυνωμένων
1488 731 1512 756 δ,
1536 725 1583 751 καὶ
1607 725 1660 752 τῶν
1675 726 1757 762 ἑτέρᾳ

966 769 1039 805 λύπῃ
1055 770 1257 805 κατεχομένων.
1274 771 1322 796 καὶ
1347 769 1466 805 ἀθυμίας
1491 769 1682 805 ἀπαλλαγῆναι
1700 770 1756 806 δῴη

968 816 1070 851 πάσης,
1089 817 1135 843 καὶ
1152 816 1342 852 πνευματικὴν
1359 815 1558 851 καρπώσασθαι
1585 816 1687 852 χαρὰν,
1707 815 1757 842 καὶ

967 862 1022 889 τῶν
1061 862 1213 898 μελλόντων
1247 861 1359 896 ἀγαθῶν
1392 862 1550 897 ἐπιτυχεῖν·
1581 858 1619 888 ὧν
1652 862 1757 896 γένοιτο

968 907 1073 939 πάντας
1098 908 1172 943 ἡμᾶς
1199 908 1347 942 ἐπιτυχεῖν,
1375 907 1467 942 χάριτι
1491 907 1538 933 καί¹
1566 907 1757 943 φιλανθρωπίᾳ

966 951 1014 979 τοῦ
1044 952 1147 987 Κυρίου
1181 953 1260 988 ἡμῶν
1293 953 1383 988 Ίησοῦ
1411 953 1543 988 Χριστοῦ,
1573 953 1634 988 μεθ’
1661 951 1691 980 οὗ
1718 954 1757 988 τῷ

966 998 1053 1034 Πατρὶ
1081 1000 1138 1033 ἅμα
1160 999 1198 1034 τῷ
1213 999 1283 1033 ἀγίῳ
1298 999 1436 1034 Πνεύματι
1456 1000 1530 1033 δόξα,
1547 999 1657 1034 κράτος,
1676 999 1754 1035 τιμὴ,

965 1044 1013 1070 νῦν
1037 1045 1085 1070 καὶ
1113 1045 1167 1077 ἀεὶ,
1193 1046 1240 1071 καὶ
1264 1045 1305 1076 εἰς
1334 1045 1398 1076 τοὺς
1426 1045 1528 1077 αἰῶνας
1557 1045 1612 1072 τῶν
1638 1045 1753 1072 αἰώνων.

973 1089 1002 1115 ’Λ
1007 1093 1068 1124 μήν.

999 1186 1011 1198 ³
1026 1185 1069 1209 Ms.
1075 1204 1081 1215 ,
1098 1186 1262 1217 ὀδυρωμένων.

877 1368 997 1395 ΟΜΙΛΙΛ
1028 1368 1063 1396 B'.

127 1454 237 1494 8718353
249 1455 418 1494 θλιϐόμεθα,
430 1453 506 1494 ὑπέρ
522 1453 578 1487 τῆς
597 1452 680 1494 ὑμῶν
691 1451 912 1494 παρακλήσεως

159 1490 206 1516 καί
225 1486 387 1522 σωτηρίας,
406 1488 462 1523 τῆς
477 1486 695 1523 ἐνεργουμένης
718 1488 752 1514 ἐν
774 1486 913 1520 ὑπομονῇ

159 1523 216 1551 τῶν
231 1524 332 1550 αὐτῶν
354 1523 545 1556 παθημάτων,
563 1520 606 1549 ὧν
623 1523 673 1551 καὶ
699 1521 784 1556 ἡμεῖς
798 1522 913 1556 πάσχο-

158 1523 216 1551 rin-
231 1524 332 1550 αὐτῶν
354 1523 545 1557 παθημάτων,
563 1523 606 1549 ὧν
623 1523 673 1551 καὶ

157 1568 220 1594 μεν-
235 1559 284 1586 καί
302 1559 321 1592 ἡ
337 1559 424 1591 ἐλπὶς
439 1558 523 1593 ἡμῶν
531 1558 640 1590 ,ϐεϐαία
656 1558 733 1592 ὑπὲρ
749 1557 841 1592 ὑμῶν.

160 1641 194 1664 α’.
207 1636 299 1664 Εἰπὼν
316 1636 381 1671 μίαν
396 1635 443 1663 καὶ
458 1635 569 1672 πρώτην
578 1635 778 1670 παρακλήσεως
793 1634 839 1660 καὶ
854 1642 913 1660 πα-

127 1682 259 1718 ραμυθίας
272 1681 400 1717 ἀφορμὴν
410 1681 490 1716 (αὓτη
504 1681 533 1707 δὲ
547 1679 621 1716 ἦντὸ
636 1679 675 1715 τῷ
691 1679 803 1716 Χριστῷ
817 1688 912 1705 κοινω-

127 1728 199 1763 νεῖν),
213 1727 304 1763 τίθησι
325 1727 372 1753 καὶ
386 1727 513 1762 δευτέραν
528 1725 630 1761 ταύτην
643 1725 677 1760 ἧν
687 1734 779 1760 φησιν.
791 1725 868 1751 Ἔστι
884 1725 913 1751 δὲ

126 1773 203 1808 αὕτη,
218 1774 250 1800 τὸ
270 1773 361 1800 αὐτῶν
376 1772 430 1799 τῶν
442 1771 669 1808 μαθητευομὲνων
688 1771 812 1797 ἐντεῦθεν
830 1779 913 1798 κατα-

129 1818 306 1851 σκευάζεσθαι
324 1818 373 1853 τὴν
386 1817 534 1852 σωτηρίαν.
554 1817 600 1851 Μὴ
617 1816 706 1842 τοίνυν
729 1815 911 1850 καταπέσητε,

128 1865 216 1900 φησὶν,
238 1865 333 1899 ἐπειδὴ
350 1863 508 1898 θλιϐόμεθα,
528 1862 594 1898 μηδὲ
609 1861 777 1897 θορυϐηθῆτε
799 1861 846 1888 καὶ
859 1861 913 1888 δει-

128 1920 199 1947 σητε·
211 1911 259 1938 καὶ
273 1910 328 1945 γὰρ
345 1909 378 1936 δι’
393 1909 459 1935 αὐτὸ
474 1907 553 1935 τοῦτο
574 1907 673 1943 μᾶλλον
691 1906 724 1934 ἂν
747 1907 789 1942 εἴη
811 1907 913 1933 δίκαιον

127 1957 196 1991 ὑμᾶς
207 1956 327 1991 θαῤῥεῖν.
340 1955 371 1981 Εἰ
383 1953 437 1990 γὰρ
449 1954 487 1988 μὴ
498 1953 670 1988 ὲῦλιὸόμεθα,
681 1952 784 1984 πάντας
797 1951 830 1978 ἂν
842 1952 913 1986 ὑμᾶς

128 2002 210 2029 ταῦτα
222 2001 358 2028 ἀπώλεσε.
371 2000 434 2031 Πῶς
449 2000 495 2026 καὶ
506 1993 568 2026 τινα
579 1999 680 2034 τρόπον
691 2006 698 2030 ;
716 1998 776 2024 Ὀτι
789 1998 813 2023 εἰ
831 1997 914 2032 μαλα-

127 2049 263 2080 κισθέντες
289 2048 336 2074 καὶ
361 2047 395 2073 τὰ
416 2046 489 2073 δεινὰ
513 2046 662 2077 δείσαντες,
684 2044 721 2079 μὴ
737 2043 912 2079 ἐκηρύξαμεν

129 2095 190 2129 ὑμῖν
205 2094 249 2120 τὸν
264 2094 354 2128 λόγον,
372 2092 443 2118 ὥστε
466 2091 562 2126 μαθεῖν
583 2091 632 2126 τὴν
649 2089 737 2124 ἀληθῆ
752 2088 863 2123 γνῶσιν,
884 2090 912 2115 ἐν

128 2140 247 2174 ἐσχάτοις
267 2137 301 2174 ἦν
325 2139 360 2165 τὰ
385 2137 515 2172 ὑμέτερα.
536 2135 613 2168 Εἶδες
637 2135 718 2162 πάλιν
739 2134 845 2162 Παύλου
862 2134 912 2169 τὴν

128 2185 186 2220 βίαν
200 2188 245 2213 καὶ
261 2186 311 2221 τὴν
324 2184 491 2220 φιλονεικίαν
503 2191 510 2215 ;
526 2183 571 2217 ἀφ’
586 2179 623 2209 ὦν
636 2181 845 2217 ὲθορυϐοὖντοιι,
859 2179 913 2206 ἀπὸ

125 2233 224 2260 τούτων
235 2233 334 2263 αὐτοὺς
349 2229 562 2265 παραμυθεῖται.
579 2228 653 2262 ’Όσῳ
665 2228 720 2261 γὰρ
733 2226 765 2253 ἂν
779 2225 912 2259 ὲπιτείνη-

127 2286 169 2304 ται
184 2279 217 2305 τὰ
234 2278 288 2305 τῶν
304 2276 435 2312 διωγμῶν
452 2275 505 2302 τῶν
520 2274 671 2310 ἡμετέρων,
694 2272 771 2307 φησὶ,
793 2271 912 2303 τοσούτῳ

128 2325 224 2360 μᾶλλον
244 2324 392 2351 ἐπιδιδόναι
413 2323 453 2349 δεῖ
466 2322 499 2348 τὰ
516 2321 565 2355 τῆς
579 2319 700 2356 χρηστῆς
715 2317 822 2349 ἐλπίδος
837 2318 910 2352 ὑμῖν·

125 2369 217 2405 ἐπειδὴ
230 2369 276 2396 καὶ
291 2367 411 2402 τοσούτῳ
428 2366 526 2401 μᾶλλον
542 2364 653 2396 αὔξεται
668 2363 703 2390 τὰ
714 2363 763 2397 τῆς
777 2362 914 2397 σωτηρίας

125 2414 175 2450 τῆς
184 2414 329 2450 ὑμετέρας,
342 2413 390 2440 καὶ
403 2412 438 2439 τὰ
452 2414 500 2447 τῆς
518 2410 727 2447 παρακλήσεως.
740 2409 771 2435 Τί
789 2409 843 2444 γὰρ
858 2408 913 2434 ἴσον

126 2460 168 2492 εἰς
182 2460 380 2496 παρακλήσεως
392 2459 471 2492 λόγον
483 2457 529 2484 τοῦ
546 2456 682 2484 τοσούτων
696 2456 834 2490 ἐπιτυχεῖν
847 2455 915 2488 ἀγα-

125 2503 181 2530 θῶν
194 2506 236 2532 διά
249 2504 297 2532 τοῦ
314 2504 507 2540 κηρύγματος;
524 2501 589 2529 EH;
605 2502 650 2528 ἴνα
664 2501 701 2536 μὴ
717 2501 780 2536 δόξῃ
796 2501 835 2532 εἰς
851 2501 913 2526 εαυ-

124 2550 173 2578 τὸν
183 2552 259 2586 μόνον
278 2552 310 2577 τὸ
321 2549 460 2586 ἐγκώμιον
476 2549 629 2584 περιιττᾷν,
645 2548 696 2582 ὅρα
710 2546 767 2577 πῶς
781 2545 828 2572 καὶ
843 2545 915 2572 ὲκεί-

124 2605 189 2628 νους
215 2598 285 2624 ποιεῖ
311 2595 366 2623 τῶν
392 2595 510 2622 ἐπαίνων
537 2593 639 2620 τούτων
658 2591 733 2628 [428]
759 2590 914 2621 κοινωνούς.

123 2642 217 2670 Εἰπὼν
239 2644 305 2679 γὰρ,
328 2643 398 2669 Ειτε
423 2641 457 2668 δὲ
480 2640 648 2674 θλιϐόμεθα,
668 2638 744 2671 ὑπὲρ
763 2636 817 2671 τῆς
831 2636 915 2671 ὑμῶν

124 2687 345 2721 παρακλήσεως
361 2686 410 2713 καί
426 2685 584 2719 σωτηρίας,
601 2683 739 2725 ἐπήγαγε,
757 2681 818 2715 Τῆς
832 2681 908 2725 ἐνερ-

123 2734 272 2769 γουμένης
281 2734 316 2760 ὲν
328 2731 468 2767 ὑπομονῇ
482 2730 542 2757 τῶν
553 2724 854 2763 αὐτῶνπαθημὰτων,
870 2724 914 2753 ὧν

123 2777 179 2804 καὶ
190 2778 270 2812 ἡμεῖς
288 2776 458 2811 πάσχομεν.
479 2775 650 2810 Σαφέστερον
666 2773 714 2809 μὲν
730 2770 776 2799 οὖν
791 2770 857 2799 αὐτὸ
874 2770 914 2796 τί-

123 2823 206 2858 θησιν
223 2823 336 2859 ὕστερον
359 2822 446 2856 λέγων
464 2820 560 2852 οὕτως
574 2820 614 2845 ὅτι
635 2818 750 2851 Ὥσπερ
778 2815 914 2843 κοινωνοί

166 2915 179 2930 ⁸
189 2915 228 2940 λιι.
240 2918 267 2941 el
283 2922 361 2946 marg.
371 2914 456 2942 Savil.,
470 2911 629 2943 ἐθορυϐοῦντο.
644 2910 707 2935 Editi
719 2907 856 2940 ἑφοόοῦντο.

966 1453 1037 1477 ἐστε
1059 1449 1118 1476 τῶν
1135 1449 1326 1484 παθημάτων,
1359 1450 1435 1476 οὕτω
1461 1449 1508 1476 καὶ
1533 1449 1584 1483 τῆς
1603 1452 1759 1486 παρακλή-

964 1504 1052 1529 σεως³
1067 1496 1184 1523 ἐνταῦθα
1194 1496 1221 1523 δὲ
1236 1497 1304 1528 τέως
1319 1496 1384 1523 αὐτὸ
1396 1495 1504 1531 ᾐνίξατο
1519 1496 1616 1528 εἰπὼν,
1634 1497 1695 1524 Τῶν
1705 1499 1757 1525 αὑ-

964 1541 1024 1568 τῶν
1034 1541 1224 1575 παθημάτων,
1244 1541 1291 1567 καὶ
1308 1540 1440 1572 κοινώσας
1454 1541 1499 1567 τὸν
1515 1541 1604 1575 λόγον.
1620 1543 1653 1568 Ὃ
1668 1542 1697 1569 δὲ
1715 1543 1758 1569 λέ-

965 1596 1018 1622 γει,
1035 1588 1114 1614 τοῦτό
1126 1589 1210 1614 ἐστιν·
1240 1588 1295 1622 Οὑχ
1308 1587 1387 1623 ήμῶν
1404 1587 1484 1622 ἔργον
1499 1588 1516 1623 ἡ
1532 1587 1653 1623 ὑμετέρα
1668 1597 1756 1625 σωτη-

965 1635 1012 1670 ρία
1024 1635 1114 1670 μόνον,
1127 1634 1194 1661 ἀλλὰ
1210 1634 1257 1661 καὶ
1273 1634 1349 1669 ὑμῶν
1364 1634 1464 1661 αὐτῶν.
1477 1634 1531 1660 Καὶ
1546 1634 1600 1670 γὰρ
1613 1635 1659 1661 καὶ
1676 1636 1757 1670 ἡμεῖς

964 1680 1145 1716 κηρύττοντες
1163 1680 1321 1714 θλιϐόμεθα,
1343 1679 1390 1706 καὶ
1405 1679 1485 1713 ὑμεῖς
1500 1679 1637 1714 δεχόμενοι
1653 1680 1698 1706 τὸν
1712 1680 1757 1707 λό-

964 1736 1022 1761 γον,
1044 1728 1078 1754 τὰ
1103 1726 1172 1754 αὑτά
1197 1726 1326 1761 πάσχετε⁴
1351 1726 1432 1761 ἡμεῖς
1456 1726 1515 1759 μὲν,
1530 1725 1574 1752 ἴνα
1597 1725 1757 1761 μεταδῶμεν

964 1774 1036 1809 ἅπερ
1052 1773 1196 1808 ὲλάὃομεν·
1216 1773 1295 1807 ὑμεῖς
1317 1771 1357 1804 δὲ,
1375 1771 1418 1797 ῖνα
1437 1770 1466 1796 τὸ
1481 1770 1618 1806 διδόμενον
1631 1771 1754 1807 δέξησθε,

965 1820 1012 1846 καὶ
1026 1820 1063 1855 μὴ
1078 1819 1244 1854 ἀποὸάλητε.
1259 1818 1292 1844 Τί
1309 1818 1397 1845 τοίνυν
1411 1817 1468 1844 ἴσον
1480 1817 1531 1852 τῆς
1545 1818 1758 1853 ταπεινοφροσύ-

965 1874 1014 1900 νης
1032 1865 1136 1899 ταύτης
1148 1864 1246 1898 γένοιτ’
1262 1863 1306 1895 ἃν,
1320 1863 1384 1889 ὅταν
1395 1862 1443 1889 καὶ
1458 1863 1521 1894 τοὺς
1533 1862 1658 1889 τοσοῦτον
1671 1863 1754 1890 αὐτοῦ

964 1911 1137 1942 ἀποδέοντας,
1150 1911 1190 1941 εἰς
1201 1910 1232 1937 τὺ
1244 1909 1308 1936 αὑτὸ
1320 1908 1428 1944 ἀξίωμα
1438 1910 1488 1942 τῆς
1499 1908 1638 1944 ὑπομονῆς
1651 1909 1756 1944 ἀνάγῃς

966 1957 1025 1991 Τῆς
1039 1956 1257 1991 ἐνεργουμένης
1279 1955 1344 1990 γὰρ,
1367 1954 1459 1989 φησὶν,
1478 1955 1513 1980 ὲν
1536 1954 1676 1988 ὑπομονῇ
1699 1954 1755 1981 τῶν

964 2002 1063 2030 αὐτῶν
1073 2001 1264 2036 παθημάτων.
1276 2001 1313 2026 υὺ
1331 2000 1386 2034 γὰρ
1400 1998 1445 2026 διὰ
1457 1999 1504 2026 τοῦ
1519 1999 1663 2026 πιστεῦσαι
1678 2001 1757 2035 μόνον

965 2050 981 2085 ἡ
1008 2048 1130 2084 σωτηρία
1145 2047 1222 2082 ὑμῶν
1236 2047 1352 2081 γίνεται,
1370 2045 1439 2073 ἀλλά
1454 2046 1500 2072 καί¹
1514 2045 1557 2073 διὰ
1574 2046 1621 2072 τοῦ
1641 2047 1757 2082 πάσχειν

964 2095 1000 2122 τὰ
1016 2094 1086 2122 αὐτὰ
1100 2095 1167 2130 ἡμῖν
1184 2094 1230 2120 καὶ
1245 2093 1401 2128 ὑπομένειν.

999 2174 1132 2209 Καθάπερ
1147 2173 1201 2208 γὰρ
1217 2172 1442 2208 παγκρατιαστὴς
1454 2171 1612 2207 θαυμαστὸς
1624 2172 1675 2207 μὲν
1687 2172 1764 2210 ἐστι..

966 2219 1014 2246 καὶ
1027 2218 1190 2254 φαινόμενος
1208 2218 1254 2244 καὶ
1271 2217 1390 2244 εύεκτῶν
1407 2217 1453 2244 καὶ
1468 2217 1517 2252 τὴν
1531 2217 1627 2252 τέχνην
1644 2217 1712 2252 ἔχων
1729 2218 1757 2243 ὲν

964 2264 1067 2300 ἐαυτῷ,
1083 2264 1147 2291 ὅταν
1161 2264 1190 2290 δὲ
1208 2265 1307 2306 ἐνεργῇ
1324 2263 1371 2289 καὶ
1384 2263 1454 2298 φέρῃ
1470 2262 1575 2298 πληγὰς
1592 2263 1638 2289 καὶ
1652 2263 1757 2298 πλήττῃ

963 2311 1009 2338 τὸν
1021 2310 1178 2345 ἀντίπαλον,
1193 2310 1254 2335 τότε
1273 2309 1391 2344 μάλιστα
1413 2308 1581 2343 ἀπολάμπει,
1599 2308 1691 2343 ἐπειδὴ
1711 2310 1758 2335 καὶ

963 2356 1024 2382 τότε
1041 2355 1158 2390 μάλιστα
1175 2355 1327 2390 ἐνεργεῖται
1349 2353 1431 2380 αὑτοῦ
1447 2353 1464 2388 ἡ
1482 2353 1583 2385 εὐεξία,
1599 2353 1646 2379 καὶ
1659 2353 1758 2380 διαδεί-

965 2412 1060 2430 κνυται
1073 2403 1123 2437 τῆς
1139 2402 1236 2437 τέχνης
1254 2402 1270 2436 ἡ
1287 2400 1395 2435 δοκιμή-
1409 2399 1481 2426 οὑτω
1495 2399 1527 2434 δὴ
1541 2399 1587 2426 καὶ
1600 2400 1616 2435 ἡ
1635 2396 1779 2435 σωτηρία“’

965 2449 1041 2484 ὑμῶν
1055 2449 1116 2474 τότε
1134 2448 1286 2483 ἐνεργεῖται
1302 2445 1442 2480 μειζόνως,
1459 2444 1592 2476 τουτέστι,
1609 2445 1755 2477 δείκνυται,

964 2494 1087 2527 αὒξεται,
1102 2493 1276 2525 ἐπιτείνεται,
1291 2492 1355 2518 ὃταν
1367 2491 1506 2526 ὑπομονὴν
1518 2490 1576 2526 ἔχῃ.
1589 2491 1653 2518 ὅταν
1665 2492 1757 2527 πάσχῃ

965 2541 1012 2567 καὶ
1022 2539 1153 2574 γενναίως
1167 2539 1274 2566 ἅπαντα
1287 2537 1368 2573 φέρῃ.
1383 2538 1455 2572 ’Ἄρα
1467 2537 1592 2572 ἐνέργεια
1607 2537 1755 2572 σωτηρίας,

965 2588 995 2614 οὑ
1010 2587 1039 2613 τὸ
1054 2587 1140 2613 ποιεῖν
1152 2584 1256 2616 κακῶς,
1268 2583 1337 2610 ἀλλὰ
1348 2583 1378 2609 τὺ
1392 2583 1507 2618 πάσχειν
1518 2582 1621 2614 κακῶς.
1637 2583 1693 2609 Καὶ
1707 2583 1758 2610 οὐκ

966 2633 1037 2665 εἶπε,
1050 2632 1106 2667 Τῆς
1115 2630 1290 2667 ἐνεργούσης,
1299 2629 1377 2661 ἀλλὰ,
1390 2629 1447 2663 Τῆς
1459 2629 1690 2663 ἐνεργουμένης,
1703 2629 1757 2656 δει-

967 2679 1032 2710 κνὺς
1055 2679 1095 2705 ὅτι
1120 2677 1189 2712 μετὰ
1212 2677 1261 2712 τῆς
1286 2675 1376 2703 αὐτῶν
1397 2674 1551 2711 προθυμίας
1570 2675 1617 2701 καὶ
1639 2676 1655 2710 ἡ
1676 2674 1757 2710 χάρις

965 2722 1049 2749 πολλὰ
1063 2722 1204 2756 εἰσέφερεν
1226 2720 1377 2756 ἐνεργοῦσα
1396 2720 1425 2746 ὲν
1446 2719 1547 2751 αὑτοῖς.
1563 2719 1619 2746 Καί
1633 2720 1652 2754 ἡ
1668 2719 1756 2751 ἐλπὶς

965 2767 1049 2802 ἡμῶν
1058 2768 1168 2799 βεϐαία
1183 2766 1259 2801 ὑπὲρ
1271 2765 1364 2801 ὑμῶν.
1381 2765 1537 2798 Τουτέστιν,
1547 2765 1588 2792 ὅτι
1600 2765 1659 2792 Κᾶν
1671 2763 1758 2799 μυρία

967 2813 1090 2848 πάσχητε
1110 2812 1196 2844 δεινὰ,
1217 2812 1373 2848 θαρροῦμεν
1396 2811 1437 2837 ὄτι
1453 2811 1484 2837 οὐ
1505 2810 1755 2846 περιτραπήσεσθε,

967 2860 1028 2886 οὕτε
1046 2860 1091 2885 ὲπ¹ι
1103 2860 1157 2890 τοῖς
1175 2859 1318 2894 ὑμετέροις
1332 2858 1472 2893 διωγμοῖς.
1488 2857 1621 2885 Τοσοῦτον
1636 2857 1690 2892 γὰρ
1703 2858 1757 2884 ἀπ--

969 2908 1065 2943 ἔχομεν
1080 2906 1243 2934 ὑποπτεύειν
1259 2906 1340 2941 ὑμᾶς,
1355 2905 1397 2941 ἐφ’
1409 2902 1449 2937 οἷς
1462 2904 1538 2931 αὐτοὶ
1555 2903 1704 2939 πάσχομεν,
1719 2903 1757 2936 ὡς
