2021 3117
226 174 278 202 51ὶό
581 172 610 200 S.
628 164 768 199 l0ANNlS
786 169 1021 198 CHRYSOSTOMI
1040 169 1196 197 ARCHIEP.
1216 170 1480 200 CONSTANTINOP.
1817 173 1867 202 396

229 237 262 258 ac
276 235 369 266 partus
384 230 491 257 dolares
503 249 509 256 .
526 233 551 255 el
568 227 661 255 mortis
679 226 801 254 umbram
819 225 952 261 appellat,
968 226 1019 253 hoc

230 277 355 303 nimirum
370 275 413 303 hic
428 283 533 310 quoque
547 273 647 301 Paulus
661 272 744 304 dicit,
761 271 899 306 Ejusmodi
913 271 1018 306 pericu-

230 323 281 349 lmu
305 323 450 354 subiimus,
472 320 543 356 quod
570 319 680 346 omnino
703 322 818 346 mortem
843 317 951 345 all‘errct
967 337 973 343 .
989 317 1017 344 9.

229 369 282 396 Sed
296 369 346 403 ipsi
360 370 386 395 in
400 367 470 394 nobis
484 367 545 401 ipsis
559 373 707 400 responsum
725 364 812 390 mortis
827 363 976 396 habuimus,
991 367 1018 388 ut

229 423 276 441 non
292 414 371 440 simus
396 413 500 447 ﬁdentes
514 412 540 438 in
566 411 654 443 nobis,
668 410 711 437 sed
727 410 753 436 in
768 409 822 436 Deo
846 409 887 443 qui
913 408 1018 435 suscitat

228 465 348 486 mortuos.
361 459 429 492 Quid
443 462 484 486 est
493 478 500 490 ,
518 457 676 492 Responsum
688 455 775 482 mortis
787 454 941 481 habuimus?
952 453 1019 481 Sen—

228 504 335 531 tentiam
348 524 355 536 ,
369 502 517 537 judicium,
533 502 770 537 exspectationem.
786 500 878 527 Talem
892 500 962 526 enim
974 506 1018 526 res

227 551 291 585 ipsa:
313 557 404 576 vocem
427 549 584 580 mittebant,
606 548 659 575 tale
682 553 841 582 responsum
868 545 966 573 dabant
986 553 1016 572 ea

226 604 284 631 quae
299 599 462 628 evenerant,
480 602 577 629 nempe
589 594 660 628 quod
676 593 827 621 certissime
843 593 963 619 morituri
975 599 1020 619 ρε-

226 649 326 669 semus.
344 641 441 669 Verum
460 641 485 668 id
502 647 585 675 usque
600 640 633 667 ad
657 647 713 667 rem
728 639 812 674 ipsam
828 638 937 666 minime
954 645 1017 672 pro-

226 689 320 719 cessit,
350 688 397 715 sed
423 688 491 714 intra
518 686 697 721 suspicionem
730 689 850 712 nostram
883 684 1013 712 substitit.

226 734 389 768 Quamquam
406 733 475 760 cnim
492 740 581 759 rerum
595 736 688 757 natura
705 731 755 757 hoc
778 729 1016 764 pronuntiaverat,

227 785 314 807 tamen
339 780 384 806 Dei
408 780 523 813 potentia
544 778 704 804 sententiam
730 777 754 802 in
779 783 846 810 opus
867 775 943 802 exire
964 781 1016 801 non

226 832 304 860 passa
317 829 369 858 est,
384 824 430 851 sed
447 824 473 851 in
486 824 543 850 sola
559 827 650 850 nostra
662 822 823 857 cogitatione
837 826 917 856 atque
931 821 955 848 in
969 829 1016 848 ex-

226 872 390 905 spectatione
406 871 456 898 hoc
471 870 629 905 contingere
654 870 776 905 permisit
794 878 799 895 :
826 869 940 904 ideoque
962 868 1017 900 ait,

226 917 259 944 lu
279 917 351 944 nobis
367 917 430 951 ipsis
451 924 600 951 responsum
614 916 701 942 mortis
715 915 864 947 habuimus,
882 922 934 941 non
947 915 973 940 in
989 922 1018 941 re

225 965 292 997 ipsa.
308 963 363 990 Cur
375 967 464 989 autem
479 968 579 988 tantum
595 962 742 996 periculum
758 961 834 988 nobis
850 960 937 987 creari
953 967 1016 994 per-

225 1008 342 1040 miserit,
358 1013 387 1034 ut
401 1009 462 1034 vitae
476 1015 536 1041 spes
552 1007 639 1034 omnis
654 1007 730 1034 nobis
744 1011 836 1041 erepta
851 1007 942 1033 esset?
957 1004 997 1032 Ne
1007 1025 1015 1038 ,

226 1055 310 1089 inquit
320 1074 328 1086 ,
345 1055 451 1088 ﬁdentes
464 1055 542 1080 simus
556 1054 581 1080 iu
596 1054 666 1080 nobis
676 1074 682 1084 ,
698 1054 742 1079 sed
755 1053 781 1079 iu
798 1052 860 1079 Deo.

260 1101 288 1128 5.
300 1100 347 1127 His
365 1105 453 1127 autem
467 1100 556 1127 verbis
573 1099 670 1126 Paulus
684 1120 691 1132 ,
706 1107 761 1126 non
776 1099 846 1134 quod
862 1099 918 1134 ipse
933 1099 969 1126 ita
980 1098 1018 1126 af-

226 1147 310 1174 fectus
323 1151 411 1177 esset,
428 1146 498 1173 absit
510 1146 560 1173 hoc
573 1167 579 1177 ,
600 1146 646 1173 scd
664 1150 693 1172 ut
707 1146 773 1172 alios
793 1153 840 1180 per
852 1153 893 1178 ea,
909 1153 968 1180 qtae
984 1145 1017 1172 de

225 1192 315 1226 seipso
329 1192 445 1226 dicebat,
459 1192 620 1223 institueret,
637 1191 768 1226 simulque
783 1192 863 1218 etiam
879 1192 1017 1219 modestia:

224 1237 314 1265 studio
324 1237 431 1270 ductus,
444 1237 567 1264 utebatur
583 1246 589 1264 :
603 1237 818 1272 quandoquidem
834 1237 859 1264 in
875 1245 1016 1272 progressu

224 1291 330 1319 quoque
343 1284 390 1316 ait,
417 1283 499 1310 Datus
517 1288 553 1310 est
575 1284 637 1309 mihi
661 1283 777 1310 stimulus
791 1284 875 1310 carnis
901 1283 939 1318 (ι.)-
956 1283 1014 1311 Cor.

224 1329 269 1357 12.
294 1331 334 1365 7),
359 1329 410 1357 hoc
432 1334 483 1362 est,
510 1329 681 1362 tentaliones,
697 1333 726 1356 ut
743 1336 777 1356 ne
791 1329 916 1356 extollar.
936 1329 1017 1365 Atqui

223 1375 295 1403 Deus
310 1383 362 1402 non
379 1375 440 1402 ideo
459 1382 490 1402 se
505 1375 660 1410 permisisse
673 1375 720 1408 ait,
735 1374 782 1402 sed
793 1375 903 1402 alteram
915 1375 949 1403 ob
959 1383 1018 1403 cau-

221 1430 291 1449 sam.
315 1422 399 1456 Quam
425 1421 560 1449 tandem?
586 1421 715 1449 Nimirum
739 1426 768 1449 ut
792 1422 875 1457 ipsius
897 1423 1016 1458 potentia

224 1469 307 1503 magis
321 1469 440 1496 elueeret
455 1478 460 1494 :
473 1468 572 1502 Sufficit
587 1468 658 1495 enitn
671 1468 722 1500 tibi,
740 1468 835 1502 inquit,
850 1469 933 1503 gratia
943 1475 1016 1501 mea;

225 1522 283 1540 nam
298 1514 376 1540 virtus
398 1521 452 1540 mea
475 1513 500 1540 in
517 1513 664 1547 inﬁrmitate
683 1514 815 1548 per/icitur
832 1513 912 1550 (Ibid.
929 1522 953 1540 υ.
976 1515 1015 1549 7).

224 1559 322 1587 Verum
335 1579 343 1592 ,
359 1564 388 1586 ut
408 1566 422 1585 a
440 1566 482 1586 me
503 1559 604 1586 dictum
624 1564 675 1592 est,
701 1567 830 1594 nusqumt
846 1567 933 1586 mores
953 1568 1016 1587 suos

222 1606 400 1637 obliviscitur,
416 1605 533 1640 seipsmn
549 1606 619 1632 inter
633 1613 680 1633 eos
690 1626 697 1640 ,
717 1607 762 1640 qui
776 1606 856 1641 longe
875 1606 1015 1634 inferiores

222 1657 299 1680 erant
317 1659 349 1679 ac
369 1652 451 1679 multa
472 1652 612 1686 disciplina
628 1656 655 1679 et
671 1652 840 1679 correctione
851 1659 919 1687 opus
934 1652 1016 1680 habe-

222 1701 296 1733 bant,
322 1706 478 1726 accensens.
505 1699 571 1725 Nam
601 1698 710 1733 alioqui,
735 1706 795 1726 cum
819 1698 853 1726 ad
877 1699 1014 1726 meliorem

223 1750 339 1773 mentem
351 1744 516 1772 revocandos
530 1745 610 1772 etiam
623 1745 747 1780 vulgares
758 1744 890 1779 homines,
907 1753 959 1772 una
970 1751 1016 1773 aut

221 1793 303 1819 altera
337 1791 448 1819 tcntatio
475 1795 565 1818 coorta
593 1791 710 1818 sufﬁciat
731 1799 738 1823 ;
762 1799 877 1826 quonam
907 1792 1013 1819 tandem

222 1838 301 1865 modo
313 1838 346 1871 is,
359 1837 403 1872 qui
417 1844 498 1872 supra
519 1838 647 1864 mortales
662 1844 756 1864 omnes
769 1837 946 1865 humilitatem
967 1846 1015 1872 per

221 1891 328 1910 omnem
348 1884 409 1910 vita:
432 1890 540 1910 cursum
555 1883 685 1916 coluerat,
703 1883 831 1917 pluraque
845 1891 924 1918 quam
940 1884 1015 1917 quis-

222 1937 300 1964 quam
315 1930 382 1956 alius
396 1936 537 1964 perpessus
556 1929 651 1964 fuerat,
669 1933 730 1963 post
744 1933 782 1955 tot
799 1936 883 1955 annos
897 1936 928 1956 ac
940 1929 1013 1956 caelis

220 1976 326 2010 dignam
341 1975 546 2010 philosophiam,
555 1974 605 2002 hac
616 1974 797 2001 admonitione
809 1982 876 2009 opus
884 1975 1013 2003 haberet?

225 2022 261 2049 Ex
276 2029 329 2057 quo
342 2021 512 2056 perspicuum
527 2021 593 2048 illud
615 2025 656 2048 est
667 2042 674 2054 ,
691 2028 751 2048 cum
771 2022 822 2049 hoc
841 2021 900 2050 loco
916 2022 1012 2057 partim

222 2068 358 2096 modestiae
372 2068 471 2100 studio,
486 2067 581 2102 partim
594 2072 686 2100 uteos,
702 2068 745 2103 qui
760 2068 793 2095 de
804 2069 900 2103 seipsis
911 2070 1012 2103 magni-

221 2114 270 2141 tlce
283 2113 434 2141 sentiebant
448 2118 527 2148 atque
546 2117 702 2147 arroganter
717 2121 746 2140 sc
757 2114 904 2148 jactabant,
920 2114 1011 2149 depri-

221 2164 307 2187 meret
318 2167 349 2186 ac
363 2163 512 2190 coerceret,
530 2158 571 2185 his
591 2159 680 2185 verbis
701 2167 777 2185 usum
790 2159 872 2187 fuisse
883 2180 890 2191 ,
913 2160 947 2188 Ut
962 2169 1011 2187 non

220 2206 298 2232 simus
314 2204 419 2239 ﬁdentes
432 2205 459 2231 in
474 2204 554 2236 nobis,
570 2204 614 2230 sed
627 2203 653 2230 in
668 2203 730 2231 Deo.
747 2205 785 2232 Ae
798 2205 857 2232 vide
877 2206 1012 2240 quomodo

222 2253 272 2278 hac
291 2257 397 2285 quoque
411 2251 515 2277 ratione
535 2250 638 2276 animos
659 2257 752 2278 eorum
771 2251 890 2278 deliniat.
912 2251 1011 2280 Tenta-

219 2299 307 2325 tiones
321 2299 412 2330 enim,
429 2297 532 2332 inquit,
549 2301 636 2324 vestra
651 2304 729 2324 causa
747 2297 823 2324 nobis
838 2297 929 2325 inferri
948 2306 1010 2333 per-

220 2344 309 2372 missa:
322 2349 399 2376 sunt;
415 2349 487 2370 lauto
502 2344 526 2370 in
539 2343 625 2378 pretio
638 2351 686 2370 vos
702 2344 771 2371 Deus
785 2344 864 2371 habet
880 2354 885 2371 τ
901 2346 933 2373 Si
944 2347 1011 2373 enim

218 2391 386 2422 trilmlamur,
402 2389 498 2425 inquit,
514 2397 559 2424 pro
575 2394 656 2416 vestra
675 2390 847 2417 consolatione
862 2395 885 2417 et
904 2392 986 2419 salute
1001 2400 1010 2419 :

218 2441 246 2463 at
270 2435 410 2463 immodica
441 2435 619 2462 calamitatum
649 2436 804 2470 magnitudo
830 2442 939 2472 propter
959 2446 1009 2466 nos

217 2483 346 2517 contigit,
370 2490 403 2509 nc
427 2481 566 2517 magniﬁce
583 2483 729 2509 sentiamus
746 2491 752 2509 τ
769 2482 837 2509 Nam
855 2492 932 2519 supra
945 2485 1009 2512 vires

217 2529 345 2564 aggravati
361 2536 457 2560 sumus,
473 2533 499 2554 ut
514 2536 545 2554 ne
559 2528 664 2561 ﬁdentes
679 2529 758 2555 simus
771 2529 798 2555 in
810 2530 954 2565 nobisipsis,
964 2531 1009 2558 sed

215 2576 242 2601 in
257 2574 309 2601 Deo
328 2575 371 2609 qui
386 2574 489 2600 suscitat
509 2578 630 2600 mortuos.
647 2574 748 2601 Rursus
763 2575 912 2602 doctrinam
923 2576 956 2603 de
967 2585 1008 2604 re-

216 2622 390 2654 surrectione,
406 2620 444 2648 de
452 2628 504 2655 qua
519 2625 557 2647 tot
571 2620 598 2647 in
611 2620 693 2655 priori
711 2621 824 2655 epistola
842 2622 922 2649 verba
937 2623 1007 2650 iece-

215 2671 267 2698 rat,
289 2667 314 2693 in
335 2666 491 2693 memoriam
513 2665 577 2699 ipsis
597 2670 720 2698 revocat,
742 2670 823 2701 atque
837 2674 852 2693 a
868 2668 1007 2701 prtesenti-

215 2713 265 2740 bus
275 2712 354 2740 rebus
377 2713 401 2739 ei
424 2711 504 2739 ﬁdem
517 2710 632 2738 adstruit
646 2719 652 2736 :
668 2711 740 2738 unde
753 2712 833 2738 etiam
855 2712 1003 2747 subjunxit,

213 2759 257 2786 10.
275 2758 324 2791 Qui
334 2758 366 2785 de
379 2758 456 2784 lautis
479 2757 600 2784 mortibus
612 2765 658 2784 nas
670 2757 774 2792 eripuit.
790 2757 847 2785 Non
865 2758 947 2792 dixit,
964 2758 1004 2786 Ex

212 2810 252 2833 tot
264 2805 390 2840 periculis
406 2813 413 2832 :
428 2811 482 2839 quo
495 2803 574 2831 simul
587 2807 614 2831 et
625 2803 817 2831 intolerandam
827 2804 1002 2831 tentationum

211 2852 383 2878 acerbitatem
404 2849 538 2882 ostendat,
553 2854 581 2877 et
594 2849 668 2876 illum
683 2857 761 2884 quem
778 2849 832 2877 dixi
848 2858 1000 2878 sermonem

212 2896 361 2924 conﬁrmet.
386 2896 514 2930 Quoniam
533 2896 678 2924 t'utura'res
696 2901 750 2923 erat
767 2897 928 2924 resurrectio
939 2917 946 2930 ,
961 2897 1002 2925 id-

1072 226 1144 253 circo
1157 225 1227 254 hanc
1241 227 1360 262 quotidie
1373 228 1430 256 ﬁeri
1443 228 1570 256 ostendit.
1583 228 1650 256 Nam
1662 237 1723 257 cum
1737 230 1809 258 Deus
1820 231 1868 258 ho-

1073 272 1185 304 minem,
1201 272 1234 300 de
1248 281 1301 308 quo
1315 281 1377 308 spes
1390 274 1481 301 omnis
1492 274 1547 309 jam
1561 274 1665 310 abjecta
1679 280 1747 308 erat,
1768 277 1867 312 quique

1072 317 1104 344 ad
1119 318 1190 352 ipsas
1201 326 1285 353 usque
1301 320 1394 346 mortis
1416 325 1508 356 portas
1520 326 1688 354 accesserat,
1703 321 1730 348 in
1750 323 1867 350 sublime

1072 369 1190 396 remeat,
1212 364 1277 391 nihil
1301 364 1373 391 aliud
1396 373 1475 400 quam
1500 367 1707 394 resurrectionis
1730 368 1866 402 specimen

1073 410 1172 444 pra-bet
1182 431 1189 443 ,
1205 410 1238 437 ab
1253 410 1318 445 ipsis
1332 412 1426 439 mortis
1442 411 1562 440 faucibus
1573 421 1634 440 eum
1654 414 1804 447 retrahens,
1820 414 1867 449 qui

1072 456 1098 482 in
1123 464 1168 484 eas
1191 457 1330 484 inciderat.
1356 457 1415 491 Quo
1435 459 1516 486 etiam
1537 458 1575 492 ﬁt,
1603 463 1632 486 ut
1655 459 1689 486 de
1702 459 1803 492 multis,
1819 461 1866 495 qui

1071 509 1131 529 cum
1147 502 1181 529 ab
1193 503 1316 530 omnibus
1328 498 1460 538 deplorati
1471 504 1580 537 iuerint,
1593 512 1624 532 ac
1635 504 1733 532 deinde
1742 513 1776 532 ex
1790 505 1866 541 gravi

1071 548 1165 575 morbo
1175 553 1220 575 aut
1231 549 1406 576 intolerandis
1415 550 1572 584 quibusdam
1583 550 1773 578 tentationibus
1782 559 1868 579 cmer-

1071 594 1166 626 serint,
1183 594 1248 622 illud
1268 596 1390 630 usurpari
1412 595 1497 623 soleat
1513 605 1519 623 :
1536 596 1700 624 Murtuorum
1726 605 1865 625 resurrec-

1071 639 1170 666 tionem
1194 640 1220 667 iu
1236 640 1287 667 hoe
1309 640 1418 668 homine
1438 641 1564 668 vidimus.
1580 641 1613 668 In
1635 651 1708 676 quem
1731 651 1866 678 speramus

1070 687 1189 720 quoniam
1203 691 1228 714 et
1241 687 1326 714 adhuc
1337 688 1424 723 eripiet
1434 709 1442 721 ,
1463 689 1473 715 l
1484 689 1506 716 I.
1518 688 1698 724 adjuvantibus
1709 690 1784 716 etiam
1796 689 1865 717 vobis

1070 732 1095 757 in
1116 733 1228 759 oratione
1253 741 1298 767 pro
1313 733 1384 760 nobis
1399 741 1408 760 :
1422 739 1449 760 ut
1463 742 1495 761 ea:
1510 734 1647 761 multorum
1665 737 1778 769 personis
1796 736 1864 770 ejus,

1070 786 1126 812 quae
1139 779 1164 804 in
1180 779 1252 805 nobis
1263 784 1315 812 est,
1330 779 1476 806 donationis
1493 788 1537 813 per
1551 780 1641 806 multos
1651 781 1741 814 gratim
1752 786 1865 816 agantur

1070 831 1116 857 pro
1131 824 1211 850 nobis.
1234 823 1364 857 Quoniam
1381 823 1407 852 id
1422 825 1492 859 quod
1516 825 1629 857 dixerat,
1648 825 1681 852 Ut
1695 834 1726 852 ne
1737 826 1816 852 simus
1832 827 1865 859 ﬁ-

1070 869 1156 895 dentes
1177 869 1203 895 iu
1222 869 1367 904 nobisipsis,
1388 878 1531 897 commune
1553 871 1654 897 crimen
1681 875 1709 897 et
1728 871 1865 898 accusatio

1069 922 1129 942 esse
1144 915 1294 949 videbatur,
1310 924 1370 951 quas
1385 917 1529 945 nonnullos
1549 925 1642 944 eorum
1657 918 1863 953 perstringeret,

1069 962 1172 996 mitigat
1185 970 1278 990 rursus
1291 962 1316 989 id
1330 963 1400 997 quod
1415 963 1492 994 dixit,
1506 971 1600 998 preces
1615 965 1733 998 ipsorum
1749 966 1865 1000 ingentis

1071 1007 1186 1040 prmsidii
1202 1007 1261 1034 loco
1277 1008 1434 1042 implorans,
1449 1009 1566 1043 illudque
1581 1009 1662 1036 simul
1676 1010 1808 1042 indicans,
1823 1011 1864 1037 vi-

1070 1057 1122 1079 tam
1144 1057 1262 1080 nostram
1284 1054 1309 1080 in
1327 1059 1453 1088 perpetua
1475 1062 1539 1081 cura
1559 1059 1586 1082 et
1605 1055 1785 1083 sollicitudine
1801 1064 1866 1084 esse

1068 1104 1204 1134 oportere.
1221 1100 1286 1127 Nam
1301 1101 1362 1127 dum
1377 1101 1424 1132 ait,
1442 1100 1582 1136 Speramus
1604 1106 1688 1128 autent
1701 1102 1819 1137 quoniam
1840 1107 1865 1129 et

1070 1146 1154 1173 adhuc
1168 1147 1267 1180 eripiet,
1284 1147 1428 1174 multarum
1444 1147 1618 1174 tentationum
1632 1155 1726 1183 agmen
1742 1156 1866 1183 przenun-

1070 1192 1126 1225 tiat,
1142 1200 1190 1219 nec
1207 1198 1294 1220 tamen
1308 1200 1419 1228 usquam
1435 1192 1637 1220 derelictionem
1648 1214 1655 1225 ,
1671 1194 1718 1221 sed
1733 1194 1865 1221 auxiliqu

1069 1246 1100 1266 ac
1112 1239 1258 1274 suppetias.
1275 1239 1375 1266 Deinde
1385 1260 1392 1270 ,
1407 1246 1441 1266 ne
1456 1239 1515 1266 ideo
1528 1239 1625 1266 animis
1637 1245 1865 1273 consternantur,

1068 1284 1138 1319 quod
1147 1285 1257 1312 audiant
1269 1284 1337 1317 fore,
1349 1289 1377 1312 ut
1389 1285 1414 1312 in
1427 1285 1564 1319 perpetuis
1575 1284 1699 1318 periculis
1709 1290 1864 1318 versentur,

1068 1331 1142 1366 prius
1160 1331 1285 1365 quidnam
1299 1331 1417 1365 pericula
1433 1330 1555 1357 utilitatis
1568 1330 1680 1357 aﬁ‘erant
1692 1330 1867 1358 demonstra-

1068 1377 1114 1409 vit,
1131 1384 1237 1411 nempe,
1254 1376 1294 1403 Ne
1317 1377 1394 1403 simus
1405 1375 1511 1410 ﬁdentes
1530 1376 1557 1402 in
1575 1375 1719 1410 nobisipsis,
1741 1375 1792 1404 hoc
1807 1383 1866 1410 est,

1068 1428 1096 1449 ut
1113 1423 1183 1450 Deus
1199 1430 1248 1449 nos
1271 1423 1296 1449 in
1311 1426 1438 1457 perpetua
1453 1421 1603 1449 humilitate
1614 1422 1767 1455 contineat;
1788 1427 1817 1450 et
1836 1428 1869 1450 ut

1067 1469 1140 1495 salus
1167 1475 1260 1495 eorum
1288 1473 1464 1503 procuretur,
1492 1473 1573 1502 atque
1599 1468 1650 1495 alia
1676 1468 1756 1496 etiam
1783 1470 1866 1503 plura

1067 1515 1214 1548 exsistant,
1244 1515 1316 1542 velut
1347 1513 1454 1541 Christo
1481 1514 1696 1547 communicare;
1723 1514 1869 1542 Abundant

1066 1561 1154 1594 enim,
1171 1561 1267 1596 inquit,
1290 1561 1420 1596 passiones
1437 1559 1531 1587 Christi
1545 1561 1571 1586 in
1586 1561 1657 1587 nobis
1668 1569 1678 1592 ;
1691 1565 1719 1588 et
1732 1569 1780 1595 pro
1793 1562 1870 1589 lide-

1067 1608 1135 1635 libus
1151 1607 1219 1642 pali;
1236 1607 1296 1634 Sive
1308 1607 1380 1634 enim
1400 1606 1563 1639 tribuiamur,
1586 1607 1689 1641 inquit,
1706 1615 1752 1642 pro
1774 1613 1868 1635 vestra

1066 1654 1237 1681 consolatione
1249 1661 1279 1680 ac
1291 1652 1390 1686 salute;
1399 1658 1453 1680 tum
1464 1654 1544 1687 etiam
1552 1653 1622 1688 quod
1635 1653 1692 1681 lucc
1704 1654 1760 1689 ipsa
1773 1655 1869 1690 magis

1065 1700 1185 1732 eluceat;
1209 1699 1248 1726 sic
1270 1699 1342 1726 enim
1367 1699 1414 1731 ait,
1441 1699 1505 1732 Quia
1532 1704 1651 1735 operatur
1674 1700 1701 1726 in
1724 1700 1871 1727 tolerantia

1066 1746 1209 1772 earumdem
1223 1745 1387 1780 passionum;
1402 1745 1465 1772 illud
1482 1745 1555 1776 item,
1568 1745 1637 1779 quod
1652 1745 1714 1772 hinc
1729 1744 1815 1772 fortes
1832 1753 1871 1773 ac

1066 1792 1210 1818 tolerantes
1229 1791 1396 1823 ctﬁciautur;
1420 1797 1452 1817 ac
1475 1795 1616 1825 pra-terea,
1642 1790 1713 1825 quod
1738 1798 1872 1818 resurre-

1065 1837 1180 1863 elionem
1207 1841 1269 1863 ante
1293 1837 1387 1864 oculos
1409 1843 1472 1863 suos
1486 1836 1657 1871 eﬁulgentetu
1670 1829 1801 1870 cernant;
1822 1837 1874 1864 Ex

1066 1884 1142 1910 tantis
1156 1883 1238 1914 enim,
1268 1883 1369 1917 inquit,
1393 1883 1515 1909 mortibus
1538 1891 1583 1909 nos
1605 1883 1714 1917 eripuit;
1738 1883 1771 1910 ad
1801 1883 1874 1911 ha‘c

1064 1929 1134 1965 quod
1153 1937 1184 1957 ea
1207 1930 1310 1956 ratione
1335 1929 1441 1956 solliciti
1464 1928 1618 1960 reddantur,
1642 1933 1723 1963 atque
1749 1928 1774 1955 in
1796 1937 1871 1956 eum

1064 1983 1170 2010 semper
1197 1975 1341 2010 respiciant
1358 1983 1365 2002 :
1382 1974 1522 2010 Speremus
1549 1975 1632 2006 enim,
1662 1974 1765 2008 inquit,
1790 1976 1874 2010 quod

1064 2022 1173 2057 eripiet;
1193 2029 1224 2048 ac
1249 2021 1398 2055 deuique,‘
1416 2020 1488 2056 quod
1525 2020 1647 2056 precibus
1678 2019 1750 2047 afﬁxi
1783 2021 1872 2053 sint;

1064 2067 1248 2102 Adjuvantibus
1261 2067 1345 2099 enim,
1361 2067 1456 2101 inquit,
1467 2066 1535 2094 vobis
1548 2066 1575 2093 in
1589 2067 1703 2093 oratione
1713 2075 1759 2100 pro
1774 2067 1873 2094 nobis.

1052 2113 1239 2148 Posteaquam
1261 2112 1339 2147 igitur
1357 2111 1532 2139 alﬁictionum
1556 2112 1697 2139 utilitatem
1718 2112 1872 2145 ostendit,

1063 2167 1094 2186 ac
1108 2159 1203 2186 deinde
1217 2159 1424 2186 sollicitudinem
1440 2158 1504 2192 ipsis
1518 2158 1623 2192 injecit,
1646 2165 1741 2185 rursus
1760 2166 1875 2185 eorum

1062 2206 1166 2231 animos
1190 2205 1261 2231 acuit
1282 2208 1362 2239 atque
1379 2203 1411 2230 ad
1427 2204 1550 2230 virtutem
1566 2204 1744 2238 promptiores
1760 2203 1876 2238 cﬂicil,

1063 2259 1186 2285 magnum
1203 2251 1322 2285 ipsorum
1342 2250 1465 2285 precibus
1479 2250 1661 2276 testimonium
1676 2250 1806 2277 tribuens
1819 2271 1829 2283 ,
1849 2252 1875 2278 ἑ

1061 2297 1167 2332 quidem
1192 2297 1226 2323 ob
1244 2304 1289 2323 eus
1307 2296 1416 2323 Paulum
1433 2296 1497 2331 ipsis
1510 2295 1635 2322 donarinl
1649 2304 1655 2324 :
1670 2296 1878 2331 Adjuvnmibue

1061 2344 1144 2376 enim,
1159 2343 1254 2378 inquit,
1270 2343 1338 2369 vobis
1350 2343 1375 2369 in
1389 2343 1510 2368 oratione.
1528 2341 1596 2379 Quid
1610 2347 1699 2369 autem
1715 2347 1768 2375 est,
1790 2343 1831 2370 Ut
1846 2345 1878 2371 in

1061 2390 1145 2416 multis
1166 2389 1278 2424 personis
1301 2390 1366 2423 ejus,
1380 2396 1436 2422 qum
1448 2389 1474 2415 in
1496 2389 1567 2415 nobis
1581 2393 1632 2421 est,
1650 2389 1804 2416 donationis
1825 2399 1880 2425 per

1061 2436 1153 2462 multos
1171 2435 1259 2470 gratia:
1277 2439 1386 2469 agantur
1407 2443 1453 2469 pro
1476 2434 1570 2461 nobis?
1585 2435 1622 2461 Ex
1646 2435 1783 2462 mortibus
1814 2436 1880 2464 illis

1062 2490 1109 2509 nos
1124 2483 1234 2517 eripuit,
1258 2482 1447 2515 adjuvantibus
1468 2482 1548 2508 etiam
1571 2481 1646 2508 vobis
1669 2481 1695 2509 in
1717 2483 1878 2516 oratione,

1061 2528 1146 2563 inquit
1163 2535 1168 2553 :
1187 2528 1237 2554 hoc
1252 2533 1304 2560 est,
1320 2528 1396 2554 vobis
1412 2527 1536 2554 omnibus
1554 2531 1644 2554 nostra
1658 2535 1739 2555 causa
1755 2528 1881 2564 depre-

1059 2576 1192 2602 cantibus.
1209 2574 1370 2602 Beneﬁcium
1384 2574 1454 2601 enim
1469 2574 1495 2600 in
1511 2581 1559 2601 nos
1574 2574 1701 2601 collatum
1714 2595 1722 2607 ,
1736 2574 1798 2603 hoc
1813 2582 1880 2611 est,

1059 2622 1172 2648 salutem
1194 2625 1324 2653 nostram,
1345 2620 1421 2647 vobis
1441 2620 1566 2647 omnibus
1586 2620 1676 2655 largiri
1699 2621 1795 2649 voluit
1815 2633 1825 2650 :
1846 2629 1883 2652 ut

1059 2668 1149 2694 multa:
1175 2674 1296 2701 personm
1322 2667 1422 2700 gratias
1446 2666 1495 2700 ipsi
1517 2670 1607 2700 agant,
1633 2666 1882 2701 quandoquidem

1058 2713 1148 2740 multm
1161 2721 1267 2748 quoque
1277 2714 1390 2747 gratiam
1403 2717 1574 2747 acceperunt.

1092 2759 1118 2786 4.
1133 2759 1195 2786 lla-c
1207 2767 1285 2793 porro
1298 2766 1332 2786 eo
1346 2759 1462 2791 dicebat,
1473 2759 1569 2793 partim
1584 2762 1612 2785 ut
1623 2759 1694 2793 ipsos
1708 2758 1741 2786 ad
1760 2767 1884 2794 prece;

1055 2805 1167 2832 aliorum
1181 2812 1287 2839 quoque
1308 2812 1387 2831 causa
1416 2804 1564 2832 fundendus
1584 2804 1724 2836 excitaret,
1753 2809 1883 2840 parum

1055 2851 1117 2878 item
1133 2855 1160 2877 ut
1173 2858 1220 2884 pro
1235 2850 1267 2877 iis
1282 2850 1362 2877 etiam
1386 2850 1600 2883 calamitatibus,
1616 2850 1713 2885 quibus
1728 2851 1785 2878 alii
1806 2854 1883 2881 affl-

1053 2903 1193 2931 r'crcutur,
1210 2899 1301 2933 gratiis
1318 2898 1372 2926 Deo
1383 2905 1490 2932 semper
1504 2896 1612 2931 agendis
1636 2897 1708 2932 ipsos
1727 2899 1885 2928 assuefa-
