2021 3117
133 144 184 173 397

132 204 210 228 ceret
224 206 233 226 :
249 195 395 225 ostendens
409 193 545 225 videlicet,
561 191 587 218 id
599 190 647 226 ipsi
654 197 760 225 quoque
772 196 850 224 quam
864 195 925 223 gra.

133 245 269 274 tissimum
291 249 363 270 esse.
386 240 453 267 Nam
474 239 519 273 qui
545 237 604 265 haec
617 236 730 263 aliorum
744 242 824 262 causa
838 234 926 261 facere

133 288 335 320 consueverint,
349 286 435 314 multo
447 291 513 311 sane
521 283 606 318 magis
618 286 732 316 utraque
745 280 803 307 haec
816 278 866 314 ipsi
879 286 925 305 sua

133 342 216 364 causa
231 332 384 371 prastaturi
397 334 468 358 sunt.
481 328 633 363 Quinetiam
647 334 695 354 eos
707 326 740 353 ad
751 325 927 352 humilitatem

134 370 239 412 erudit,
249 384 330 415 atque
343 377 377 405 ad
390 375 581 405 lerveutiorem
604 372 743 400 caritatem
764 371 846 398 ducit.
862 370 927 397 Nam

135 435 197 455 cum
208 426 277 461 ipse,
293 423 340 458 qui
354 426 394 450 tot
407 421 527 457 partibus
537 418 677 447 sublimior
690 417 742 445 illis
754 421 821 449 erat,
835 422 928 443 eorum

135 473 263 509 precibus
284 470 399 498 salutem
421 475 451 495 se
474 469 668 500 consequutum
680 470 740 491 esse
752 483 760 495 ,
777 470 807 489 ac
822 465 930 497 propter

137 507 259 554 ipsorum
269 515 409 544 orationes
419 512 577 541 beneﬁcium
590 511 727 545 accepisse
747 508 836 539 dicat,
850 507 930 534 velim

137 553 227 592 tecum
240 567 359 597 reputes.
374 567 427 597 quo
438 566 485 586 eos
494 557 584 585 animo
595 562 728 592 quantque
739 553 860 580 modesto
872 559 931 579 esse

138 594 291 645 oportebat.
318 594 391 640 Quid
407 594 483 632 ‘illud
505 610 611 638 quoque
638 599 832 631 animadverte,
860 597 930 633 quod

138 644 245 684 etiamsi
261 654 332 682 Deus
350 650 535 680 misericordia
558 652 697 684 permotus
719 645 820 680 aliquid
842 644 930 675 faciat,

140 707 230 729 tatnen
244 700 289 727 hic
303 705 409 734 quoque
428 695 547 732 precatio
560 695 671 721 multum
687 691 833 727 adjnmenti
846 690 931 717 affert.

141 747 248 775 Etenim
259 747 286 773 in
299 744 430 781 principio
438 743 550 770 salutem
567 748 641 768 suam
657 739 702 766 Dei
717 737 934 765 miserationibus

141 798 279 828 acceptam
293 791 398 823 retulit;
419 789 489 816 Deus
511 788 582 815 enim
607 786 814 817 niiscrationum,
838 783 932 818 inquit,

142 847 188 866 nos
202 837 308 874 eripuit;
320 837 364 864 hic
382 839 471 863 autem
486 833 607 862 eamdem
624 832 741 866 ipsorum
755 837 860 865 quoque
874 836 934 863 pre—

143 884 219 912 cibus
240 881 392 917 adscripsit.
409 880 475 907 Nam
500 879 579 906 etiam
595 878 680 908 illum,
703 876 748 911 qui
775 876 933 902 talentorum

143 930 238 958 decem
255 928 338 956 millia
352 925 477 956 debebat.
493 929 632 959 pestquam
645 922 677 949 ad
694 922 777 956 ipsius
796 919 876 954 pedes
890 926 934 945 ac-

144 977 283 1009 cessisset,
299 975 441 1002 miseratus
460 975 503 998 est
516 979 523 997 :
537 974 564 997 et
579 974 668 996 tamen
680 967 779 995 dictutn
793 970 844 998 est,
860 964 886 991 Μ
891 967 937 991 ise-

144 1021 258 1050 ricordia
281 1023 363 1048 motus
384 1017 478 1044 dimisit
493 1010 559 1042 cuin.
580 1015 667 1049 Atque
690 1013 754 1040 item
779 1011 938 1038 Chanaurctc

145 1072 206 1104 post
222 1067 332 1094 multam
346 1064 419 1092 illam
434 1061 617 1089 assiduitatem
639 1066 670 1085 ac
687 1057 866 1086 tolerantiam.
882 1060 936 1081 tmn

147 1100 263 1148 denique
284 1111 345 1138 ﬁliae
370 1109 485 1137 salutem
511 1106 644 1134 concessit
669 1103 776 1139 (Matth.
803 1102 844 1130 l5.
870 1100 937 1136 28):

147 1158 253 1188 etiamsi
267 1156 367 1190 alioqui
388 1152 573 1182 misericordia
593 1151 688 1178 dttctus
706 1150 756 1185 ipsi
774 1149 885 1176 salutem
899 1152 941 1174 at-

150 1205 250 1234 tulerit.
261 1204 301 1232 Ex
315 1210 368 1238 quo
380 1201 505 1229 nimirum
520 1198 658 1230 discimus,
673 1196 795 1231 quamris
811 1196 881 1222 Deus
895 1194 941 1220 mi-

149 1251 322 1282 sericordiam
343 1256 407 1284 erga
427 1255 478 1275 nos
498 1246 665 1274 adhibiturus
687 1245 738 1276 sit,
754 1243 830 1270 nobis
852 1247 940 1269 tamen

151 1298 221 1326 istud
233 1298 309 1333 prius
324 1294 474 1323 faciendum
496 1300 566 1324 esse,
589 1296 616 1319 ut
637 1289 822 1318 misericordia
847 1288 942 1323 dignos

153 1344 277 1379 nosipsos
291 1345 458 1378 praestemus.
473 1338 600 1373 Quamvis
614 1337 685 1364 enim
699 1334 879 1362 misericordia
895 1334 941 1367 sit,

151 1390 248 1424 dignos
264 1392 352 1415 tamen
368 1385 480 1420 requirit
501 1394 508 1411 :
532 1391 584 1411 non
599 1383 669 1410 enim
687 1386 787 1408 temere
806 1380 943 1415 quibusvis

151 1433 285 1469 obtingit,
318 1432 398 1460 etiam
426 1435 534 1465 stupore
560 1427 744 1456 laborantibus
767 1435 774 1452 :
805 1426 944 1452 Miserebor

152 1480 245 1512 enim,
276 1478 383 1512 inquit,
407 1476 479 1511 cujus
508 1473 660 1504 miserebor;
688 1477 713 1499 et
746 1470 944 1498 misericordium

153 1524 279 1561 prmtubo
293 1524 326 1555 ei,
340 1522 381 1549 cui
394 1520 529 1549 miserebor
548 1518 645 1555 (Exod.
659 1518 704 1545 55.
718 1517 774 1552 19).
794 1515 859 1543 Vide
872 1515 945 1550 quip-

154 1579 188 1607 pe
206 1571 333 1606 quidnatn
348 1568 392 1596 hic
405 1575 510 1603 quoque
524 1566 595 1593 dicat
611 1574 617 1591 :
633 1563 817 1597 Adiuoantibus
841 1568 864 1590 et
877 1561 944 1588 vobis

154 1619 181 1645 in
193 1617 319 1645 oratione.
341 1613 408 1643 Nam
424 1621 473 1641 nec
491 1618 574 1640 totum
589 1611 654 1647 ipsis
669 1610 776 1641 tribuit,
800 1616 833 1636 ne
851 1616 945 1635 eorum

155 1665 259 1692 animos
272 1663 381 1694 ederat;
396 1669 446 1688 nec
460 1667 552 1688 rurSus
566 1667 612 1687 eos
625 1658 697 1685 onmi
717 1665 748 1684 ex
763 1661 838 1691 parte
852 1656 885 1682 ab
898 1655 946 1681 hu-

153 1711 197 1748 jus
208 1710 330 1739 beneﬁcii
342 1708 421 1737 laude
434 1707 578 1737 submovit,
593 1711 621 1733 ut
632 1713 678 1733 eos
689 1704 780 1732 incitet
790 1703 947 1730 alacriores-

157 1765 208 1793 que
222 1756 331 1788 efﬁciat,
348 1759 428 1790 atque
442 1754 513 1782 inter
523 1761 552 1780 sc
564 1752 707 1780 devinciat.
724 1749 800 1778 Unde
813 1749 893 1776 etiam
907 1747 947 1775 di-

158 1805 251 1836 cebat,
264 1802 385 1831 Salutem
407 1807 492 1828 meam
515 1799 590 1826 vobis
610 1798 728 1825 donavit.
744 1797 810 1824 Nam
829 1803 948 1830 persmpe

160 1856 264 1884 quoque
277 1847 350 1875 Deus
360 1846 435 1882 quasi
452 1845 554 1881 pudore
575 1848 768 1875 commovetur,
782 1849 842 1869 cum
856 1839 931 1867 multi
941 1854 950 1859 -

160 1895 280 1922 tudinem
302 1893 335 1920 ad
359 1892 539 1927 precationem
563 1888 722 1917 concordem
747 1892 827 1922 atque
841 1886 949 1920 conspi—

160 1944 265 1968 rantem
274 1938 359 1966 cernit
375 1947 382 1965 :
397 1938 511 1972 ideoque
523 1935 658 1971 pmpheuc
669 1934 786 1966 dicebat,
799 1933 854 1968 Ego
867 1937 950 1959 autem

162 1995 211 2013 non
226 1993 331 2021 parcum
353 1984 411 2011 Imic
434 1982 528 2009 civitati
541 2003 548 2014 ,
562 1982 588 2008 in
607 1990 657 2015 qua
672 1980 784 2006 habitant
799 1979 856 2014 plus
876 1986 951 2012 quam

162 2036 261 2059 centum
275 2029 363 2066 viginti
384 2029 464 2056 millia
479 2028 609 2054 hominum
620 2026 706 2060 (.Iomr
724 2025 751 2052 4.
768 2025 822 2059 ll).
840 2023 948 2054 Deinde,

164 2085 197 2104 uc
212 2081 288 2111 putes
300 2076 381 2103 Deum
396 2074 429 2102 ob
443 2073 639 2101 multitudinem
656 2072 791 2099 dumtaxat
805 2070 837 2096 ad
850 2069 951 2096 miseri-

164 2121 281 2149 cordiam
300 2120 410 2153 inﬂecti,
427 2119 468 2146 his
482 2119 568 2146 verbis
582 2118 665 2145 utitur
679 2126 685 2143 :
701 2117 730 2144 Si
746 2116 819 2152 fuerit
834 2124 952 2142 numerus

165 2167 246 2194 Israel
273 2171 402 2200 tulitquam
428 2173 505 2192 arena
528 2164 624 2196 maris,
654 2163 767 2198 reliquia:
792 2162 868 2188 salva:
894 2162 952 2193 ﬁent

164 2213 239 2247 (hui.
254 2211 299 2239 10.
309 2210 367 2248 22).
381 2211 431 2245 Qui
446 2210 544 2238 factum
558 2215 597 2236 est
610 2209 698 2244 igitur,
716 2214 743 2235 ut
755 2207 885 2234 Ninivitas
897 2214 954 2233 ser-

164 2258 252 2286 rarit?
266 2257 368 2293 Nempe
387 2258 449 2293 quia
470 2264 522 2284 non
547 2255 689 2283 multitudo
710 2255 796 2282 solum
820 2258 887 2286 erat,
907 2253 952 2280 sed

165 2304 309 2332 multitudo
324 2305 421 2332 virtute
435 2303 547 2339 prtedita
561 2311 568 2329 :
584 2301 766 2337 paenitentiam
785 2300 855 2327 enim
873 2308 954 2326 unus-

164 2350 279 2386 quisque
288 2349 352 2385 egit,
369 2353 395 2377 et
411 2356 425 2375 a
439 2349 480 2376 via
491 2355 538 2375 sua
551 2355 631 2382 prava
644 2346 763 2373 recessit.
777 2345 864 2379 Atque
874 2345 954 2371 etiam

166 2395 232 2430 ipse,
251 2395 316 2422 dum
337 2394 448 2422 salutent
472 2393 537 2428 ipsis
559 2392 677 2423 aﬁ'errct,
694 2391 783 2418 aiebat
803 2399 809 2417 :
834 2390 955 2416 Nesciunt

165 2441 226 2474 quid
248 2441 280 2467 sit
307 2440 372 2466 inter
395 2439 510 2467 dextram
532 2443 556 2465 et
575 2438 704 2465 sinistrum
719 2436 791 2469 (Jan.
814 2436 830 2462 Ι.
854 2434 900 2470 c.).
917 2435 955 2461 Ex

135 2518 138 2521 ,
166 2493 218 2522 quo
229 2486 401 2522 perspicuum
411 2489 463 2516 est,
475 2492 522 2511 eos
533 2484 558 2510 in
569 2484 657 2518 priora
669 2486 777 2516 peccata
786 2480 956 2515 simplicitate

167 2533 256 2569 potius
271 2539 351 2567 quam
363 2531 444 2558 animi
455 2530 629 2566 perversitate
650 2529 738 2563 lapsos
759 2527 842 2554 fuisse
855 2535 861 2553 :
877 2526 956 2560 idque

169 2586 197 2606 ex
210 2586 243 2606 co
256 2581 373 2611 constat,
385 2576 454 2612 quod
464 2576 556 2611 paucis
567 2575 656 2603 verbis
666 2574 764 2601 auditis
774 2573 806 2601 ad
818 2573 956 2601 meliorem

166 2629 283 2654 mentem
297 2631 328 2651 se
341 2627 510 2658 receperunt.
525 2622 600 2656 Quod
612 2622 633 2649 si
649 2621 681 2649 ad
694 2628 740 2649 eos
751 2620 897 2648 servandos
909 2620 958 2647 hoc

167 2671 231 2697 satis
243 2670 341 2697 virium
355 2668 502 2701 habuisset,
514 2668 584 2703 quod
598 2673 703 2695 centum
718 2667 808 2702 viginti
821 2666 957 2693 hominum

167 2717 247 2744 millia
271 2720 361 2748 erant,
383 2715 509 2750 quidnam
535 2715 609 2749 prius
633 2721 738 2749 quoque
765 2712 955 2747 prohibuisset,

166 2763 228 2797 quin
242 2761 358 2790 salutem
374 2760 603 2795 adipiscerentur?
618 2759 671 2786 Cur
685 2759 763 2794 igitur
777 2766 828 2785 non
842 2758 908 2784 dixit
921 2757 956 2788 ci,

166 2808 220 2842 ligo
235 2811 327 2835 autem
347 2814 399 2834 non
415 2814 521 2841 parcam
543 2805 641 2832 civitati
663 2803 725 2831 huic
744 2804 779 2831 ita
802 2803 957 2835 immutatae,

166 2853 213 2882 scd
230 2858 269 2882 tot
286 2852 370 2881 millia
386 2851 506 2888 profert?
520 2851 557 2879 Ex
572 2850 716 2879 abundanti
733 2850 784 2878 hoc
797 2850 860 2878 facit
876 2860 882 2877 :
899 2846 958 2877 nam

664 133 697 162 IN
717 132 822 162 EPIST.
845 131 864 159 ιι
896 130 942 158 Αυ
960 129 1038 158 COR.
1060 128 1174 157 llOMIL.
1196 129 1228 158 Il.

987 187 1099 214 mutatio
1117 185 1224 221 quidem
1246 184 1384 213 manifesta
1404 190 1471 219 erat,
1493 193 1621 213 numerus
1639 191 1727 214 autem
1742 193 1769 214 et

980 232 1136 266 simplicitas
1160 232 1257 259 civium
1272 232 1410 267 propheta:
1426 232 1514 266 ignota
1539 236 1624 258 erant.
1648 231 1769 266 Undique

981 277 1061 312 igitur
1070 284 1162 305 eorum
1172 276 1273 304 animos
1283 276 1404 304 emollire
1415 276 1504 304 studet
1514 285 1521 302 :
1530 284 1591 304 nam
1601 281 1655 304 tum
1667 277 1770 304 viribus

982 324 1062 357 pollet
1076 323 1226 355 multitudo,
1242 331 1301 350 cttm
1315 323 1398 350 virtus
1412 323 1520 357 insuper
1533 322 1644 350 accedit.

993 388 997 403 ,
1018 368 1147 396 Orationis
1161 369 1207 396 vis.
1219 384 1255 389 —
1269 369 1324 396 Iloc
1343 369 1423 396 etiam
1438 369 1490 396 alio
1505 368 1563 396 loco
1581 367 1716 404 Scriptura
1730 368 1772 396 his

982 415 1070 442 verbis
1085 414 1203 442 declarat
1217 423 1224 441 :
1237 414 1326 441 Oratio
1338 419 1423 441 autent
1436 414 1510 447 ﬁebat
1524 414 1579 441 sine
1591 414 1773 441 intermissione

983 461 1014 487 ab
1031 460 1143 487 Ecclesia
1156 460 1190 486 ad
1204 459 1285 487 Deum
1298 468 1343 494 pro
1357 468 1385 486 eo
1400 459 1475 493 (Act.
1491 459 1534 486 l2.
1548 459 1583 494 5)
1597 468 1603 486 :
1620 464 1774 495 tantamque

983 507 1036 534 vim
1053 506 1153 539 habuit,
1165 511 1194 533 ut
1207 507 1328 541 quamvis
1340 507 1421 533 etiam
1437 505 1507 532 iores
1522 505 1619 533 clausa:
1631 509 1731 536 essent.
1747 510 1774 532 et

984 558 1084 580 catena:
1099 553 1248 587 apustolum
1262 552 1432 586 stringerent,
1448 552 1625 587 custodesque
1641 551 1774 586 utrimque

984 598 1016 626 ad
1029 599 1112 633 ipsius
1128 599 1195 625 latus
1210 598 1368 631 dormirent,
1386 605 1446 625 eum
1461 603 1547 625 tamen
1561 599 1682 626 eduxerit
1695 603 1776 633 atque

985 653 1018 672 ex
1027 645 1150 672 omnibus
1162 645 1213 672 illis
1223 644 1422 672 difﬁcultatibus
1433 645 1562 672 liberarit.
1573 645 1672 673 Verum
1683 653 1776 680 quem-

986 691 1140 724 admodum,
1156 692 1177 718 si
1194 692 1278 719 virtus
1292 692 1372 724 adsit,
1386 699 1508 727 magnam
1523 691 1576 719 vim
1591 691 1671 718 habet
1683 692 1776 719 multi-

987 739 1050 765 tudo
1067 747 1073 765 :
1089 739 1122 765 ita
1143 738 1164 765 si
1187 738 1279 765 vitium
1303 738 1382 769 adsit,
1410 738 1506 765 nullam
1530 738 1670 765 utilitatem
1690 738 1776 765 alierl.

988 783 1125 818 Siquidem
1148 789 1175 811 ot
1197 784 1334 814 Israelilm,
1353 791 1419 819 quos
1438 792 1526 811 arena:
1541 785 1623 811 maris
1638 792 1777 811 numerum

988 829 1142 864 adaequasse
1156 830 1291 864 Scriptura
1307 829 1406 862 refert,
1421 838 1515 858 omnes
1531 831 1684 864 perierunt;
1700 835 1779 864 atque

988 875 1067 902 etiam
1081 881 1200 910 tempore
1212 875 1266 903 Noe
1278 876 1411 909 permulti,
1423 876 1476 903 imo
1487 876 1618 903 innumeri
1631 880 1718 909 erant,
1730 883 1779 903 ncc

990 926 1077 949 tamen
1092 929 1139 949 eos
1153 922 1294 956 quidquam
1312 922 1439 957 hocjuvit
1451 931 1457 949 z
1470 923 1525 950 sola
1543 923 1614 950 enim
1639 922 1780 950 multitudo

989 968 1055 995 nihil
1072 972 1168 1002 potest,
1180 976 1271 995 verum
1283 972 1338 995 tum
1349 969 1456 996 demum
1471 976 1530 996 cum
1544 968 1706 996 accessionis
1722 968 1781 996 loco

990 1019 1042 1041 est.
1067 1013 1165 1040 Demus
1180 1013 1257 1048 igitur
1271 1021 1379 1047 operam
1389 1033 1396 1045 ,
1413 1018 1441 1040 ut
1455 1013 1481 1040 in
1498 1013 1621 1047 precibus
1636 1020 1761 1040 coeamus
1771 1033 1780 1046 ,

990 1059 1034 1086 alii
1050 1067 1097 1094 pro
1111 1058 1169 1086 aliis
1185 1066 1326 1094 precemur
1337 1079 1345 1091 ,
1361 1058 1583 1093 quemadmodum
1599 1059 1635 1085 illi
1653 1066 1701 1093 pro
1714 1066 1781 1093 apo-

991 1105 1076 1132 stolis.
1091 1104 1136 1132 Sic
1148 1105 1218 1131 euim
1234 1109 1262 1131 et
1274 1104 1428 1131 mandatum
1441 1104 1593 1138 explemus,
1605 1108 1632 1130 et
1641 1103 1673 1131 ad
1687 1104 1784 1130 carita-

994 1157 1045 1178 tem
1068 1151 1208 1178 incitamur
1224 1159 1231 1177 :
1246 1158 1306 1177 cum
1330 1155 1418 1177 autem
1439 1150 1579 1178 caritatem
1601 1149 1677 1182 dico,
1693 1150 1782 1176 omnia

992 1197 1061 1224 bona
1076 1196 1127 1223 hoc
1144 1196 1274 1224 vocabulo
1291 1195 1455 1231 complector
1470 1204 1477 1223 :
1494 1200 1573 1230 atque
1586 1195 1667 1222 etiam
1683 1194 1784 1230 majore

992 1242 1081 1270 studio
1102 1242 1202 1278 gratias
1222 1249 1303 1277 agere
1323 1242 1467 1270 discamus.
1489 1242 1554 1269 Nam
1568 1243 1612 1277 qui
1627 1249 1676 1277 pro
1689 1241 1785 1270 alienis

993 1289 1092 1324 gratias
1112 1289 1167 1316 Deo
1185 1293 1277 1323 agunt,
1290 1288 1375 1316 multo
1389 1288 1473 1323 magis
1494 1287 1519 1315 id
1540 1295 1588 1323 pro
1599 1288 1654 1316 suis
1672 1287 1784 1314 faciunt.

994 1335 1050 1363 Hoc
1064 1335 1146 1363 David
1160 1343 1265 1370 quoque
1281 1335 1403 1368 iaciebat,
1419 1343 1479 1362 cum
1494 1335 1606 1368 diceret,
1621 1334 1786 1371 Magni/irate

995 1381 1133 1408 Dominum
1147 1389 1254 1414 mecum,
1266 1386 1289 1408 et
1301 1381 1440 1408 exaltemus
1453 1389 1542 1408 nomen
1556 1381 1610 1415 ejus
1629 1383 1656 1408 in
1673 1381 1787 1416 idipsum

996 1427 1080 1463 (Prol.
1094 1427 1139 1454 55.
1152 1427 1180 1462 4)
1197 1435 1204 1454 :
1218 1427 1269 1454 hoc
1281 1431 1309 1454 et
1321 1427 1458 1460 apostolus
1474 1426 1571 1462 passim
1581 1426 1702 1461 exposcit
1714 1435 1720 1453 :
1735 1426 1787 1454 hoc

996 1480 1046 1500 nos
1058 1473 1120 1500 item
1135 1472 1271 1505 faciamus,
1288 1477 1367 1507 atquc
1379 1473 1449 1506 apud
1463 1480 1557 1500 omnes
1570 1472 1617 1500 Dei
1628 1472 1786 1500 beneﬁcium

996 1518 1182 1554 prmdicemus,
1201 1522 1231 1545 ut
1250 1525 1295 1545 eos
1318 1517 1477 1545 laudationis
1500 1518 1588 1545 socios
1607 1525 1786 1545 assumamus.

995 1565 1063 1593 Nam
1077 1565 1110 1596 si.
1126 1571 1187 1592 cum
1203 1564 1362 1591 beneﬁcium
1375 1563 1482 1598 aliquod
1497 1563 1530 1591 ab
1546 1563 1698 1591 hominibus
1711 1570 1789 1591 acce-

997 1613 1084 1648 pimus
1093 1616 1173 1647 atque
1184 1611 1209 1639 id
1218 1611 1392 1643 celebramus,
1401 1611 1578 1646 promptiores
1584 1618 1631 1639 eos
1640 1611 1672 1638 ad
1682 1610 1749 1638 bene
1755 1610 1789 1638 de

998 1658 1076 1686 nobis
1089 1657 1247 1685 merendum
1262 1656 1399 1685 reddimus
1416 1665 1423 1683 :
1436 1657 1520 1684 multo
1533 1656 1628 1691 magis,
1644 1656 1690 1683 Dei
1705 1656 1788 1683 bene-

998 1704 1058 1733 ﬁcia
1073 1703 1261 1738 pratdicantes,
1273 1703 1306 1730 ad
1322 1702 1449 1737 majorem
1470 1701 1683 1729 benevolentiam
1702 1702 1789 1736 ipsum
1807 1720 1810 1724 η

1000 1749 1175 1777 attrahemus.
1190 1749 1221 1776 Et
1234 1749 1267 1781 si,
1283 1755 1344 1775 cum
1359 1748 1516 1775 beneﬁcium
1532 1747 1638 1781 aliquod
1654 1747 1687 1774 ab
1703 1746 1790 1773 homi-

1001 1796 1080 1822 nibus
1092 1793 1249 1829 consequuti
1265 1801 1358 1820 sumus
1368 1814 1376 1826 ,
1392 1793 1424 1820 ad
1440 1793 1539 1828 gratias
1552 1793 1692 1820 nobiscum
1707 1799 1790 1827 agen-

1001 1840 1049 1867 d.|S
1065 1840 1131 1866 alios
1143 1839 1223 1866 etiam
1236 1839 1394 1871 excitamus,
1410 1838 1496 1865 multo
1511 1838 1631 1872 proiecto
1646 1838 1729 1872 magis
1744 1845 1792 1864 uo-

1002 1885 1042 1912 bis
1061 1884 1207 1912 curandum
1228 1889 1279 1916 est,
1294 1887 1321 1910 ut
1335 1883 1443 1916 multos,
1464 1883 1508 1918 qui
1527 1883 1628 1917 gratias
1646 1890 1695 1916 pro
1717 1883 1792 1910 nobis

1002 1934 1091 1966 agant,
1112 1930 1146 1957 ad
1169 1930 1252 1957 Deum
1275 1929 1458 1956 adhibeamus.
1481 1929 1601 1964 Cumque
1622 1928 1730 1958 Paulus,
1746 1929 1790 1962 qui

1004 1981 1102 2004 tantam
1125 1975 1247 2003 ﬁduciam
1271 1975 1418 2006 obtinebat,
1435 1974 1485 2001 hoc
1510 1975 1597 2006 iaciat,
1614 1978 1687 2001 tanto
1709 1974 1792 2009 magis

1004 2022 1055 2049 hoc
1081 2029 1097 2048 a
1118 2021 1197 2048 nobis
1226 2020 1282 2047 ﬁeri
1312 2027 1422 2048 necesse
1450 2024 1501 2046 est.

1040 2067 1067 2094 5.
1082 2065 1214 2098 Quocirca
1230 2067 1338 2091 sanctos
1357 2063 1430 2089 viros
1453 2061 1534 2088 etiam
1551 2064 1633 2093 atque
1645 2058 1725 2085 etiam
1742 2058 1791 2084 ob-

1006 2119 1154 2142 secramus,
1171 2114 1200 2137 ut
1214 2116 1263 2144 pro
1284 2107 1364 2135 nobis
1379 2106 1481 2141 gratias
1497 2109 1595 2140 agant,
1610 2108 1693 2138 atque
1708 2104 1790 2130 etiam

1005 2160 1055 2194 ipsi
1072 2165 1121 2193 pro
1134 2157 1211 2183 nobis
1226 2156 1277 2182 hoc
1290 2154 1405 2181 invicem
1425 2151 1568 2178 faciamus.
1588 2149 1663 2176 lstud
1677 2155 1793 2183 praeser—

1006 2205 1054 2231 tim
1076 2203 1247 2231 sacerdotum
1267 2207 1367 2228 munus
1382 2203 1433 2231 est,
1449 2201 1540 2232 utpote
1555 2197 1654 2224 bonum
1670 2194 1794 2222 omnium

1007 2249 1278 2286 prtestantissimum.
1303 2246 1470 2274 Accodentcs
1494 2243 1583 2275 enim,
1611 2242 1728 2276 primum
1746 2246 1795 2274 pro

1008 2298 1052 2325 uni
1058 2303 1137 2325 verso
1146 2296 1213 2322 orbe
1220 2292 1465 2325 communibusque
1473 2287 1624 2317 commodis
1633 2286 1733 2322 gratias
1743 2283 1797 2320 agi-

1009 2351 1079 2371 mus.
1088 2342 1155 2370 Nam
1164 2341 1214 2369 etsi
1224 2337 1380 2367 communia
1388 2337 1433 2364 Dei
1442 2336 1572 2363 beneﬁcia
1582 2339 1655 2366 sunt,
1666 2338 1756 2360 tamen
1768 2335 1797 2359 tu

1007 2394 1113 2423 quoque
1133 2387 1160 2414 in
1183 2385 1317 2414 communi
1332 2385 1445 2412 salutem
1458 2391 1488 2411 es
1502 2386 1694 2417 consequutus.
1708 2381 1801 2417 itaque

1010 2439 1065 2462 tum
1072 2440 1120 2469 pro
1128 2434 1229 2468 privata
1237 2436 1280 2459 tua
1286 2437 1455 2459 communem
1462 2428 1605 2464 gratiarum
1612 2429 1743 2455 actionem
1755 2427 1799 2455 de-

1009 2480 1066 2512 bes,
1077 2484 1132 2506 tum
1142 2486 1190 2513 pro
1198 2477 1332 2505 communi
1342 2477 1472 2511 privatam
1484 2475 1537 2502 Deo
1548 2474 1653 2502 laudem
1664 2474 1711 2502 abs
1721 2478 1747 2501 te
1757 2473 1805 2501 of-~

1010 2525 1073 2553 ferri
1085 2532 1189 2559 arquum
1202 2523 1291 2551 fuerit.
1304 2522 1408 2550 Etenim
1419 2521 1502 2549 solem
1514 2528 1567 2548 non
1579 2520 1627 2548 tibi
1642 2520 1686 2548 uni
1701 2527 1802 2547 accen-

1009 2573 1057 2604 dit,
1066 2572 1113 2600 sed
1122 2572 1201 2599 etiam
1210 2570 1390 2598 communiter
1400 2568 1537 2600 omnibus;
1549 2572 1574 2594 et
1585 2571 1672 2594 tamen
1688 2566 1713 2594 in
1726 2571 1800 2601 parte

1010 2623 1095 2645 totttm
1110 2617 1192 2644 habes
1206 2625 1212 2644 :
1228 2623 1289 2643 nam
1303 2615 1338 2642 ob
1347 2621 1518 2642 communem
1529 2613 1647 2640 omnium
1661 2612 1800 2639 utilitatem

1012 2668 1083 2691 tanta
1095 2662 1276 2698 magnitudine
1285 2666 1391 2689 creatus
1404 2665 1461 2693 cst;
1476 2665 1502 2686 tu
1513 2664 1601 2686 tamen
1613 2659 1687 2686 solus
1699 2663 1800 2685 tantum

1011 2710 1096 2742 vides,
1113 2714 1240 2744 quantum
1259 2708 1375 2735 universi
1399 2706 1524 2734 mortales
1536 2705 1627 2733 videre
1641 2709 1748 2740 qtteaut.
1763 2703 1801 2730 Ex

1012 2763 1065 2789 qtto
1078 2754 1202 2786 efﬁcitur,
1218 2758 1247 2780 ut
1261 2758 1360 2780 tantam
1376 2752 1519 2785 gratiarum
1535 2753 1668 2778 actionem
1682 2749 1780 2776 debeas
1792 2768 1799 2782 τ

1012 2804 1137 2837 quautam
1151 2799 1286 2831 universi;
1308 2807 1339 2826 ac
1355 2802 1379 2826 tc
1395 2802 1422 2825 et
1438 2805 1486 2832 pro
1499 2796 1685 2824 communibus
1699 2794 1801 2821 bent-Il-

1013 2846 1061 2875 clis
1080 2845 1178 2882 gratias
1202 2853 1281 2881 agerc
1304 2853 1351 2880 par
1369 2849 1420 2877 cst,
1443 2847 1469 2871 ct
1491 2850 1537 2877 pro
1558 2841 1672 2868 aliorum
1693 2839 1800 2867 virtute.
