2021 3117
232 137 285 165 599

232 206 321 234 Multis
348 207 420 234 enim
447 206 527 234 ctiatn
549 208 657 239 propter
681 204 748 232 alios
772 204 910 232 beneﬁciis
934 204 1020 232 afﬁci-

232 259 303 279 mur.
325 252 430 279 Etenim
444 251 466 279 si
481 250 522 277 vel
542 250 633 277 decem
649 249 698 277 soli
712 249 776 284 justi
794 249 843 276 viri
858 250 884 276 in
899 249 1022 278 Sodomis

234 299 334 326 inventi
350 298 470 329 fuissent,
486 305 538 324 non
554 296 579 323 in
594 303 641 324 eas
652 316 659 329 ,
675 302 741 330 quas
756 296 932 330 pertulerunt,
949 296 1022 324 cala-

235 345 340 372 mitates
353 344 519 371 incidissem.
535 341 712 376 Quamobrem
727 349 776 376 pro
789 341 901 369 aliorum
916 349 1023 376 quoque

233 390 302 425 apml
324 389 409 417 Deutn
432 389 553 416 libertate
567 395 599 415 ac
614 387 708 414 liducia
729 387 827 422 gratias
842 394 950 422 agamus
967 396 972 413 :
988 388 1023 414 si-

232 436 338 470 quidem
360 435 445 469 prisca
466 434 509 461 lex
532 434 589 461 haec
612 437 663 466 cst,
677 438 756 468 atque
769 433 915 468 antiquitus
930 433 955 460 itt
973 433 1023 461 Ec-

235 480 315 507 clesia
329 480 459 507 instituta.
473 479 518 506 Sic
532 478 630 506 Paulus
646 485 693 513 pro
707 478 849 510 Romanis,
865 486 913 513 pro
925 478 1022 505 Corin-

233 524 296 552 thiis
306 545 314 557 ,
336 532 385 559 pro
405 525 528 551 universo
543 524 608 551 orbe
620 523 720 558 gratias
734 524 797 559 agit.
812 523 867 551 Nec
878 531 942 551 vero
959 524 1022 551 illttd

232 569 298 596 mihi
310 569 408 597 dixeris
421 578 428 597 :
444 569 499 597 Hoc
515 569 671 604 prmclarum
687 569 788 596 facinus
800 577 888 596 meum
903 577 955 596 tton
970 574 1021 596 est.

233 615 358 649 Quamvis
372 616 444 644 enim
460 621 534 643 tuum
548 623 600 642 non
616 616 667 648 sit,
684 615 723 642 sic
738 623 844 650 quoqtte
859 620 947 642 tanton
961 623 1022 649 gra-

245 663 283 689 ias
297 669 376 697 agere
388 662 479 695 debes,
492 663 562 698 quod
578 662 728 690 membrum
742 668 815 689 tuum
828 663 879 690 tale
892 663 936 690 sit.
950 663 1023 689 Alio-

232 707 296 741 quin
311 707 390 734 etiam
406 712 482 735 tuum
497 707 560 735 illud
575 707 638 734 facis
650 728 656 740 ,
673 715 733 735 cum
750 708 842 735 laudas
856 714 882 735 et
903 709 928 734 in
946 716 1022 735 coro-

231 761 328 780 narum
354 758 456 788 partem
484 754 542 788 ipse
568 754 647 781 etiam
673 754 768 787 venis,
795 759 874 789 alque
900 754 1022 782 eamdem

231 800 344 834 gratiam
361 799 502 834 percipies.

268 844 360 872 Preces
373 853 418 879 pro
431 845 621 872 catechumenis.
635 860 669 865 —
681 845 721 872 0b
735 853 793 872 eam
809 853 916 872 causam
929 845 1022 872 Ecele~

232 891 279 918 size
294 891 365 926 leges
375 891 408 918 ad
419 891 489 918 ltunc
501 891 607 919 tnodum
620 899 712 926 preces
723 891 779 919 ﬁeri
790 891 882 926 jubcnt
896 901 901 917 :
915 899 966 918 non
978 899 1024 918 eas

231 937 370 964 dumtaxat
391 945 450 972 qua:
471 945 520 973 pro
539 938 671 969 ﬁdelilnts,
688 937 734 965 sed
749 945 794 965 eas
808 938 888 965 etiam
900 946 958 973 qua:
975 946 1023 972 pro

230 984 429 1011 cateclnttnenis
449 984 611 1011 adhibentur
625 993 631 1011 :
645 984 775 1018 siquidem
802 985 842 1011 lex
865 984 897 1011 ad
921 985 1023 1019 suppli-

230 1029 344 1056 candum
368 1036 416 1063 pro
437 1030 488 1062 Itis,
512 1030 556 1064 qui
581 1029 698 1056 nondum
725 1030 819 1057 initiati
841 1035 912 1062 sunt,
930 1030 1022 1057 ﬁdeles

230 1075 337 1102 excitat.
352 1074 418 1102 Nam
434 1082 493 1102 cum
508 1075 637 1102 diaconus
650 1075 698 1108 ait,
712 1075 765 1102 Pro
778 1075 965 1102 catechumenis
980 1075 1021 1101 in-

230 1126 296 1148 lente
312 1118 421 1154 Ofonius,
442 1121 506 1148 nihil
529 1122 599 1148 aliud
623 1122 695 1154 facit,
719 1129 797 1157 quam
820 1127 848 1149 ιιι
870 1123 1021 1149 universam

231 1166 349 1194 ﬁdelium
365 1167 561 1194 multitudinem
582 1167 614 1194 ad
636 1174 730 1202 preces
748 1175 796 1202 pro
815 1167 866 1195 illis
886 1167 1023 1195 obeundas

230 1213 338 1240 excitet.
356 1213 435 1247 Atqui
451 1213 531 1240 alieni
546 1213 634 1240 adhuc
650 1217 710 1240 sunt
728 1212 912 1240 catecltumeni
931 1222 937 1240 :
953 1221 1022 1240 non-

230 1259 294 1287 dum
307 1259 377 1287 enim
394 1259 500 1293 corpori
520 1259 618 1286 Christi
638 1259 709 1287 insiti
729 1264 802 1292 sunt,
819 1267 867 1286 nec
882 1259 1024 1295 mysterio-

231 1313 289 1332 rum
305 1305 448 1340 participes
461 1305 558 1337 ell'ecti,
569 1313 659 1332 verum
671 1313 685 1331 a
698 1305 827 1339 spirituali
842 1312 922 1339 grege
935 1304 1023 1332 adhuc

230 1350 318 1377 divisi.
331 1350 408 1383 Quod
422 1350 443 1377 si
459 1357 522 1385 ergo
537 1358 586 1385 pro
599 1350 641 1377 ltis
655 1350 784 1377 orandum
797 1355 848 1383 est,
863 1350 947 1377 multo
959 1357 1023 1377 sane

230 1397 315 1431 ntagis
331 1404 380 1431 pro
393 1397 492 1424 ucstris
506 1396 644 1423 membris.
660 1395 700 1423 0b
716 1396 794 1432 idque
809 1397 890 1423 etiam
905 1396 960 1428 ait,
979 1395 1022 1423 1η-

230 1447 296 1469 lente
310 1450 421 1475 oremus,
435 1449 468 1469 ne
482 1441 607 1469 videlicet
621 1450 666 1469 eos
682 1445 815 1477 tamquam
829 1442 932 1469 alienos
946 1441 1024 1470 abdi—

229 1495 276 1514 ces
286 1495 316 1515 ac
331 1487 446 1521 rejicias.
461 1496 494 1515 ne
506 1492 638 1522 tamquam
651 1488 807 1522 peregrinos
818 1495 869 1514 non
881 1494 1021 1522 agnoscas.

231 1534 353 1560 Nondum
369 1535 441 1561 cnitn
463 1534 519 1568 lege
539 1534 684 1566 sancitum,
699 1539 778 1567 atque
795 1541 808 1560 a
824 1534 931 1562 Christo
948 1534 1022 1561 inve-

230 1585 299 1608 clam
319 1580 500 1615 precationem
521 1579 637 1613 habent;
661 1579 779 1607 nondum
799 1580 908 1607 liberius
928 1580 1021 1607 orandi

230 1629 389 1660 potestatem
412 1625 482 1652 nacti
505 1629 579 1656 sunt,
603 1624 651 1652 sed
674 1625 798 1659 aliorum,
818 1626 863 1660 qui
888 1626 1023 1661 mysteriis

230 1672 326 1699 initiati
340 1672 404 1704 sint,
416 1679 468 1706 ope
482 1671 611 1706 indigent.
626 1671 733 1698 Etenim
746 1676 822 1699 extra
834 1672 966 1700 vestibula
980 1681 1022 1700 re-

229 1718 271 1753 gia
287 1722 368 1750 stant,
384 1718 515 1753 longeque
535 1726 549 1745 a
571 1718 654 1745 sacris
675 1718 821 1746 cancellis:
836 1726 920 1754 eaque
941 1719 1021 1746 etiam

229 1763 264 1791 de
283 1771 374 1796 causa,
390 1772 450 1791 cum
473 1764 619 1791 tremendre
641 1771 735 1799 preces
756 1764 831 1797 ﬁunt,
853 1765 1019 1800 ablegantur.

229 1809 288 1842 Quo
303 1810 342 1840 ﬁt.
358 1814 386 1836 ut
400 1814 426 1837 te
438 1817 543 1845 quoque
558 1809 680 1837 hortetur
691 1831 698 1841 ,
715 1814 743 1836 ut
756 1818 803 1845 pro
818 1811 870 1838 illis
884 1818 956 1843 ores,
968 1820 1021 1845 quo

229 1855 348 1882 membra
361 1860 405 1882 tua
418 1856 492 1888 ﬁant,
505 1863 555 1883 nec
565 1855 621 1890 jam
633 1856 765 1890 peregrini
777 1861 856 1891 atquc
866 1857 945 1884 alieni
957 1857 1019 1884 sint.

230 1901 296 1929 Illud
308 1903 379 1929 enim
390 1923 397 1934 ,
415 1901 536 1936 Oremus,
553 1910 606 1929 non
621 1903 653 1929 ad
668 1902 821 1930 sacerdotes
838 1907 939 1930 tantum
950 1924 958 1936 ,
973 1903 1020 1930 scd

228 1948 308 1975 etiam
319 1947 351 1975 ad
364 1948 490 1983 populum
501 1952 612 1983 spectat.
625 1947 689 1975 Nam
701 1955 760 1975 cum
773 1949 817 1982 ait,
830 1948 906 1975 Recte
916 1954 1019 1983 stemus,

228 2002 338 2026 oremus,
352 2002 446 2022 omnes
462 1994 494 2022 ad
510 1989 675 2029 precandum
689 1994 829 2027 hortatur;
846 2002 876 2022 ac
890 2000 944 2022 lllm
961 2003 1022 2030 pre-

228 2041 359 2068 cationcm
375 2040 526 2075 auspicans,
539 2041 586 2070 ait.
600 2039 633 2067 Ut
647 2040 893 2068 ntiscricordissimus
905 2049 935 2067 ac
948 2041 1022 2068 mise-

228 2091 298 2112 rator
314 2086 380 2113 Deus
393 2087 519 2113 orationes
533 2094 619 2113 eorum
631 2087 760 2114 exaudiat.
775 2087 878 2114 Etenim
892 2095 925 2114 ne
935 2087 1018 2120 dicas,

228 2132 296 2166 Quid
308 2133 428 2167 estquod
439 2133 564 2159 oremus?
578 2132 656 2159 alieni
668 2137 739 2164 Sunt,
753 2133 869 2160 nondum
882 2133 1019 2161 nobiscutn

229 2178 364 2213 conjuncti
388 2187 393 2204 :
418 2178 488 2205 ttnde
511 2178 593 2204 Deum
615 2185 774 2212 permovere
798 2179 926 2212 possum?
950 2179 1020 2207 unde

229 2232 290 2251 cum
303 2223 447 2256 adducere,
463 2229 490 2250 ut
512 2223 721 2250 misericordiam
737 2231 767 2251 ac
781 2225 886 2252 veniant
901 2225 953 2253 illis
969 2226 1018 2252 im.

231 2269 347 2303 pertint?
362 2277 404 2300 ne.
420 2270 538 2303 inqttam,
551 2269 608 2296 lucc
623 2276 745 2304 qmcrens
758 2269 869 2302 hatreas.
882 2271 941 2298 vide
953 2279 1021 2306 quo-

229 2315 309 2343 modo
334 2314 375 2341 his
397 2314 484 2342 verbis
504 2314 694 2342 dubitationem
720 2319 790 2342 tuatn
811 2315 936 2343 discutiat
958 2325 965 2344 :
986 2316 1020 2343 Ut

230 2361 476 2388 misericordissima:
490 2369 520 2388 ac
535 2361 666 2388 miseralor
682 2361 759 2390 Deus.
775 2362 878 2389 Audisti
891 2383 898 2394 ,
917 2362 1020 2390 Miseri—

228 2408 403 2436 cordissimus
419 2408 506 2436 Deus?
519 2408 648 2444 Perplexa
657 2409 712 2444 jam
725 2410 815 2437 animo
828 2417 888 2438 esse
903 2410 996 2437 desine
1011 2418 1017 2436 :

230 2454 496 2482 ntisericordissimus
511 2455 582 2482 enim
598 2455 659 2488 ille,
675 2456 792 2483 omnium
804 2477 811 2489 ,
826 2456 876 2483 ltoc
892 2461 932 2484 est
945 2478 951 2488 ,
965 2461 1018 2482 tam

230 2506 398 2538 peccatorum
414 2509 492 2537 quam
506 2502 663 2536 amicorum,
675 2502 827 2530 miseretur.
842 2502 972 2536 Quocirca
985 2510 1020 2530 ne

227 2548 348 2582 dixeris,
364 2547 485 2582 Quonam
505 2547 584 2575 modo
607 2556 699 2576 eorttm
717 2556 797 2576 causa
819 2549 902 2576 Deum
921 2549 1019 2576 adibo?

228 2595 286 2630 ipse
301 2595 372 2622 enim
385 2602 477 2622 eorum
492 2602 583 2629 preces
598 2595 731 2622 exaudiet.
743 2595 869 2630 Quaenam
880 2602 958 2630 porro
968 2596 1018 2623 alia

227 2640 481 2668 catecltumeuorum
490 2641 606 2675 precatio
620 2641 709 2673 fuerit,
718 2649 796 2676 quam
808 2646 836 2668 ut
851 2650 884 2669 ne
894 2641 1019 2669 catechu-

227 2687 299 2714 tneni
320 2688 463 2714 maneant?
482 2687 541 2714 Mox
564 2688 765 2723 supplicationis
785 2696 891 2723 quoque
911 2688 1019 2715 modutn

225 2733 319 2761 dictat.
343 2732 468 2766 Quisnam
483 2738 572 2761 autem
586 2734 629 2761 ille
643 2734 704 2761 est?
730 2733 764 2761 Ut
778 2734 892 2761 cordittm
904 2734 1019 2770 ipsorum

226 2786 302 2806 eum
314 2779 421 2814 aperiat.
437 2779 556 2807 Occlusm
571 2779 642 2807 enim
657 2784 684 2807 et
698 2780 828 2808 obturatas
843 2779 930 2807 adhuc
944 2784 1017 2808 sunt.

228 2826 315 2852 Aures
331 2833 410 2860 porro
425 2833 478 2853 non
493 2830 617 2853 externas
633 2825 728 2857 hasce.
745 2825 791 2853 scd
806 2827 903 2853 utentis
917 2826 1018 2853 intelli-

226 2870 273 2906 git.
293 2870 328 2899 Ut
339 2872 443 2899 audiant
456 2879 511 2907 qua:
527 2871 612 2899 oculus
625 2880 674 2899 non
690 2872 813 2906 vidit,nec
829 2873 897 2899 auris
910 2872 1016 2906 audivit,

643 135 670 163 S.
690 134 828 162 JOANNIS
839 131 1075 162 CllﬂYSOSTOMI
1095 133 1252 162 AllClllEP.
1273 133 1539 163 CONSTANTINOP.

1816 139 1872 168 £00

1076 202 1120 222 nec
1139 194 1166 221 in
1185 202 1228 221 cor
1247 194 1356 221 hominis
1375 194 1554 221 ascenderunt.
1574 194 1666 230 Neque
1679 195 1751 223 enim
1769 203 1871 224 arcana

1075 241 1201 276 mysteria
1211 241 1362 274 audierunt,
1372 241 1419 268 sed
1432 241 1521 275 procul
1531 245 1557 268 et
1567 241 1673 269 eminus
1681 247 1761 270 stant.
1778 245 1869 278 Atque

1075 288 1155 315 etiam
1167 288 1188 314 si
1201 287 1320 320 audiant,
1331 287 1401 314 haud
1412 291 1500 315 tamen
1512 287 1575 322 quid
1586 288 1690 315 dicatur
1701 289 1867 324 intelligunt:

1075 335 1206 370 siquidem
1226 343 1257 363 ea
1278 336 1412 370 ingentem
1435 336 1606 371 sagacitatem
1622 342 1649 364 et
1664 337 1866 373 intelligentiam

1076 383 1223 418 requirunt,
1238 390 1291 410 non
1312 387 1401 410 autem
1424 387 1454 410 ut
1476 383 1618 411 dumtaxat
1640 384 1800 416 audiantur;
1816 384 1866 418 ipsi

1075 437 1138 457 vero
1151 430 1270 457 internas
1281 437 1359 457 aures
1371 430 1489 457 nondum
1502 435 1674 464 acceperunt.
1696 430 1772 459 Unde
1786 431 1868 457 etiarn

1076 474 1222 510 prophetia:
1244 476 1357 510 gratiam
1382 476 1446 510 ipsis
1468 480 1544 510 optat
1559 485 1567 504 :
1581 476 1713 511 siquidem
1735 476 1868 511 propheta

1074 521 1107 547 ad
1123 520 1194 548 hunc
1208 521 1315 548 modum
1330 521 1489 556 loquebatur
1504 529 1512 548 :
1527 521 1650 549 Dominus
1669 522 1712 549 dat
1731 522 1794 549 mihi
1815 522 1868 548 lin-

1074 575 1150 602 guam
1160 567 1297 599 eruditam,
1312 572 1341 594 ut
1355 568 1433 594 sciam
1448 568 1550 603 quando
1564 572 1677 604 oporteat
1688 569 1801 603 proferre
1813 575 1870 595 scr-

1075 622 1172 641 monem
1189 615 1327 649 :qttom'am
1338 614 1393 649 ipse
1402 614 1483 648 aperit
1495 622 1524 641 os
1538 622 1631 646 meum,
1640 615 1723 649 posuit
1733 622 1772 641 me
1781 622 1867 647 nunc,

1074 661 1191 694 apposuit
1204 660 1265 686 nti/ti
1276 668 1363 687 aurem
1375 659 1515 687 audientem
1530 659 1607 695 (lsai.
1620 660 1664 687 50.
1673 660 1700 687 4.
1715 659 1754 694 5).
1767 660 1869 692 Quem-

1074 706 1216 733 admodum
1228 706 1298 734 enim
1313 706 1452 741 propheta:
1466 707 1518 734 alio
1532 706 1611 733 modo
1625 714 1656 733 ac
1669 706 1764 741 reliqui
1778 706 1869 733 homi-

1075 760 1123 780 nes
1146 752 1362 780 audiebantzsic
1384 753 1470 780 ﬁdelis
1492 760 1597 788 quoque
1616 753 1669 780 alio
1689 752 1768 780 modo
1786 759 1867 787 quam

1074 797 1269 825 catechumeni.
1294 798 1381 833 Atque
1397 797 1459 826 hinc
1473 798 1553 825 etiam
1570 798 1682 826 docetur
1696 798 1868 825 catechume-

1075 852 1136 877 nus,
1153 851 1182 872 se
1195 844 1229 871 ab
1244 844 1397 872 hominibus
1410 844 1467 872 haec
1478 852 1531 871 tton
1543 844 1657 877 discere,
1674 852 1760 880 neque
1773 844 1868 872 audire

1075 889 1175 923 (Nolite
1187 890 1258 917 enim
1270 911 1278 922 ,
1294 890 1396 925 inquit,
1410 892 1498 918 vocare
1511 891 1579 918 vobis
1594 891 1742 926 magistrum
1758 891 1785 918 in
1799 895 1868 918 terra

1075 934 1180 970 [Matt/1.
1195 935 1239 963 25.
1253 935 1311 970 8|),
1327 936 1375 963 sed
1392 936 1542 963 snblitni‘ttts
1557 942 1637 970 atque
1649 944 1664 964 e
1677 937 1750 963 caelis
1763 945 1769 964 :
1783 935 1866 963 Erunt

1074 982 1145 1008 cnim
1160 990 1256 1014 omnes,
1270 982 1355 1016 inquit
1369 981 1518 1017 Scriptura,
1532 982 1650 1009 docibiles
1664 981 1713 1009 Dei
1729 982 1804 1017 (lsai.
1819 982 1865 1010 56.

1075 1031 1130 1064 15).
1150 1031 1235 1065 Atque
1250 1030 1349 1057 idcirco
1362 1032 1407 1062 ait,
1425 1030 1457 1057 Et
1471 1030 1574 1057 instillat
1588 1030 1648 1065 ipsis
1660 1029 1760 1057 veritum
1773 1030 1866 1056 vetita—

1074 1079 1105 1104 tis
1119 1077 1177 1108 :,ita
1192 1082 1221 1104 nt
1236 1077 1340 1104 intente
1353 1077 1379 1104 in
1395 1077 1467 1112 ipsos
1481 1076 1642 1103 infundatur.
1653 1076 1771 1112 Necdum
1782 1076 1866 1109 enim,

1075 1128 1102 1149 ut
1114 1130 1162 1157 par
1175 1128 1225 1154 est,
1238 1122 1356 1150 veritatis
1370 1122 1480 1149 verbum
1493 1126 1599 1148 norunt.
1618 1121 1651 1149 Ut
1663 1121 1777 1148 timorem
1791 1130 1868 1148 suum

1074 1167 1100 1194 in
1124 1168 1186 1202 ipsis
1209 1168 1322 1194 seminet.
1346 1168 1380 1194 At
1401 1167 1452 1195 hoc
1474 1167 1583 1194 minime
1603 1167 1781 1194 sul‘ﬁcitzalia
1794 1167 1866 1194 enim

1074 1214 1229 1241 ceciderunt
1241 1221 1319 1241 secus
1334 1214 1413 1246 viam,
1429 1214 1479 1241 alia
1495 1221 1576 1248 super
1589 1218 1688 1248 petras.

1111 1261 1138 1288 6.
1153 1260 1252 1287 Verum
1268 1267 1318 1287 nos
1333 1268 1385 1287 non
1406 1260 1438 1287 ad
1461 1261 1532 1287 hunc
1553 1259 1659 1287 modum
1679 1260 1866 1295 postulamus;

1074 1306 1121 1334 sed
1137 1306 1207 1333 sicut
1221 1311 1338 1332 aratrum
1362 1306 1388 1332 in
1411 1306 1499 1341 pingui
1522 1311 1591 1333 terra
1612 1306 1700 1333 sulcos
1718 1306 1813 1340 aperit,
1827 1305 1869 1333 sic

1074 1353 1154 1380 etiam
1170 1352 1212 1380 ltic
1227 1357 1256 1379 ut
1272 1352 1317 1379 ﬁat
1332 1360 1487 1387 precamur,
1507 1360 1602 1387 nempe
1615 1356 1644 1379 ut
1661 1352 1686 1379 in
1701 1352 1798 1379 mentis
1812 1352 1867 1379 imo

1075 1398 1204 1431 innovati,
1216 1399 1317 1426 semina
1332 1398 1428 1433 ittjecla
1439 1398 1581 1432 excipiant,
1593 1406 1624 1425 ac
1635 1397 1760 1433 quidquid
1772 1397 1867 1426 audie-

1074 1444 1128 1471 rint
1145 1449 1269 1471 accurate
1287 1445 1431 1471 retineant.
1453 1443 1530 1472 Unde
1545 1445 1624 1471 etiam
1639 1445 1695 1471 lucc
1707 1444 1789 1472 verba
1800 1444 1866 1472 sub-

1075 1491 1158 1518 nectit
1169 1512 1176 1523 ,
1192 1491 1224 1517 Et
1239 1490 1369 1525 conﬁrmet
1380 1490 1457 1525 ﬁdem
1468 1499 1540 1517 suam
1553 1491 1579 1517 in
1591 1491 1682 1518 animis
1697 1499 1793 1518 eorum.
1809 1491 1867 1518 Hoc

1074 1541 1116 1564 est
1134 1541 1164 1563 ut
1183 1544 1216 1563 ne
1236 1537 1262 1563 in
1283 1537 1424 1571 superﬁcie
1438 1536 1535 1571 jaceat,
1550 1537 1596 1564 sed
1609 1536 1662 1563 alte
1677 1537 1781 1564 radices
1795 1543 1865 1573 agat.

1076 1581 1111 1610 Ut
1125 1582 1232 1618 jttstitiw
1248 1583 1404 1618 evangelium
1423 1582 1484 1617 ipsis
1504 1583 1604 1609 revelat.
1626 1582 1728 1617 Duplex
1743 1583 1866 1610 velamen

1074 1636 1134 1655 esse
1157 1628 1290 1661 ostendit;
1313 1629 1425 1656 alterum
1446 1628 1507 1664 quia
1531 1629 1628 1656 mentis
1652 1629 1770 1664 ipsorum
1794 1629 1864 1656 oculi

1074 1673 1157 1701 clausi
1172 1679 1243 1706 sunt,
1258 1673 1371 1701 alterum
1391 1674 1453 1708 quia
1472 1678 1594 1708 opertum
1619 1673 1671 1701 illis
1692 1678 1733 1701 est
1752 1682 1867 1709 evange-

1073 1719 1148 1746 lium.
1163 1720 1201 1746 Ac
1213 1718 1324 1752 proinde
1338 1719 1460 1754 superius
1474 1719 1581 1754 quidem
1592 1719 1707 1750 diccbat.
1722 1719 1755 1747 Ut
1766 1719 1865 1754 aperiat

1074 1775 1147 1792 aures
1162 1766 1244 1792 cordis
1258 1766 1386 1801 ipsorum;
1402 1765 1444 1793 Itic
1463 1771 1566 1798 autem,
1585 1765 1619 1793 Ut
1634 1766 1743 1801 justilicc
1760 1774 1866 1801 cvange-

1074 1812 1135 1839 limn
1146 1812 1206 1846 ipsis
1221 1812 1337 1846 detegat;
1351 1812 1401 1839 ltoc
1414 1816 1464 1844 est,
1477 1816 1505 1838 ut
1516 1812 1652 1847 sapientes
1661 1819 1709 1840 eos
1719 1817 1745 1839 et
1755 1812 1788 1839 ad
1800 1812 1865 1840 illud

1076 1857 1259 1891 excipiendum
1283 1857 1393 1884 idoneos
1408 1857 1516 1891 reddat,
1532 1862 1611 1892 atque
1628 1862 1655 1884 ut
1669 1857 1765 1885 doceat
1778 1865 1810 1885 ac
1822 1866 1864 1885 se-

1074 1905 1144 1932 mina
1155 1904 1246 1939 jacial.
1260 1904 1325 1931 Nam
1337 1904 1396 1932 sive
1411 1904 1498 1932 idonei
1511 1904 1574 1936 sint,
1586 1904 1651 1931 nihil
1664 1909 1751 1932 tamen
1763 1904 1789 1931 id
1800 1904 1864 1938 ipsis

1073 1950 1245 1978 emolumenti
1260 1950 1396 1983 attulerit,
1417 1950 1467 1976 nisi
1485 1950 1552 1977 Deus
1563 1949 1694 1977 detexerit
1706 1958 1712 1976 :
1725 1950 1781 1977 sive
1794 1950 1864 1978 Deus

1073 1996 1189 2031 detegat,
1206 1997 1254 2031 ipsi
1269 2001 1357 2024 autem
1369 1996 1527 2032 repudient,
1547 1997 1573 2024 in
1589 1996 1658 2024 idem
1673 2005 1766 2025 rursus
1779 1998 1862 2025 detri-

1073 2047 1191 2070 mentum
1208 2042 1389 2077 prolabcnlur.
1412 2042 1466 2070 Hac
1484 2042 1517 2070 de
1537 2050 1617 2071 causa
1633 2048 1773 2078 utrumque
1795 2044 1860 2078 peti-

1073 2097 1143 2122 nttts,
1158 2097 1255 2122 nempe
1268 2095 1298 2116 ιιι
1308 2093 1336 2116 et
1348 2089 1429 2116 corda
1441 2089 1553 2124 aperiat,
1566 2093 1594 2116 et
1606 2089 1775 2124 evangelium
1792 2095 1864 2124 pate-

1073 2135 1161 2163 faeiat.
1178 2135 1267 2170 Neqtte
1282 2135 1353 2162 enim
1365 2135 1386 2162 si
1401 2135 1503 2170 regium
1517 2134 1737 2169 paludamentutn
1748 2135 1864 2170 superje-

1072 2185 1116 2208 cto
1139 2181 1198 2208 velo
1222 2185 1319 2208 tectum
1340 2180 1447 2215 jaceat,
1471 2181 1612 2215 quicquam
1633 2179 1685 2207 hoc
1704 2180 1863 2207 intuentium

1072 2227 1157 2254 oculis
1168 2226 1297 2261 profuerit
1309 2234 1315 2252 :
1327 2225 1550 2261 quemadmodutn
1565 2233 1670 2252 rursum
1682 2225 1719 2252 nil
1730 2225 1864 2252 detectum

1073 2273 1138 2300 illud
1162 2280 1222 2300 esse
1241 2272 1359 2307 juverit,
1382 2272 1405 2299 si
1428 2272 1498 2299 oculi
1518 2272 1627 2299 minime
1643 2271 1762 2306 vigilent.
1778 2271 1864 2298 Ambo

1073 2327 1153 2353 porro
1167 2319 1215 2346 ista
1227 2319 1392 2353 contingent,
1407 2318 1428 2345 si
1443 2317 1481 2345 illi
1494 2317 1568 2352 prius
1579 2317 1722 2344 voluerint.
1732 2316 1864 2350 Quidnam

1072 2369 1160 2392 autem
1175 2369 1226 2397 est.
1240 2365 1352 2392 Iustitia:
1361 2365 1537 2400 evangelium?
1549 2364 1681 2391 Nimirum
1694 2363 1766 2399 qttod
1778 2363 1865 2398 justos

1072 2411 1164 2439 efﬁcit.
1187 2411 1234 2438 His
1253 2411 1323 2438 enim
1340 2410 1428 2438 verbis
1442 2411 1565 2445 baptismi
1579 2410 1741 2438 desiderium
1757 2410 1785 2437 itt
1801 2410 1865 2445 ipsis

1071 2459 1134 2490 ciet,
1147 2458 1209 2486 dum
1223 2457 1286 2484 illud
1298 2457 1426 2490 ostendit,
1435 2457 1601 2491 evangelium
1616 2463 1669 2483 non
1684 2461 1787 2483 tantum
1803 2463 1865 2490 pec-

1072 2509 1130 2531 cata
1146 2503 1294 2535 remittere,
1305 2502 1351 2530 sed
1360 2502 1489 2537 justitiam
1502 2502 1582 2530 etiam
1593 2501 1700 2529 all'erre.
1717 2501 1751 2528 Ut
1761 2502 1803 2529 det
1814 2501 1864 2528 illis

1072 2554 1179 2575 tuentem
1189 2548 1310 2581 divinant,
1320 2552 1415 2574 castam
1424 2547 1611 2583 cogitationem,
1620 2547 1697 2574 vitam
1707 2555 1764 2574 cum
1775 2547 1865 2574 virtqu

1071 2595 1241 2630 conjunctam.
1257 2594 1373 2621 Audiant
1386 2593 1443 2621 ha-c
1455 2593 1558 2625 ﬁdeles,
1570 2593 1614 2628 qui
1626 2593 1687 2620 vita.
1699 2593 1810 2627 hujusce
1821 2600 1865 2619 ne-

1071 2641 1150 2676 gotiis
1161 2640 1235 2668 afﬁxi
1246 2644 1317 2667 sunt.
1330 2639 1395 2667 Nam
1409 2640 1432 2667 si
1445 2640 1487 2672 iis,
1501 2639 1548 2674 qui
1559 2639 1670 2666 minime
1681 2638 1777 2665 initiati
1790 2643 1862 2669 sunt.

1073 2687 1130 2714 hate
1146 2687 1281 2722 postulare
1294 2686 1420 2721 juhemur
1430 2707 1437 2720 ,
1453 2685 1651 2713 animadvertas
1665 2684 1756 2718 velim,
1772 2685 1863 2720 quales

1071 2734 1196 2768 nosipsos
1210 2740 1271 2761 esse
1283 2736 1406 2767 Oporteat
1418 2731 1463 2767 qui
1477 2731 1535 2759 haec
1549 2731 1609 2758 aliis
1624 2730 1790 2765 postulamus
1806 2738 1812 2756 :
1828 2730 1861 2757 si-

1071 2778 1179 2814 quidem
1194 2779 1220 2806 id
1231 2778 1364 2813 agendum
1377 2782 1435 2810 est,
1450 2782 1478 2804 ut
1492 2777 1546 2804 vita
1560 2780 1652 2804 nostra
1666 2776 1808 2812 evangelio
1822 2783 1860 2803 re-

1071 2824 1210 2860 spondeat.
1228 2824 1287 2858 Quo
1299 2825 1379 2852 etiatn
1395 2824 1432 2856 ﬁt,
1448 2828 1477 2850 ut
1490 2822 1650 2858 precationis
1662 2822 1705 2849 lex
1716 2830 1730 2848 a
1743 2822 1862 2849 doctrina

1073 2871 1106 2898 ad
1121 2872 1201 2899 vitam
1218 2876 1343 2900 transeat.
1365 2870 1508 2905 Postquam
1523 2868 1594 2897 enim
1613 2867 1698 2906 dixit,
1716 2866 1749 2894 Ut
1763 2868 1863 2901 iustitia:
