1986 3128
215 125 284 153 ἰίοί

232 183 398 219 κελευόμεθα
406 183 493 210 ταῦτα
501 184 597 215 αἰτεῖν,
609 183 734 218 ἐννόησον
745 184 774 209 ἐν
783 183 854 210 τίσιν
864 183 938 218 ἡμᾶς
950 180 1019 209 εἶναι

234 230 298 265 χρὴ,
310 229 374 260 τοὺς
387 230 472 255 ταῦτα
487 229 590 264 ἑτέροις
602 228 755 260 αἰτοῦνταςο
770 228 818 255 καὶ
832 228 887 264 γὰρ
901 229 1018 263 ἐφάμιλ-

231 275 277 301 λον
300 275 341 301 δεῖ
356 274 394 309 τῷ
413 274 571 310 Εὑαγγελίῳ
592 274 641 309 τὴν
664 274 801 301 πολιτείαν
825 274 907 309 ἔχειν.
927 273 972 300 Διὸ
988 270 1053 308 δὴ””

234 319 342 353 καὶτῆς
361 319 444 354 εὐχῆς
465 319 479 344 6
501 319 582 354 νόμος
601 319 654 345 ἀπὸ
674 318 729 345 τῶν
741 318 883 353 δογμάτων
901 319 946 344 ἐπὶ
969 318 1019 354 τὴν

234 364 372 391 πολιτείαν
389 364 555 400 μεταϐαίνει.
572 364 665 392 Εἰπὼν
675 364 741 400 γὰρ,
759 365 826 392 Ἵνα
835 365 1018 399 ἀποκαλύψῃ

232 409 333 441 αὐτοῖς
346 409 378 436 τὸ
390 410 567 445 εὐαγγέλιον
581 409 636 444 τῆς
649 410 852 444 δικαιοσύνης,
867 410 1017 446 ἐπήγαγεν·

233 453 296 480 Ἵνα
310 453 351 487 δῷ
364 454 465 487 αὐτοῖς
485 454 560 481 νοῦν
573 453 688 481 ἔνθεον.
704 453 736 480 Τί
752 453 781 480 δέ
795 455 879 486 ἐστιν,
895 453 1000 480 ἔνθεον
1008 461 1018 484 ;

233 499 290 525 Ἴνα
311 500 325 525 ό
339 499 404 530 Θεὸς
418 500 480 534 οἰκῇ
503 500 532 525 ἐν
550 499 634 534 αὐτῷ’
659 499 821 532 Ἐνοικήσω
838 499 903 534 γὰρ,
925 499 1018 533 φησὶν,

233 545 268 571 ὲν
283 545 386 578 αὐτοῖς
403 545 453 572 καί
469 545 708 580 ἐμπεριπατήσω.
729 545 813 572 Ὅταν
829 544 883 580 γάρ
906 544 1020 580 γένηται

233 590 336 622 δίκαιος
359 591 373 616 6
400 590 462 622 νοῦς
473 610 479 621 ,
505 591 568 617 ὅταν
584 590 750 625 άποδύσηται
766 590 800 617 τὰ
814 590 1018 625 ἁμαρτήματα,

233 632 307 666 οἶκος
323 635 427 668 γίνεται
442 635 489 662 τοῦ
506 636 584 662 Θεοῦ·
603 637 667 663 ὅταν
680 637 708 663 δέ
721 637 735 663 6
751 636 818 668 Θεὸς
830 636 932 670 ἐνοικῇ,
943 635 1021 662 οὐδὲν

234 681 404 716 ἀνθρώπινον
421 682 498 709 ἐσται
512 682 614 710 λοιπόν.
631 683 687 709 Καὶ
701 682 771 709 οὕτω
783 683 888 716 γίνεται
899 681 993 713 ἔνθους
1006 681 1022 708 6

233 728 306 760 νοῦς,
325 727 432 755 ἅπαντα
448 728 634 763 φθεγγόμενος
655 728 778 760 ἐκεῖθεν,
800 727 894 763 ὥσπερ
910 725 956 754 οὖν
973 727 1021 754 καὶ

234 773 309 806 οἶκος
320 775 366 801 τοῦ
379 774 447 802 Θεοῦ
467 774 541 802 ἔνδον
554 775 702 807 οἰκοῦντος.
727 775 756 802 Ὃ
771 775 954 810 αἰσχρολογῶν
966 774 1021 810 ἄρα

235 820 285 846 οὐκ
299 820 356 855 ἔχει
369 820 459 846 ἔνθεον
476 819 549 853 νοῦν,
565 820 625 847 οὐδὲ
645 821 659 847 6
680 820 846 856 εὐτραπελίᾳ
861 821 908 847 καὶ
920 820 1020 854 γέλωτι

235 866 348 900 χαίρων.
368 865 510 900 Σώφρονα
523 865 680 900 λογισμόν.
697 866 752 892 Καὶ
768 865 794 891 τί
809 865 875 892 ποτέ
892 866 950 891 ἐστι
968 863 1021 890 σώ-

235 919 322 945 φρονα
335 910 464 946 λογισμὸν
480 910 569 946 ἐχειν;
586 910 622 936 T6
635 910 684 945 τὴν
699 910 793 944 ὑγείαν
811 909 958 945 κεκτῆσθαι
970 909 1020 944 τὴν

235 957 306 984 κατὰ
315 957 413 993 ψυχήψ
425 957 462 989 ὡς
472 957 486 983 6
497 965 528 991 γε
541 957 721 992 κατεχόμενος
732 956 865 992 ἐπιθυμίᾳ
874 955 1019 991 πονηρίας,

235 1003 281 1030 ναὶ
297 1002 366 1037 πρὸς
384 1003 418 1029 τὰ
435 996 562 1038 παρόντα
579 1002 747 1038 ἐπτοημένος
758 1022 765 1034 ,
786 1002 836 1029 οὐκ
852 1002 885 1028 ἂν
907 1001 950 1037 εἴη
969 1001 1021 1027 σώ-

234 1056 322 1084 φρων,
335 1048 484 1080 τουτέστιν,
504 1049 592 1083 ὑγιής.
605 1048 659 1074 Καὶ
672 1048 767 1083 ὥσπερ
781 1049 795 1074 ό
807 1047 893 1074 νοσῶν
907 1047 954 1074 καὶ
966 1046 1021 1074 τῶν

234 1094 265 1119 οὐ
292 1094 487 1128 προσηκόντων
513 1093 652 1129 ἐπιθυμεῖ,
680 1092 751 1120 οὕτω
776 1092 824 1119 καὶ
851 1089 939 1123 οὗτος.
964 1091 1021 1119 Καὶ

233 1137 383 1183 ἑνάρετονὶ
401 1138 568 1164 πολιτείαν.
597 1137 637 1163 Τὰ
662 1137 716 1172 γὰρ
739 1137 862 1172 δόγματα
884 1136 1019 1167 πολιτείας

235 1183 329 1218 χρείαν
346 1182 414 1218 ἔχει.
428 1183 574 1211 ’Δκούσατε
585 1184 697 1217 τούτων,
712 1184 736 1210 οἱ
751 1183 818 1219 1:96;
830 1183 869 1218 τῷ
882 1183 955 1210 τέλει
972 1182 1019 1209 τοῦ

236 1228 296 1264 βίου
315 1229 360 1255 ἐπὶ
376 1229 407 1256 1:6
424 1228 567 1265 βάπτισμα
585 1230 682 1261 ἰόντες.
711 1229 807 1265 Ἦμεῖς
829 1230 878 1264 μὲν
896 1229 951 1265 γὰρ
973 1229 1020 1256 εὺ·

235 1274 349 1309 χόμεθα,
368 1274 410 1301 ἵνα
427 1275 497 1310 μετὰ
510 1274 541 1301 τὺ
556 1275 698 1311 βάπτισμα
714 1275 760 1301 καὶ
773 1274 912 1302 πολιτείαν
925 1275 1018 1310 σχῆτε·

235 1321 269 1346 σὺ
284 1319 313 1346 δὲ
337 1320 463 1352 σπεύδεις
484 1320 532 1347 καὶ
554 1320 643 1348 πάντα
667 1322 765 1353 ποιεῖς,
787 1320 859 1347 ὥστε
882 1320 1020 1351 πολιτείας

233 1365 337 1401 ἔρημος
350 1366 487 1393 ἀπελθεῖν.
505 1366 538 1393 Τί
559 1366 625 1403 γὰρ,
649 1367 673 1393 εἰ
688 1368 734 1393 καὶ
751 1367 854 1398 δίκαιος
871 1366 944 1402 γίνῃ,
962 1366 1019 1393 ἀλλ’

233 1412 289 1438 ἀπὸ
304 1412 354 1447 τῆς
367 1412 484 1444 πίστεως
500 1413 602 1448 μόνης;
621 1413 716 1448 Ἡμεῖς
727 1413 757 1440 δὲ
775 1414 822 1439 καὶ
838 1412 888 1448 τὴν
903 1412 957 1439 ἀπὺ
966 1412 1020 1439 τῶν

234 1458 454 1493 κατορθωμάτων
467 1459 603 1494 εὐχόμεθα
617 1460 692 1494 σχεῖν
710 1459 878 1496 παρρησίαν.
891 1460 1020 1486 Διαπαν-

233 1503 285 1536 τός
303 1504 340 1531 τὰ
352 1504 446 1532 αὐτοῦ
466 1505 558 1537 νοεῖν,
572 1505 608 1532 τὰ
622 1505 716 1533 αὑτοῦ
731 1505 864 1539 φρονεῖν,
878 1505 913 1532 τὰ
926 1504 1020 1532 αὐτοῦ

231 1549 373 1584 μελετᾶν.
389 1550 519 1586 Σώφρονα
533 1551 587 1586 γὰρ
603 1551 732 1586 λογισμὸν
743 1551 791 1578 καὶ
803 1551 929 1586 ἐνάρετον
943 1550 1020 1577 πολι-

232 1595 308 1622 τείαν
328 1596 359 1622 οὐ
380 1596 445 1631 μίαν
462 1596 570 1632 ἡμέραν
592 1597 654 1624 οὐδὲ
672 1596 719 1623 δύο
738 1597 786 1624 καὶ
801 1598 875 1633 τρεῖς
890 1596 1020 1632 αἰτοῦμεν

235 1641 326 1676 μόνον,
343 1641 411 1668 ἀλλὰ
426 1641 471 1668 διὰ
484 1642 584 1674 παντὸς
604 1642 652 1669 τοῦ
668 1643 726 1678 βίου
743 1642 790 1670 καὶ
807 1643 856 1678 τῆς
874 1643 956 1677 ζωῆς,
973 1643 1020 1669 καὶ

233 1688 283 1721 τὴν
306 1687 434 1714 ὑπόθεσιν
455 1687 509 1714 τῶν
532 1688 643 1722 ἀγαθῶν
660 1689 798 1721 ἁπάντων,
824 1687 856 1715 τὸ
879 1687 914 1715 τὰ
937 1688 1018 1715 αὑτοῦ

233 1734 351 1767 φρονεῖν.
370 1735 403 1759 οι
418 1733 474 1767 γὰρ
489 1733 600 1760 πολλοὶ
619 1733 657 1761 τὰ
675 1733 792 1761 ἑαυτῶν
812 1733 963 1768 ζητοῦσιν,
984 1735 1020 1761 οὐ

232 1778 270 1805 τὰ
286 1779 383 1812 Ἰησοῦ
397 1779 535 1813 Χριστοῦ.
551 1779 613 1811 Πῶς
629 1778 676 1807 οὖν
692 1780 772 1806 τοῦτο
788 1779 821 1806 ἃν
836 1779 957 1814 γένοιτο;
981 1780 1020 1807 δεῖ

233 1825 288 1860 γὰρ
309 1824 378 1860 μετά
393 1824 443 1860 τῆς
463 1825 546 1860 εὐχῆς
562 1825 610 1852 καὶ
625 1825 659 1852 τὰ
675 1826 740 1861 παρ’
757 1826 862 1852 ἐαυτῶν
879 1826 1021 1860 συνεισφέ-

234 1878 301 1905 ρειν.
320 1870 383 1897 Ἐὰν
401 1872 431 1897 ἐν
445 1870 484 1906 τῷ
497 1871 572 1906 νόμῳ
591 1871 674 1898 αὑτοῦ
687 1870 897 1906 καταγινώμεθα
910 1871 1020 1907 ἡμέρας

233 1917 282 1943 καὶ
309 1916 416 1947 νυκτός·
440 1916 480 1943 διὸ
502 1917 549 1943 καὶ
575 1917 673 1951 ἐπάγει
685 1917 764 1944 τοῦτο
787 1917 872 1943 αἰτῶν
887 1925 894 1932 ·
917 1918 965 1944 Ἐν
980 1917 1020 1950 τῷ

233 1962 314 1996 νόμῳ
341 1962 436 1989 αὑτοῦ
462 1963 683 1997 καταγίνεσθαι.
710 1963 763 1988 Καὶ
786 1962 881 1998 ὥσπερ
898 1963 953 1990 ἄνω
978 1963 1018 1994 τὸ,

232 2008 408 2041 Διαπαντὸς,
437 2006 525 2039 εἶπεν,
553 2008 639 2040 οὕτως
663 2007 793 2041 ἐνταῦθα,
825 2008 945 2042 Ἡμέρας
970 2008 1019 2036 καὶ

231 2053 353 2085 νυκτός.
366 2052 412 2079 Διὸ
425 2052 474 2079 καὶ
486 2052 649 2088 αἰσχύνομαι
659 2053 703 2079 διὰ
715 2053 778 2084 τοὺς
788 2053 861 2085 ἅπαξ
870 2052 918 2079 τοῦ
932 2054 1020 2079 ἐνιαυ-

232 2097 279 2124 τοῦ
295 2097 371 2132 μόλις
385 2098 414 2124 ἐν
429 2097 562 2132 ἐκκλησίᾳ
576 2099 766 2132 φαινομένους.
783 2098 849 2124 Τίνα
861 2098 914 2133 γὰρ
932 2099 1019 2133 σχοῖεν

233 2142 382 2177 ἀπολογίαν
392 2143 416 2168 οί
427 2142 460 2168 δι’
474 2142 580 2176 ἡμέρας
591 2142 637 2168 καὶ
647 2143 743 2174 νυκτὸς
753 2143 802 2178 οὑχ
814 2143 907 2175 ἁπλῶς
915 2144 1019 2179 ὁμιλεῖν

232 2187 272 2222 τῷ
288 2189 373 2222 νόμῳ,
391 2187 460 2214 ἀλλὰ
476 2187 671 2220 καταγίνεσθαι
695 2188 880 2224 κελευόμενοι,
895 2189 1019 2217 τουτέστι

234 2232 473 2266 προσαδολεσχείν,
492 2232 540 2258 καὶ
562 2232 630 2267 μηδὲ
655 2232 685 2258 τὸ
708 2233 852 2260 πολλοστὸν
874 2235 956 2272 μέρος
970 2235 1020 2270 τῆς

232 2276 307 2312 ζωῆς
324 2277 404 2304 τοῦτο
419 2277 575 2309 ποιοῦντες,
598 2277 652 2304 τῶν
672 2278 787 2305 ἐντολῶν
810 2280 892 2306 αὑτοῦ
914 2289 1020 2318 μνημο-

233 2322 332 2354 νεύειν,
347 2323 381 2349 τὰ
393 2322 565 2359 δικαιώματα
580 2323 661 2350 αὑτοῦ
678 2324 842 2358 φυλάσσειν;

268 2368 301 2402 ζ’.
316 2367 392 2400 Εἶδες
405 2370 498 2405 σειρὰν
517 2370 642 2405 ἀρίστην,
665 2370 711 2397 καί
725 2371 784 2403 πῶς
797 2371 913 2400 ἐκαστον
931 2374 1020 2402 αὐτῶν

233 2414 280 2440 τοῦ
301 2414 376 2450 [438]
401 2415 515 2450 πλησίον
536 2415 638 2450 ἐχεται,
663 2416 754 2452 πάσης
775 2418 878 2453 χρυσῆς
900 2418 1021 2452 ἁλύσεως

233 2460 436 2496 ἀσφαλέστερόν
458 2470 487 2488 τε
506 2462 553 2488 καὶ
577 2462 798 2498 εὐπρεπέστερον
822 2465 1018 2500 συγκείμενονς

233 2505 354 2540 Αἰτήσας
365 2505 420 2541 γὰρ
431 2505 494 2533 νοῦν
505 2506 605 2540 ἔνθεον,
617 2507 691 2542 λέγει
705 2509 763 2540 πῶς
775 2509 808 2535 ἂν
820 2509 923 2544 γένοιτο
932 2507 1019 2544 οὗτος.

234 2551 297 2582 Πῶς
308 2552 331 2578 δ’
341 2551 376 2578 ἂν
389 2552 495 2586 γένοιτο
505 2561 512 2586 ;
531 2553 578 2580 Ἐκ
589 2554 637 2580 τοῦ
647 2555 792 2587 διαπαντὸς
803 2555 883 2583 αὐτὸν
895 2557 1018 2593 μελετᾷν.

235 2597 321 2624 τοῦτο
335 2597 365 2624 δὲ
380 2599 437 2631 πῶς
454 2597 487 2625 ἂν
505 2600 641 2636 συμϐαίη;
669 2601 716 2628 Ἐκ
732 2601 779 2628 τοῦ
794 2602 832 2637 τῷ
848 2602 922 2638 νόμῳ
937 2612 1021 2639 προσ-

235 2643 307 2678 έχειν
329 2643 472 2678 διηνεκῶς.
497 2645 560 2677 Πῶς
585 2645 607 2672 6'
626 2645 659 2673 ἂν
680 2647 857 2683 πεισθείησαν
880 2648 1020 2684 ἄνθρωποι

233 2689 332 2723 τοῦτο,
354 2691 386 2717 Εἰ
399 2691 448 2722 τὰς
462 2692 571 2724 ἐντολὰς
592 2692 675 2720 αὑτοῦ
688 2695 807 2729 τηροῖεν·
828 2696 927 2730 μᾶλλον
947 2697 975 2723 δὲ
989 2698 1021 2724 ἐκ

233 2734 282 2761 τοῦ
296 2734 336 2770 τῷ
354 2735 429 2771 νόμῳ
452 2737 611 2772 προσέχεω,
628 2737 676 2764 καὶ
690 2738 720 2764 τὸ
737 2739 785 2770 τὰς
805 2740 913 2772 ἐντολὰς
926 2744 1021 2777 τηρεῖν

235 2781 351 2812 γίνεταν
369 2782 464 2818 ὥσπερ
475 2780 522 2810 οὗν
538 2784 584 2810 καὶ
597 2785 629 2810 ἐκ
642 2784 689 2810 τοῦ
703 2784 736 2810 τὰ
751 2785 833 2811 αὑτοῦ
850 2789 957 2821 φρονεῖν
975 2788 1021 2814 καὶ

235 2826 325 2854 ἔνθεον
343 2828 415 2863 ἔχειν
440 2829 512 2864 νοῦν,
530 2829 560 2856 τὸ
582 2830 617 2857 τὰ
639 2829 722 2857 αὑτοῦ
743 2831 865 2867 μελετᾷν.
888 2833 1020 2861 ’Ἑκαστον

606 126 635 152 S.
653 124 798 152 JUARMS
816 123 1061 152 CIIRYSOSTOMI
1081 124 1245 154 ARCHIEP.
1270 126 1544 156 CONSTANTINOP.

1806 129 1859 156 ΗΒ

1074 185 1129 220 γὰρ
1150 185 1205 212 τῶν
1227 186 1381 222 εἰρημένων
1398 185 1445 213 καὶ
1464 185 1719 220 συγκατασκευάζιι
1741 186 1773 212 τὸ
1791 187 1858 221 πλη-

1074 231 1142 264 σίον,
1161 232 1208 259 καὶ
1225 232 1514 266 συγκατασκευάζεται
1539 233 1605 267 παρ’
1626 231 1728 265 αὑτοῦ,
1750 232 1860 267 συνέχον

1075 285 1103 304 τε
1126 278 1192 304 αὐτὸ
1206 278 1254 304 καὶ
1269 278 1448 313 συνεχόμενον
1462 279 1528 313 παρ’
1548 277 1643 304 αὑτοῦ.
1667 278 1729 304 Ἔτι
1745 277 1861 304 ἐκτενέο

1073 332 1182 358 στερον
1195 325 1270 358 ὑπὲρ
1283 324 1380 352 αὐτῶν
1397 324 1663 359 παρακαλέσωμεν.
1682 323 1791 360 Ἐπειδὴ
1805 323 1860 359 γὰρ

1073 370 1102 396 ἐν
1117 369 1157 405 τῷ
1176 369 1273 405 μακρῷ
1293 370 1364 405 λόγῳ
1379 370 1615 406 καταδαρθάνειν⁸
1631 369 1727 396 εἴωθεν
1743 370 1761 404 ἡ
1775 369 1861 404 ψυχὴ,

1073 415 1154 442 πάλιν
1174 415 1259 450 αὐτὴν
1274 415 1437 450 διανίστησι.
1458 415 1573 450 Μεγάλα
1588 415 1642 450 γὰρ
1660 415 1785 451 βούλεταί
1801 424 1862 442 τινα

1073 461 1182 496 αἰτῆσαι
1192 461 1273 488 πάλιν
1286 461 1332 488 καὶ
1343 461 1443 496 ὑψηλά·
1454 461 1494 488 διό
1505 470 1600 497 φησιν’
1612 462 1677 490 Ἔτι
1688 461 1863 488 ἐκτενέστε-

1068 514 1126 540 ρον
1151 505 1227 540 ὑπὲρ
1251 505 1351 533 αὐτῶν
1375 506 1643 542 παρακαλέσωμεν.
1665 506 1698 533 Τί
1724 506 1754 533 δὲ
1781 505 1862 533 τοῦτό

1073 553 1162 585 tactv;
1178 552 1241 579 Ἵνα
1250 552 1389 586 ἐξέληται
1403 552 1514 585 αὐτοὺς
1526 552 1585 579 ἀπὸ
1597 552 1712 586 παντὸς
1725 551 1862 586 πονηροῦ

1073 597 1123 625 καί
1142 597 1255 625 ἀτόπου
1271 598 1455 632 πράγματος.
1475 597 1608 624 Ἐνταῦθα
1621 597 1653 624 τὸ
1670 597 1707 633 μὴ
1730 596 1863 624 εἰσελθεῖν

1073 644 1114 675 εἰς
1130 643 1281 679 πειρασμὸν
1294 643 1341 670 καὶ
1356 643 1388 669 τὸ
1402 643 1494 678 πάσης
1507 642 1657 678 ἐπιϐουλῆς
1670 643 1863 677 ἀπαλλαγῆναι

1073 689 1203 724 αἰτοῦμεν
1220 689 1312 719 αὐτοῖς
1330 688 1494 723 σωματικῶν
1515 696 1544 715 τε
1559 686 1627 723 ὁμοῦ
1649 688 1697 714 καὶ
1710 696 1861 722 πνευματι-

1074 735 1130 762 κῶν
1144 735 1157 754 b
1168 743 1174 749 -
1188 734 1228 762 διὸ
1241 734 1288 761 καὶ
1302 733 1400 768 ἐπάγει
1414 733 1513 768 λέγων·
1533 733 1599 760 Ἀπὸ
1609 733 1721 766 παντὸς
1732 733 1861 768 ἁμαρτή-

1071 789 1165 815 ματος
1181 779 1367 813 διαόολικοῦ,
1388 779 1438 806 καί
1463 779 1563 813 πάσης
1582 779 1787 814 περιστάσεως
1807 779 1864 806 τοῦ

1080 826 1319 861 Ἀντικειμένου·
1336 826 1399 857 τοὺς
1424 826 1596 861 πειρασμοὺς
1622 824 1710 860 δηλῶν
1737 825 1785 851 καὶ
1811 824 1863 856 τὰς

1074 872 1220 907 ἁμαρτίας.

1109 917 1311 953 Εὐπερίστοιτον
1326 915 1380 951 γὰρ
1391 916 1408 951 ἠ
1421 914 1543 951 ἁμαρτία
1552 935 1559 946 ,
1571 914 1703 942 πάντοθεν
1715 915 1862 950 ισταμένη,

1073 960 1240 996 ἔμπροσθεν,
1252 960 1375 993 ὄπισθεν,
1393 959 1440 986 καὶ
1453 959 1540 991 οὕτως
1553 959 1626 994 ἡμᾶς
1641 959 1859 986 καταδάλλουσα.

1080 1007 1188 1042 Ἐπειδὴ
1204 1007 1259 1041 γὰρ
1274 1004 1350 1033 εἶπεν
1363 1005 1381 1032 ἃ
1401 1005 1442 1032 δεῖ
1455 1004 1582 1038 γενέσθαι
1593 1006 1658 1040 παρ’
1671 1004 1761 1040 ἡμῶν,
1777 1006 1807 1031 ἐν
1823 1004 1862 1040 τῷ

1073 1054 1148 1088 νόμῳ
1164 1052 1245 1079 αὑτοῦ
1266 1051 1474 1086 καταγίνεσθαι,
1490 1051 1544 1077 τῶν
1561 1049 1674 1077 ἐντολῶν
1691 1050 1774 1077 αὑτοῦ
1791 1059 1863 1085 μνη-

1075 1098 1214 1134 μονεύειν,
1229 1097 1265 1124 τὰ
1285 1096 1457 1132 δικαιώματα
1480 1095 1563 1123 αὑτοῦ
1589 1095 1749 1130 φυλάττειν·
1773 1095 1863 1123 πείθει

1073 1143 1176 1176 λοιπὸν,
1193 1143 1234 1169 ὅτι
1253 1142 1314 1170 οὐδὲ
1330 1142 1417 1168 ταῦτα
1430 1142 1520 1176 ἀρκεῖ,
1534 1141 1567 1168 ἂν
1583 1141 1620 1177 μὴ
1634 1140 1714 1172 αὐτὸς
1726 1142 1802 1176 παρῇ
1816 1141 1863 1167 καὶ

1074 1188 1170 1224 βοηθῇ.
1192 1188 1260 1215 Ἐὰν
1270 1187 1324 1222 τὰρ
1336 1187 1379 1222 μὴ
1394 1187 1503 1220 Κύριος
1515 1185 1702 1220 οἰκοδομήσῃ
1713 1185 1808 1219 οἶκον,
1819 1187 1866 1218 εἰς

1071 1234 1170 1269 μάτην
1190 1233 1359 1261 ἐκοιίασαν
1377 1233 1405 1259 οἱ
1426 1231 1655 1267 οἰκοδομοῦντες
1679 1231 1790 1258 αὐτόν’
1816 1231 1867 1257 καὶ

1075 1281 1192 1316 μάλιστα
1207 1280 1254 1307 ἐπὶ
1268 1279 1389 1312 τούτων,
1404 1278 1429 1305 οἳ
1444 1278 1485 1305 ἐτι
1501 1278 1660 1314 πρόκεινται
1674 1277 1714 1312 τῷ
1728 1276 1865 1312 διαὸόλῳ,

1074 1327 1122 1354 καὶ
1136 1326 1189 1353 ὑπὸ
1205 1326 1254 1360 τὴν
1268 1325 1356 1361 ἀρχήν
1370 1325 1423 1351 εἰσι
1437 1324 1489 1359 τὴν
1501 1322 1595 1351 αὑτοῦ.
1616 1323 1673 1350 Καὶ
1695 1323 1753 1350 ῐστε
1773 1322 1866 1350 ταῦτα

1073 1373 1099 1399 οἱ
1123 1371 1306 1407 μεμυημένοι.
1336 1369 1542 1406 ’Δναμνήσθητε
1569 1368 1635 1404 γοῦν
1658 1369 1714 1395 τῶν
1729 1369 1870 1404 ῥημάτων

1073 1417 1198 1449 ἐκείνων,
1213 1416 1247 1442 δι’
1260 1412 1298 1442 ῶν
1309 1413 1483 1447 ἀπετάξασθε
1493 1413 1576 1441 αὑτοῦ
1589 1415 1623 1450 τῇ
1638 1414 1786 1449 τυραννίδι,
1797 1413 1870 1448 γόνυΔ

1073 1461 1223 1493 κλίναντες,
1235 1460 1282 1487 καὶ
1294 1461 1363 1496 πρὸς
1373 1460 1420 1487 τὸν
1427 1459 1544 1486 Βασιλέα
1555 1458 1804 1494 αὐτομολήσαντες,
1815 1459 1863 1486 καὶ

1073 1506 1107 1533 τὰ
1123 1505 1247 1542 φρικώδη
1260 1505 1352 1532 ἐκεῖνα
1365 1503 1548 1539 φθεγξάμενοι
1563 1503 1685 1539 ῥήματα,
1695 1501 1730 1528 δι’
1744 1498 1783 1529 ὧν
1795 1510 1864 1530 παι-

1072 1552 1207 1587 δευόμεθα
1219 1551 1302 1587 μηδὲν
1311 1550 1386 1585 αὐτῷ
1396 1549 1512 1577 καθόλου
1526 1548 1677 1576 πείθεσθαι.
1695 1547 1865 1582 Ἀντικείμε-

1074 1608 1118 1626 νον
1129 1599 1158 1625 δέ
1168 1598 1248 1625 αὐτὸν
1260 1597 1337 1624 καλεῖ
1348 1597 1394 1624 καὶ
1403 1595 1538 1628 διάϐολον,
1551 1594 1643 1630 ἐπειδὴ
1655 1594 1704 1621 καὶ
1712 1593 1780 1620 Θεὸν
1792 1593 1864 1628 πρὸς

1073 1644 1233 1680 ἀνθρώπους
1247 1642 1395 1676 διαδάλλει,
1408 1642 1455 1669 καὶ
1465 1641 1540 1677 ἡμᾶς
1551 1639 1619 1677 1:96;
1631 1639 1710 1672 Θεὸν,
1721 1639 1768 1666 καὶ
1779 1639 1865 1665 πάλιν

1073 1692 1148 1725 ἡμᾶς
1162 1690 1261 1722 αὐτοὺς
1273 1690 1343 1725 πρὸς
1354 1688 1502 1724 ἀλλήλους·
1520 1687 1585 1714 ποτὲ
1599 1686 1650 1722 μὲν
1664 1686 1719 1721 γάρ
1732 1685 1778 1712 τὸν
1800 1685 1863 1712 Ὶὼῦ

1074 1737 1143 1772 1:96;
1153 1737 1198 1763 τὸν
1208 1737 1284 1768 Θεὸν,
1296 1736 1393 1770 λέγων·
1408 1734 1455 1769 Μὴ
1469 1733 1583 1768 δωρεὰν
1594 1733 1712 1760 σέϐεται
1729 1732 1796 1760 ἰὼϐ
1808 1731 1864 1758 τὸν

1073 1783 1199 1817 Κύριον;
1224 1782 1271 1809 καὶ
1286 1782 1366 1809 πάλιν
1384 1781 1430 1807 τὸν
1452 1779 1519 1806 Θεὸν
1544 1779 1612 1815 πρὸς
1631 1778 1677 1805 τὸν
1706 1777 1776 1805 Ἰὡϐο
1797 1777 1864 1811 Πῦρ

1074 1827 1224 1862 κατῆλθεν
1244 1827 1278 1853 ἐκ
1300 1826 1354 1853 τοῦ
1378 1825 1528 1860 οὐρανοῦ·
1551 1825 1597 1851 καὶ
1619 1825 1686 1859 πρὸς
1708 1823 1754 1850 τὸν
1775 1822 1866 1858 ’Δδὰμ

1073 1872 1154 1899 πάλιν
1175 1871 1220 1898 τὸν
1244 1869 1320 1900 Θεὸν,
1340 1870 1384 1896 ὅτε
1409 1870 1485 1904 ἔλεγε
1507 1867 1744 1903 διανοιχθήσεσθαι
1768 1865 1864 1892 αὐτῶν

1073 1918 1135 1948 τοὺς
1156 1915 1325 1951 ὀφθαλμούς·
1339 1915 1386 1941 καὶ
1402 1915 1469 1950 1:96;
1489 1914 1603 1945 πολλοὺς
1618 1912 1673 1939 τῶν
1686 1912 1734 1939 νῦν
1752 1909 1859 1946 ἀνθρώ-

1074 1971 1142 1994 πων,
1157 1962 1259 1996 λέγων·
1274 1961 1312 1987 Οὐ
1332 1961 1442 1995 προνοεῖ
1455 1959 1521 1990 Θεὸς
1542 1957 1596 1984 τῶν
1614 1956 1772 1992 ὁρωμένων,
1793 1954 1863 1981 ἀλλὰ

1073 2007 1197 2042 δαίμοσιν
1210 2005 1302 2040 ἀφῆκε
1320 2004 1355 2031 τά
1368 2004 1429 2031 καθ’
1453 2004 1536 2038 ὑμᾶς’
1552 2002 1600 2028 καὶ
1616 2001 1684 2037 πρὸς
1700 1999 1816 2031 πολλοὺς
1833 1998 1864 2025 δέ

1073 2053 1128 2080 τῶν
1160 2052 1294 2079 Ἰουδαίων
1313 2050 1358 2077 τὸν
1383 2048 1500 2085 Χριστὸν
1529 2047 1656 2078 διέϐαλε,
1683 2046 1784 2072 πλάνον
1813 2044 1866 2072 καὶ

1073 2099 1159 2134 γόητα
1175 2097 1275 2124 καλῶν.
1297 2096 1359 2127 Πῶς
1381 2095 1411 2122 δὲ
1430 2095 1556 2129 ἐνεργεῖ,
1581 2093 1646 2124 ἰσως
1668 2090 1793 2126 βούλεταί
1820 2099 1864 2122 τις

1076 2143 1151 2180 [459]
1164 2142 1291 2170 ἀκοῦσαι.
1311 2142 1395 2168 Ὅταν
1414 2140 1452 2176 μὴ
1468 2139 1537 2176 εὓρῃ
1549 2139 1611 2165 νοῦν
1627 2137 1729 2170 ἔνθεον,
1742 2139 1809 2165 ὅταν
1826 2137 1865 2172 μὴ

1074 2189 1201 2224 σώφρονα
1223 2187 1311 2223 ψυχὴν
1326 2207 1333 2220 ,
1353 2187 1416 2214 ὅταν
1439 2185 1477 2221 μὴ
1497 2183 1654 2220 μνημονεύῃ
1674 2183 1728 2210 τῶν
1744 2183 1865 2210 ἐντολῶν

1073 2234 1214 2268 τοῦπΘεοῦ,
1231 2233 1298 2269 μηδὲ
1312 2232 1439 2268 φυλάσσῃ
1454 2231 1488 2258 τὰ
1501 2229 1674 2265 δικαιώματα
1689 2228 1784 2261 αὐτοῦ,
1802 2229 1865 2255 τότε

1073 2280 1244 2316 αἰχμάλωτον
1259 2278 1349 2305 λαϐὼν
1368 2278 1486 2306 ἄπεισιν.
1508 2277 1537 2303 '0
1553 2275 1619 2310 γοῦν
1639 2275 1724 2309 ’Δδὰμ
1738 2275 1763 2300 εἰ
1775 2275 1866 2309 ἐμνηα

1076 2327 1173 2362 μόνευε
1189 2326 1239 2360 τῆς
1251 2325 1362 2359 ἐντολῆς
1376 2323 1508 2358 λεγούσης
1518 2342 1525 2354 ,
1545 2322 1617 2349 Ἀπὸ
1635 2320 1749 2353 παντὸς
1760 2319 1867 2362 ξύλου

1074 2361 1167 2407 ἐναγῆ,
1188 2372 1212 2397 εἰ
1236 2370 1372 2405 ἐφύλασσε
1387 2369 1418 2396 τὸ
1436 2368 1573 2402 δικαίωμα
1589 2366 1621 2393 τὸ
1635 2366 1713 2400 λέγον
1725 2385 1734 2398 ,
1756 2361 1802 2400 ’ῌ
1826 2365 1867 2392 ἂν

1073 2417 1170 2452 ἡμέρᾳ
1185 2417 1308 2452 φάγητε,
1325 2415 1391 2443 τότε
1406 2414 1521 2447 θανάτῳ
1534 2412 1742 2441 ἀποθανεῖσθε·
1758 2411 1814 2438 οὐκ
1831 2411 1867 2438 ἃν

1073 2462 1175 2489 ἔπαθεν
1196 2462 1268 2496 άπερ
1283 2460 1394 2488 ἔπαθεν.
1416 2459 1484 2487 Ἵνα
1504 2457 1676 2492 καταξιώσῃ
1696 2455 1811 2490 αὐτοὺς
1830 2456 1868 2483 ἐν·

1074 2508 1165 2543 καιρῷ
1184 2507 1294 2538 εὐθέτῳ
1312 2505 1368 2540 τῆς
1387 2504 1441 2532 τοῦ
1459 2503 1588 2538 ,λουτροῦ
1608 2502 1866 2538 παλιγγενεσίας,

1073 2554 1130 2589 τῆς
1147 2553 1282 2588 ἀφέσεως
1295 2552 1355 2580 τῶν
1368 2550 1527 2586 ἁμαρτιῶν.
1545 2549 1587 2576 Τὰ
1601 2549 1650 2585 μὲν
1667 2549 1720 2584 γὰρ
1735 2549 1867 2584 παρόντα

1073 2599 1203 2634 αἰτοῦμεν
1213 2618 1221 2631 ,
1243 2599 1278 2625 τὰ
1291 2597 1319 2625 δέ
1340 2597 1470 2632 μέλλοντα
1480 2604 1487 2611 '
1511 2596 1559 2623 καί
1575 2593 1772 2629 φιλοσοφῶμεν
1789 2593 1868 2629 ὑπὲρ

1074 2645 1120 2673 τοῦ
1136 2644 1249 2680 λουτροῦ
1261 2664 1269 2676 ,
1288 2643 1335 2670 καὶ
1353 2644 1382 2670 ἐν
1398 2644 1430 2678 τῇ
1449 2642 1555 2678 αἰτήσει
1574 2640 1737 2675 παιδεύομεν
1759 2639 1868 2670 αὐτοὺς

1073 2690 1171 2717 εἰδέναι
1186 2688 1268 2716 αὑτοῦ
1284 2688 1333 2724 τὴν
1354 2686 1441 2723 ἰσχύν.
1463 2686 1603 2714 Ἐντεῦθεν
1616 2685 1669 2722 γὰρ
1684 2685 1735 2721 ἤδη
1752 2685 1766 2711 ό
1780 2684 1868 2719 λόγος

1107 2779 1120 2814 _‘
1130 2777 1207 2814 ἐξόὶἰλἔ
1219 2777 1485 2814 λόγῳ-καταδαρθάνειν.
1501 2776 1544 2805 NL,
1557 2776 1620 2814 λόγῳ
1631 2783 1797 2814 καηαπιξττιιν.

1107 2809 1120 2828 1³
1130 2809 1175 2845 M5.
1188 2810 1224 2834 sic
1237 2807 1327 2834 niélius
1333 2807 1405 2840 quam
1412 2807 1626 2838 οᾱὶιὶ,σωματικάν
1637 2815 1664 2831 τε
1673 2807 1733 2836 δμοῦ
1740 2807 1779 2830 καὶ
1790 2812 1867 2830 πνου-

1076 2848 1183 2865 ιιατικον.
