2021 3117
148 160 202 187 ιοι

147 217 310 254 euangelium
323 217 388 251 ipsis
401 217 508 254 detegat,
525 217 662 253 subjuuxit
671 238 679 249 ,
698 216 732 245 Ut
744 217 785 245 det
798 217 861 252 ipsis
873 226 944 246 mw-

148 266 202 289 tsm
217 262 339 290 diuinam.
353 263 422 297 Quid
437 267 488 296 est,
505 263 637 291 divinam?
650 262 706 290 lloc
721 267 772 296 est,
788 268 816 291 ut
829 263 900 291 Deus
918 264 945 291 in

147 314 184 335 ea
199 308 301 335 habitet
315 317 321 336 :
334 307 488 336 Inhabitabo
499 308 571 336 enim
583 308 610 335 in
625 308 698 344 ipsis,
713 308 808 344 inquit,
824 313 848 336 et
861 309 945 336 inam-

149 352 243 380 bulabo
260 352 331 388 (Leu.
343 352 388 380 26.
402 353 457 389 i2).
477 353 544 380 Nam
559 360 619 381 cum
634 361 709 381 mens
719 353 820 389 justitia
835 354 945 389 praedita

148 403 194 426 est
204 405 236 426 ac
251 404 358 433 peccata
368 400 452 431 exuit,
465 399 512 426 Dei
524 399 619 427 domus
630 399 746 427 efﬁcitur
760 408 766 426 :
783 407 842 427 cum
855 404 945 427 autem

149 443 180 471 in
195 451 225 471 ea
238 444 404 472 domicilium
416 445 466 472 sibi
481 445 664 476 constituerit,
684 445 748 472 nihil
770 444 880 480 posthac
896 444 945 471 bu-

149 496 260 516 manum
274 491 336 517 erit.
352 490 397 518 Sic
411 490 499 518 divina
516 498 591 518 mens
606 490 734 523 redditur,
748 489 874 517 divinitus
887 497 944 516 out-

149 535 196 563 nia
212 536 382 570 proloqucns,
396 543 427 564 ae
442 536 515 563 velut
528 536 624 563 domus
639 536 687 563 Dei
703 536 728 563 in
742 543 773 562 ea
787 534 942 562 habitantis.

151 579 192 607 Ex
205 588 258 615 quo
271 581 406 616 colligitur
419 589 479 608 eum
494 585 610 608 mentem
624 581 740 609 divinam
757 588 810 608 non
831 580 941 614 habere,

152 629 200 663 qui
217 629 342 661 turpibus
353 629 526 656 sermonibus
541 629 642 660 utitur,
663 633 710 655 aut
724 628 889 656 scurrilitatc
911 635 943 655 ac

151 674 209 701 risu
242 673 402 700 delectatur.
433 672 542 700 Castam
580 675 776 709 cogitationem.
806 673 942 707 Quidnam

151 720 240 743 autem
255 721 296 743 est
309 722 410 744 castam
421 718 609 752 cogitationem
621 717 740 745 habere?
753 717 854 752 Nempe
864 718 943 753 spiri-

152 761 216 788 tuali
230 763 343 789 sanitate
358 762 499 796 praeditum
513 771 583 790 esse.
601 763 704 790 Etenim
721 763 753 796 is,
766 763 809 798 qui
823 763 877 790 vitii
894 771 942 790 cu-

151 807 264 841 piditate
276 813 414 842 correptus
427 813 540 839 tenetur.
557 809 751 844 prmsentiaque
762 809 794 836 ad
805 813 940 843 stuporem

149 859 236 887 usque
256 853 377 886 miratur,
398 858 495 886 castus,
517 854 568 881 hoc
587 858 628 881 est
649 861 738 885 sanus,
761 861 819 881 esse
840 855 937 887 nequit,

149 897 380 931 Quemadmodum
393 899 464 926 enim
478 899 523 934 qui
534 899 559 926 in
573 899 666 926 morbo
676 903 806 932 versatur,
819 907 849 926 ea
860 900 940 926 etiam

150 945 266 979 appetit,
290 952 349 980 quae
369 945 478 973 minime
500 946 625 973 convenit
641 954 648 973 :
663 945 758 973 eodem
772 945 816 972 hic
835 952 941 980 quoque

148 990 240 1018 modo.
254 989 337 1017 Vitam
347 999 404 1018 cum
415 991 506 1018 virtute
518 991 688 1025 eonjunctam.
704 990 828 1018 Doctrina
842 991 940 1026 quippe

147 1036 231 1063 vitam
242 1036 322 1064 etiam
332 1036 476 1064 desiderat.
490 1037 585 1064 Audite
596 1037 663 1071 hmo,
674 1038 718 1073 qui
729 1037 778 1064 sub
788 1037 849 1064 vitae
859 1037 938 1064 linem

148 1081 180 1109 sd
191 1082 354 1118 baptismum
365 1083 502 1110 acceditis.
517 1083 583 1110 Nam
596 1090 645 1111 nos
656 1083 764 1119 quidem
776 1083 801 1111 id
814 1083 939 1118 precibus

147 1135 163 1154 ι
176 1126 231 1155 Deo
246 1128 441 1162 contendimus,
457 1133 485 1156 ut
499 1133 560 1163 post
578 1128 738 1164 baptismum
755 1136 861 1164 quoque
875 1137 938 1164 pro-

147 1172 207 1200 bam
230 1173 311 1201 vitam
336 1174 456 1202 habeatis
472 1183 479 1202 :
493 1179 521 1202 tu
544 1179 637 1202 contra
657 1174 684 1202 in
711 1175 762 1202 hoc
785 1175 936 1208 incumbis,

146 1219 267 1254 nihilque
285 1226 340 1247 non
355 1219 430 1254 facis,
447 1224 477 1248 ut
493 1221 553 1249 sine
571 1221 654 1257 proba
671 1221 724 1249 vita
739 1221 800 1248 hinc
811 1221 936 1249 excedas.

146 1264 213 1298 Quid
222 1265 307 1298 enim,
321 1266 342 1293 si
353 1266 440 1301 justus
450 1267 557 1302 quidem
568 1267 626 1301 ﬁas,
637 1267 685 1295 sed
694 1275 708 1294 a
720 1267 772 1295 ﬁde
781 1268 937 1295 dumtaxat?

145 1312 180 1337 At
200 1318 249 1338 nos
270 1316 299 1339 ut
319 1319 334 1339 a
354 1312 480 1340 virtutum
494 1320 599 1348 quoque
613 1313 766 1341 muneribus
780 1314 826 1342 tibi
841 1313 936 1342 ﬁducia

145 1361 326 1391 comparetur,
340 1365 458 1385 oramus.
474 1357 601 1394 Perpetuo
618 1367 676 1394 quas
691 1359 772 1394 ipsius
790 1364 850 1387 sunt
868 1360 938 1395 cogi-

144 1407 208 1436 tare,
220 1411 278 1439 quin
288 1403 370 1439 ipsius
382 1409 440 1431 sunt
452 1412 550 1440 sapere,
563 1413 620 1441 qui:
637 1405 718 1440 ipsius
730 1410 790 1433 sunt
807 1406 935 1433 meditari.

143 1448 249 1476 Castam
271 1449 342 1476 enim
366 1450 553 1485 cogitationem
576 1455 656 1486 atque
678 1451 816 1478 honestam
841 1451 934 1485 vitam,

144 1502 197 1522 non
224 1495 258 1523 ad
287 1503 367 1523 unum
390 1496 529 1523 dumtaxat
554 1500 601 1524 aut
626 1496 694 1524 duos
718 1501 763 1524 aut
787 1501 843 1525 tres
864 1497 932 1532 dies,

143 1540 190 1568 sed
220 1548 267 1576 per
291 1541 443 1569 universum
465 1542 528 1570 vitae
549 1542 710 1570 curriculum
731 1543 865 1578 petimus.
888 1548 932 1576 et,

142 1586 213 1621 quod
235 1587 366 1615 bonorum
386 1588 504 1616 omnium
525 1596 605 1616 causa
625 1594 675 1620 est,
691 1596 750 1624 qua:
770 1589 853 1624 ipsius
870 1595 934 1618 sunt

142 1639 246 1667 sapere.
264 1633 382 1670 Plerique
392 1635 459 1662 cnim
472 1643 528 1671 qua:
538 1643 585 1662 sua
595 1640 653 1663 sunt
665 1642 781 1671 quierunt
790 1657 798 1669 ,
814 1645 864 1664 non
876 1645 933 1672 qut:

141 1678 203 1706 Jesu
213 1679 307 1707 Christi
316 1679 444 1716 (Philipp.
456 1680 482 1707 Ξ.
494 1681 550 1716 2i).
567 1681 687 1715 Quonam
701 1682 779 1717 igitur
789 1683 870 1710 modo
882 1683 932 1711 hoc

141 1725 197 1753 ﬁeri
220 1727 324 1761 possit?
344 1726 378 1755 ad
401 1735 507 1762 precem
529 1728 599 1755 enim
623 1727 674 1756 hoc
697 1736 802 1764 quoque
822 1728 932 1756 accedat

141 1776 262 1806 oportet,
279 1777 307 1800 ut
319 1780 378 1808 quae
392 1779 482 1800 nostra
499 1777 561 1800 sunt
575 1778 743 1808 praestemus.
764 1773 794 1801 Si
808 1774 836 1800 in
850 1774 932 1808 ipsius

139 1818 193 1853 lege
212 1818 266 1845 dies
286 1823 419 1853 tractesque
441 1827 567 1846 versemur
580 1827 590 1846 :
605 1818 675 1846 unde
698 1818 779 1846 etiam
802 1819 931 1854 deinceps

139 1863 190 1892 hoc
201 1864 275 1899 petit,
293 1863 325 1891 In
338 1865 417 1899 ipsius
428 1865 481 1900 lege
491 1864 532 1892 die
541 1873 571 1892 ac
584 1870 656 1892 nocte
668 1865 772 1892 morari.
789 1865 822 1892 Et
835 1872 929 1900 quem-

138 1909 281 1936 admodum
301 1910 424 1945 superius
443 1910 558 1941 dixerat,
572 1909 699 1944 Perpetuo
713 1918 722 1936 :
736 1909 830 1937 eodem
849 1910 931 1937 modo

138 1955 193 1987 hic,
208 1955 257 1982 Die
269 1964 299 1982 ae
312 1961 395 1984 nocte.
416 1956 508 1992 Itaque
526 1964 617 1984 eorum
639 1964 682 1984 me
702 1956 790 1991 pudet,
809 1956 854 1992 qui
874 1961 930 1983 toto

137 2009 208 2028 anno
218 2002 263 2029 vix
275 2003 359 2030 semel
371 2003 397 2030 in
408 2003 520 2031 ecclesia
531 2003 742 2039 conspiciuntur.
758 2003 843 2036 Quam
856 2003 927 2030 enim

137 2049 338 2077 excusationem
352 2050 469 2078 nancisci
483 2054 596 2085 queant,
610 2050 655 2085 qui
670 2057 730 2077 cum
746 2049 789 2077 die
802 2057 833 2076 ac
846 2054 927 2076 noctu

136 2095 163 2123 in
175 2097 221 2124 Dei
231 2096 300 2132 lege,
307 2105 360 2124 non
368 2097 454 2124 dicam
462 2097 573 2130 versari,
582 2097 627 2125 sed
637 2097 746 2129 morari,
755 2096 806 2124 hoc
813 2100 855 2124 est
861 2104 928 2124 sem-

135 2150 185 2178 per
199 2143 322 2171 meditari
341 2144 496 2179 iubeantur,
512 2148 601 2171 tamen
618 2151 651 2171 ne
666 2143 802 2171 minimam
819 2143 926 2178 quidem

135 2189 310 2224 viuepartcm
323 2190 350 2217 in
362 2190 412 2218 hoc
422 2189 589 2226 impendunt,
602 2194 631 2217 ut
640 2190 722 2225 ipsius
736 2189 859 2216 mandata
870 2196 927 2216 me-

135 2234 220 2261 moria
229 2239 368 2269 usurpent,
376 2240 455 2271 atque
464 2235 755 2270 ipsiusjustiﬁcationes
762 2234 927 2262 custodiant?

170 2280 196 2307 7.
218 2279 341 2308 Videsne
349 2285 470 2308 catenam
482 2281 625 2316 optimam,
639 2288 773 2316 quamque
786 2285 847 2316 apte
862 2280 925 2308 sin-

135 2326 195 2360 gula
207 2325 265 2353 haec
279 2327 349 2354 inter
361 2334 391 2354 se
404 2327 570 2360 coluereant,
585 2332 665 2362 atque
679 2327 772 2364 quavis
786 2334 866 2355 aurea
880 2335 927 2355 ca-

137 2375 196 2398 tena
212 2370 316 2399 ﬁrmius
329 2376 356 2400 et
373 2373 540 2408 elegantius?
554 2373 699 2408 Postquam
712 2373 784 2401 enim
806 2377 923 2401 mentem

135 2416 251 2444 divinam
268 2418 430 2453 postulavit,
449 2420 558 2454 exponit
569 2426 686 2454 quonam
702 2424 778 2454 pacto
789 2420 849 2447 talis
864 2427 925 2448 esse

136 2466 222 2496 queat.
240 2462 381 2496 Quomodo
403 2464 512 2492 autem?
534 2463 664 2491 Nimirum
686 2464 708 2491 si
722 2463 781 2499 quis
795 2469 925 2499 perpetuo

135 2514 183 2539 ea,
198 2515 259 2543 qua:
273 2508 320 2536 Dei
336 2513 416 2542 sunt,
441 2509 594 2537 meditetur.
619 2509 676 2536 Hoc
696 2514 786 2537 autem
809 2517 923 2544 quanam

136 2554 237 2581 ratione
247 2555 379 2590 quispiam
391 2555 519 2591 consequi
532 2556 635 2591 possit?
645 2556 673 2583 Si
684 2555 782 2583 divinae
796 2555 848 2591 legi
860 2563 923 2590 ope-

135 2606 188 2627 ram
209 2600 275 2628 dare
300 2608 444 2637 numquam
467 2601 637 2629 intermittat.
661 2601 782 2636 Quonam
805 2606 882 2636 pacto
896 2600 922 2628 id

134 2646 290 2674 mortalibus
304 2647 458 2681 persuaderi
477 2647 576 2682 queat?
598 2647 624 2675 Si
641 2647 764 2674 mandata
781 2647 862 2682 ipsius
875 2647 924 2674 ob-

131 2697 259 2719 servent:
274 2693 339 2728 quin
361 2693 448 2727 potius
470 2700 502 2720 ex
515 2700 548 2720 eo
576 2693 651 2728 ipso,
667 2693 737 2728 quod
762 2694 811 2728 legi
827 2693 924 2720 divina:

133 2738 264 2773 quispiam
278 2739 402 2772 studeat,
424 2739 448 2766 id
461 2739 645 2774 consequitur,
667 2746 696 2766 ut
715 2739 839 2766 mandata
865 2746 924 2767 ser-

133 2789 193 2816 Vet;
208 2785 435 2817 quemadmodum
458 2785 561 2813 scilicet
587 2793 620 2812 ex
644 2793 694 2818 eo,
710 2785 780 2820 quod
806 2786 866 2819 quis
892 2792 923 2812 ea

133 2837 191 2863 qua:
205 2830 291 2865 ipsius
306 2835 369 2857 sunt
380 2831 457 2865 sapit,
470 2839 500 2858 ac
515 2837 631 2858 mentem
644 2831 762 2858 divinam
777 2831 869 2860 habet.
887 2830 922 2858 il-

134 2874 176 2902 lnd
191 2876 352 2911 adipiscitur
366 2881 394 2903 ut
407 2885 465 2911 quae
477 2877 560 2912 ipsius
575 2881 637 2904 sunt
648 2876 800 2905 meditetur.
813 2878 924 2913 Singula

705 159 738 188 lN
758 159 866 189 EPlST.
880 159 902 188 ll
936 160 980 188 AD
998 160 1076 190 C03.
1094 161 1209 191 llOMlL.
1231 163 1263 192 ll.

1736 165 1787 192 402

1001 219 1071 247 enim
1084 227 1116 247 ex
1130 219 1171 247 his
1185 228 1243 255 quae
1256 220 1385 255 diximus,
1400 225 1427 249 et
1441 220 1467 249 id
1478 222 1549 258 quod
1563 222 1680 252 vicinum
1694 231 1736 254 est
1749 229 1788 255 ef—

999 264 1106 296 liciuut,
1121 270 1148 292 ct
1162 266 1195 293 ab
1210 273 1243 293 eo
1257 266 1409 294 efﬁciuntur
1422 275 1429 299 ;
1443 271 1470 295 et
1492 268 1579 303 ipsum
1593 270 1745 303 continent,
1762 280 1789 300 et

998 309 1031 336 ab
1052 309 1110 344 ipso
1124 311 1305 338 continentur.
1328 311 1457 340 Intensins
1471 314 1556 341 adhuc
1570 323 1617 350 pro
1638 315 1699 350 ipsis
1714 325 1785 352 roge-

998 363 1064 383 mus.
1089 356 1219 389 Quoniam
1242 358 1347 386 animus
1373 360 1400 387 in
1426 361 1529 395 prolixa
1552 362 1674 390 oratione
1686 363 1786 390 obdor-

998 401 1111 429 miscere
1124 403 1280 437 consueviz,
1296 412 1390 432 rursus
1404 413 1464 433 eum
1478 407 1586 435 excitat.
1607 408 1701 443 Magna
1714 409 1786 437 enitn

998 452 1103 474 rursum
1116 453 1196 483 atque
1215 449 1323 477 excelsa
1347 451 1481 485 postulare
1498 452 1554 480 vult
1576 461 1583 480 :
1599 453 1714 489 ideoque
1727 455 1785 489 ait,

998 490 1125 521 Intensius
1133 494 1217 521 adhuc
1225 503 1271 530 pro
1282 496 1344 530 ipsis
1358 505 1482 532 rogemus.
1493 498 1624 532 Quidnam
1638 505 1726 528 autem
1737 501 1787 528 hoc

997 538 1054 565 est?
1070 537 1104 565 Ut
1118 539 1210 574 eripiat
1234 549 1275 568 eos
1295 542 1327 567 ab
1347 543 1415 568 omni
1437 543 1504 570 malo
1516 549 1540 571 et
1553 545 1662 572 absurdo
1675 547 1785 581 negotio.

997 582 1054 610 lloc
1067 583 1128 611 loco
1143 584 1168 611 id
1183 584 1248 619 ipsis
1263 587 1394 620 petimus,
1406 593 1434 614 ut
1457 595 1490 616 ne
1506 589 1607 617 intrent
1621 591 1646 617 in
1662 592 1787 619 teutatio«

997 636 1069 662 nem,
1082 634 1161 664 atque
1177 635 1205 658 ut
1218 631 1251 658 ab
1265 633 1390 660 omnibus
1405 638 1457 660 tam
1480 635 1617 669 corporeis
1632 644 1710 670 quant
1732 637 1785 672 spi-

996 675 1136 703 ritualibus
1150 677 1253 705 insidiis
1277 678 1433 706 liberentur.
1450 679 1490 706 0b
1504 680 1529 707 id
1545 681 1624 708 etiam
1638 681 1693 709 hate
1705 683 1785 710 verba

996 720 1140 754 subjunxit,
1153 721 1189 748 Ab
1201 723 1270 749 omni
1282 728 1383 758 peccato
1396 724 1530 757 diabolica,
1543 730 1565 751 et
1576 726 1644 751 omni
1659 727 1785 754 obsidione

995 765 1142 793 adversarii.
1154 767 1255 801 Quibus
1266 769 1354 796 verbis
1366 770 1525 797 lentationes
1537 778 1568 797 ac
1580 776 1689 806 peccata
1704 773 1786 807 signi—

996 811 1065 837 ﬁcat.

1029 856 1132 884 Peccati
1146 863 1247 886 natura.
1263 875 1298 880 ——
1311 860 1417 888 Peccati
1434 862 1504 888 enim
1520 869 1550 889 ea
1573 867 1667 889 natura
1683 867 1724 889 cst
1735 883 1743 894 ,
1758 868 1786 890 ut

993 901 1069 929 facile
1084 902 1219 931 hominem
1231 904 1352 933 obsideat
1367 911 1447 941 atque
1459 906 1576 942 undique
1590 911 1653 940 stet,
1667 915 1682 935 a
1698 908 1785 936 fronte

994 954 1090 982 nempe
1112 953 1138 975 et
1161 957 1177 976 a
1201 954 1295 985 tergo,
1312 951 1404 986 sicque
1427 960 1476 979 nos
1499 952 1616 987 dejieiat.
1640 954 1784 989 Postquam

993 991 1064 1019 enim
1078 1001 1137 1028 qua:
1151 1001 1165 1020 a
1180 995 1258 1023 nobis
1277 997 1427 1030 prtestanda
1443 997 1497 1024 sint
1511 999 1643 1033 exposuit,
1658 999 1709 1027 hoc
1724 1005 1782 1034 est,

993 1042 1022 1065 ιιι
1035 1039 1060 1066 in
1076 1039 1135 1074 ejus
1154 1040 1213 1075 lege
1226 1049 1381 1075 versemur,
1409 1043 1493 1078 ipsius
1514 1045 1639 1072 mandata
1656 1047 1784 1073 memoria

993 1089 1142 1120 teneamus,
1157 1086 1364 1121 justiﬁcationes
1376 1088 1435 1122 ejus
1448 1090 1647 1124 custodiamus,
1664 1091 1715 1119 hoc
1728 1091 1783 1126 jam

992 1129 1136 1164 admonet,
1153 1139 1188 1158 ne
1211 1132 1262 1159 ista
1278 1132 1386 1168 quidem
1410 1133 1552 1167 sufﬁcere,
1573 1136 1625 1162 nisi
1640 1136 1710 1162 adsit
1726 1137 1783 1171 ipse

991 1180 1071 1212 atque
1083 1184 1160 1212 opem
1174 1178 1253 1205 ferat.
1268 1177 1325 1205 Nisi
1338 1179 1411 1206 enim
1424 1179 1548 1207 Dominus
1562 1181 1724 1215 tediﬁcaverit
1737 1182 1784 1208 do-

991 1230 1069 1254 mum,
1086 1223 1113 1250 in
1127 1231 1221 1250 vanum
1233 1223 1410 1251 laboraverunt
1421 1225 1464 1260 qui
1477 1226 1605 1260 mitificant
1619 1234 1674 1254 eam
1687 1227 1696 1263 (
1707 1226 1782 1256 Psal.

991 1266 1054 1294 126.
1069 1267 1096 1302 t)
1108 1275 1115 1294 :
1127 1275 1158 1296 ac
1173 1269 1324 1303 praesertim
1348 1269 1374 1296 in
1388 1270 1431 1303 iis,
1447 1271 1494 1305 qui
1508 1270 1617 1298 diabolo
1630 1271 1719 1299 adhuc
1733 1272 1782 1300 ob-

986 1312 1052 1347 jecti
1067 1317 1129 1340 sunt
1141 1335 1148 1347 ,
1164 1321 1195 1341 ac
1208 1314 1258 1342 sub
1280 1314 1364 1349 ipsius
1385 1315 1498 1350 imperio
1510 1320 1537 1342 et
1549 1315 1662 1344 ditione.
1679 1317 1717 1344 Ac
1733 1324 1781 1344 vos

990 1357 1048 1386 haec
1062 1359 1167 1392 nostis,
1183 1360 1227 1394 qui
1243 1359 1328 1387 sacris
1342 1361 1437 1388 initiati
1452 1361 1527 1388 estis.
1543 1361 1633 1390 Facile
1645 1362 1716 1389 enim
1737 1363 1782 1390 illa

989 1403 1071 1431 verba
1086 1404 1163 1431 vobis
1182 1404 1208 1431 in
1222 1405 1379 1432 memoriam
1404 1405 1535 1440 redeant,
1557 1414 1605 1442 per
1616 1414 1676 1442 quae
1699 1407 1781 1442 ipsius

989 1448 1121 1484 tyrannidi
1136 1450 1260 1477 nuntium
1275 1450 1429 1484 remisistis,
1445 1459 1505 1478 cum
1520 1451 1590 1479 ﬁeso
1602 1460 1671 1487 genu
1683 1453 1715 1480 ad
1731 1452 1781 1480 Re-

987 1502 1047 1530 gem
1061 1495 1250 1531 traust‘ugistis,
1264 1504 1295 1524 ac
1306 1497 1445 1524 tremenda
1460 1497 1504 1524 illa
1517 1497 1598 1524 verba
1613 1498 1771 1533 protulistis,

988 1541 1084 1576 quibus
1105 1546 1221 1578 tyranno
1243 1542 1318 1570 nullo
1333 1550 1444 1577 prorsus
1466 1543 1547 1570 modo
1568 1543 1679 1578 obsequi
1695 1544 1777 1572 doce-

988 1595 1057 1614 mur.
1072 1587 1264 1615 Adversarinm
1282 1595 1365 1622 porro
1380 1595 1412 1615 ac
1425 1588 1562 1615 diabolum
1583 1588 1670 1624 ipsum
1687 1589 1779 1624 appel-

987 1632 1043 1666 lat,
1067 1633 1193 1668 quoniam
1208 1637 1235 1661 et
1250 1633 1334 1661 Deum
1356 1633 1426 1668 apud
1449 1633 1591 1666 homines,
1607 1639 1632 1661 et
1655 1633 1778 1662 homines

986 1679 1057 1714 apud
1071 1680 1165 1713 Deum,
1181 1687 1214 1707 ac
1227 1688 1276 1707 nos
1299 1680 1372 1714 ipsos
1393 1680 1463 1707 inter
1476 1687 1526 1708 nos
1541 1681 1710 1708 criminatur.
1728 1681 1776 1708 Et-

987 1726 1057 1753 enim
1071 1727 1126 1760 ipse
1139 1725 1203 1753 olim
1217 1726 1314 1753 Jobum
1323 1725 1393 1760 apud
1407 1726 1489 1753 Deum
1504 1726 1530 1753 in
1542 1727 1644 1754 crimen
1655 1727 1776 1759 vocabat,

986 1779 1046 1798 cum
1060 1771 1173 1804 diceret,
1189 1771 1260 1798 Nunt
1273 1770 1323 1798 Job
1344 1772 1439 1806 frustra
1452 1772 1511 1798 colit
1524 1771 1606 1798 Deum
1621 1771 1692 1807 (Job.
1708 1773 1733 1799 l.
1748 1772 1775 1800 θ.

986 1817 1092 1852 lﬁ)?ac
1105 1826 1212 1845 rursum
1229 1818 1312 1845 Deum
1329 1818 1398 1853 apud
1411 1817 1507 1846 Jobum
1530 1818 1573 1845 his
1586 1818 1686 1850 verbis,
1703 1818 1776 1853 Ignis

985 1864 1113 1891 descendit
1127 1865 1158 1891 de
1170 1864 1231 1891 caelo
1245 1872 1254 1892 :
1266 1869 1347 1899 atque
1368 1864 1432 1892 item
1448 1864 1532 1891 Deum
1543 1863 1613 1898 apud
1627 1863 1756 1890 Adamum
1770 1886 1775 1894 ν

983 1918 1044 1937 eum
1060 1909 1160 1938 diceret
1168 1910 1235 1944 fore,
1250 1914 1279 1937 ut
1293 1917 1388 1937 eorttm
1399 1910 1466 1937 oculi
1481 1909 1734 1944 aperirentur(Gon.
1747 1909 1775 1936 5.

985 1956 1014 1991 5)
1029 1964 1079 1983 :ac
1100 1964 1171 1984 nunc
1189 1956 1269 1983 etiam
1292 1955 1361 1991 apud
1384 1955 1524 1990 plerosque
1546 1955 1709 1987 mortalium,
1734 1955 1775 1981 tli-

984 2009 1048 2029 cens
1064 2010 1070 2028 :
1086 2002 1155 2029 Deus
1170 2002 1211 2034 iis,
1230 2009 1289 2036 quin
1303 2001 1388 2028 oculis
1403 2006 1552 2028 cernuntur
1567 2008 1618 2027 non
1634 2000 1774 2034 prospicit,

985 2049 1032 2076 sed
1046 2055 1090 2076 res
1103 2053 1204 2076 vestras
1214 2048 1381 2075 daemonibus
1394 2047 1524 2082 permisit.
1538 2046 1606 2080 Quin
1619 2046 1688 2081 apud
1699 2053 1774 2073 com-

985 2095 1076 2130 plures
1089 2102 1195 2129 quoque
1203 2093 1310 2122 Iudaeos
1319 2093 1453 2121 Christum
1466 2092 1632 2125 traducebat,
1647 2092 1775 2126 imposto-

983 2149 1040 2168 rem
1055 2148 1085 2169 ac
1098 2140 1320 2176 priestigiatorem
1341 2148 1400 2167 etim
1423 2140 1570 2174 appellans.
1588 2140 1708 2172 Quonam
1723 2146 1773 2165 au-

984 2192 1037 2215 tem
1057 2187 1137 2215 modo
1157 2190 1301 2222 operetur,
1322 2186 1414 2213 audire
1435 2185 1548 2216 fortasse
1571 2185 1666 2219 aliquis
1687 2185 1770 2218 cupit.

983 2235 1048 2262 Cum
1063 2238 1180 2261 mentem
1195 2241 1248 2261 non
1261 2233 1390 2260 divinitus
1413 2231 1529 2259 afllatam
1544 2237 1570 2259 et
1586 2239 1638 2259 non
1653 2231 1771 2258 sobriatn

983 2280 1171 2316 cogitationem
1195 2279 1314 2311 invenit.
1329 2287 1388 2314 qua:
1402 2278 1448 2306 Dei
1472 2277 1596 2305 mandata
1614 2285 1666 2304 non
1682 2285 1775 2305 recor-

983 2325 1079 2360 detur,
1109 2333 1159 2353 nec
1192 2325 1275 2360 ipsius
1304 2324 1508 2360 justiﬁcationes
1529 2323 1681 2356 custodiat,
1717 2327 1773 2350 tum

982 2372 1090 2400 demum
1127 2373 1259 2407 captivam
1293 2379 1351 2398 cam
1382 2379 1473 2399 secum
1508 2369 1625 2397 abducit.
1655 2369 1773 2397 Adamn:

982 2419 1091 2454 quippe,
1107 2418 1130 2445 si
1145 2418 1258 2453 hujusce
1272 2417 1391 2445 mandati
1416 2416 1598 2449 meminisset,
1610 2415 1649 2442 De
1662 2415 1730 2442 omni
1741 2415 1773 2442 ιί-

982 2472 1032 2499 gno
1045 2463 1155 2496 comede,
1171 2463 1193 2491 si
1206 2463 1292 2498 legem
1305 2470 1364 2490 eam
1379 2465 1513 2490 servasset
1526 2469 1585 2496 quae
1599 2460 1721 2494 dicebat,
1738 2460 1771 2488 In

982 2518 1138 2545 quacumque
1147 2509 1188 2536 die
1201 2508 1358 2536 comederitis
1371 2528 1378 2540 ,
1394 2512 1474 2534 morte
1488 2506 1630 2534 moriemini
1644 2506 1653 2542 (
1665 2506 1728 2533 Gen.
1742 2506 1770 2534 ‘2.

985 2557 1017 2583 l7
1028 2557 1054 2591 );
1069 2563 1120 2583 non
1136 2563 1166 2582 ea
1177 2575 1185 2586 .
1199 2562 1259 2590 quae
1279 2561 1374 2589 passus
1386 2558 1445 2587 est,
1461 2561 1554 2588 passus
1567 2553 1670 2580 luisset.
1687 2551 1719 2580 Ut
1733 2553 1772 2579 rli-

983 2607 1072 2637 gnetur
1082 2610 1123 2629 eos
1133 2602 1160 2628 in
1171 2606 1281 2636 tempore
1291 2605 1433 2636 opportuno
1444 2601 1546 2627 lavacro
1558 2600 1765 2635 regenerationis,

982 2654 1005 2675 et
1028 2648 1173 2675 remissione
1193 2651 1362 2683 peccatorum.
1388 2645 1515 2679 Quaedam
1535 2646 1607 2673 enim
1629 2645 1772 2680 prmsentia

944 2695 1104 2744 cpetimus,
1120 2693 1242 2728 quaedam
1257 2692 1346 2720 futura
1361 2701 1367 2719 :
1384 2699 1415 2719 ac
1430 2692 1464 2719 de
1478 2693 1584 2719 lavacro
1599 2691 1770 2726 philosopha-

981 2748 1055 2772 inur,
1078 2744 1157 2774 atque
1176 2739 1202 2766 in
1219 2739 1275 2773 ipsa
1292 2737 1420 2773 petitione
1444 2738 1571 2765 docemus
1590 2745 1636 2765 eos
1658 2738 1711 2764 vim
1727 2737 1773 2763 ba-

981 2786 1070 2821 ptiSmi
1086 2785 1219 2820 cognitam
1241 2784 1353 2812 habere.
1378 2784 1446 2811 Hinc
1467 2783 1538 2811 enim
1552 2783 1607 2818 jam
1622 2789 1712 2810 sermo
1725 2789 1773 2808 eos

981 2831 1141 2862 assuefacit.
1164 2835 1194 2858 ut
1216 2830 1366 2865 intelligant
1390 2836 1447 2856 rem
1462 2836 1521 2856 eam
1537 2827 1768 2863 regenerationem

982 2884 1041 2906 esse
1051 2899 1058 2912 ,
1075 2884 1176 2911 nosque
1199 2880 1228 2903 ut
1247 2883 1262 2915 a
1276 2875 1354 2903 vulva
1367 2894 1375 2909 ,
1389 2874 1428 2902 sic
1442 2874 1476 2902 ab
1491 2873 1566 2909 aquis
1581 2872 1670 2900 denuo
1683 2871 1753 2907 gigni
1765 2879 1773 2898 :
