2021 3117
223 171 278 199 ωδ

226 234 254 256 ιιι
268 236 302 256 ne
312 227 350 255 illi
364 233 424 254 cum
437 223 583 252 Nicodemo
597 221 706 252 dicant,
726 217 860 251 Quomodo
875 220 954 252 potest
968 215 1014 241 Ιιο-

224 282 267 301 mo
280 273 350 300 nasci
363 280 419 299 cum
429 271 461 298 sit
473 268 567 297 senem?
579 272 689 302 potestne
699 266 725 292 in
738 269 847 291 ventrem
861 261 949 289 matris
962 267 1016 287 sua:

225 319 329 346 introire
339 339 346 349 ,
362 325 393 344 ac
415 315 485 342 nasci
508 314 589 340 denuo
604 312 699 347 (Joan.
713 311 739 337 ὃ.
755 308 812 345 ΗῚ
826 307 926 335 Deinde
941 310 1015 341 post-

225 373 305 401 quam
317 368 486 399 peccatorum
497 359 681 388 remissionem
697 356 773 386 dixit.
791 363 838 390 per
855 361 886 382 ea
901 361 960 389 quae
973 360 1017 380 se-

227 414 346 446 quuntur
365 409 450 443 ipsam
461 406 601 434 conﬁrmat
624 404 718 432 diecns
732 412 738 429 z
753 402 909 429 Indumenta
928 400 1014 426 incor-

227 444 363 489 ruptionis.
377 452 482 480 Etenim
496 451 540 486 qui
557 451 602 478 ﬁlii
626 449 783 485 dignitatem
807 447 902 479 induit,
924 444 1017 481 procul

226 500 308 527 dubio
333 498 542 533 iucorruptibilis
567 496 692 524 efﬁcitur.
709 494 777 528 Quid
792 498 881 520 autem
901 497 962 524 est,
984 490 1018 518 In

228 551 338 581 tempore
351 545 507 580 opportuno?
518 544 649 571 Nimirum
663 549 722 570 cum
735 541 794 576 quis
811 539 894 575 probe
908 537 1019 565 allectus

227 596 284 625 est,
299 599 359 619 cum
372 591 463 619 animo
475 589 556 617 alacri
569 593 596 617 et
608 596 669 616 cum
684 588 735 615 ﬁde
745 586 848 614 accedit
861 596 867 613 :
878 585 964 612 ﬁdelis
976 588 1019 611 ct-

228 637 299 664 enim
311 637 427 664 hominis
442 639 622 671 opportuuum
637 638 742 668 tempus
764 633 815 659 hoc
830 636 882 658 est.
900 630 933 657 Ut
946 631 1021 656 bene-

229 683 297 710 dicat
309 683 426 710 introitus
439 687 461 709 et
476 683 559 709 exitus
572 689 658 708 eorum
669 700 677 713 ,
693 687 792 706 onmem
805 678 883 704 vitam
894 677 1020 711 ipsorum.

229 728 288 760 lloc,
300 729 358 756 loco
372 727 482 763 aliquid,
499 726 569 762 quod
584 726 618 753 ad
631 731 728 760 corpus
741 728 854 759 spectet,
871 726 963 757 petere
974 721 1021 755 ju-

231 777 343 808 bentur,
359 779 388 802 ut
400 775 444 809 qui
467 774 553 802 adhuc
577 772 724 800 imbecilles
738 771 802 798 sint.
825 769 922 797 Domus
935 776 1021 795 eorum

230 825 254 848 et
274 821 448 847 habitationes.
464 819 520 846 lloc
532 824 591 852 est,
612 819 668 846 sive
686 817 799 844 famulos
814 816 949 847 habeant,
965 814 1022 841 sive

231 872 370 902 cognatos,
383 868 440 894 sive
455 867 521 894 alios
536 864 665 901 quosdam
681 863 858 891 necessarios.
875 861 938 889 Haec
951 860 1022 888 enim

230 918 308 941 erant
318 912 422 940 Veteris
433 911 597 940 Testamenti
614 911 722 946 prwmia
733 919 739 936 :
750 917 801 937 nec
809 908 953 944 quidquam
964 914 1024 941 per-

231 958 293 986 inde
313 965 403 993 grave,
419 962 498 992 atque
512 957 638 985 acerbqu
653 963 714 983 esse
728 955 878 985 videbatur,
893 958 920 980 ut
936 951 1023 979 vidui-

231 1008 284 1037 tas,
299 1007 327 1030 ut
341 1003 469 1031 sterilitas
479 1024 486 1035 ,
501 1008 529 1030 ut
544 1007 703 1037 prannatura
718 1001 823 1033 funera,
835 1003 864 1026 ut
878 999 978 1030 fames,
997 1002 1024 1024 et

232 1049 338 1077 adversi
353 1057 442 1077 rerum
458 1055 608 1076 successus.
624 1047 664 1074 0b
678 1054 738 1074 eam
753 1053 859 1073 causam
873 1044 900 1072 in
917 1044 1025 1079 petitio-

233 1095 313 1123 nibus
329 1095 363 1122 ad
383 1102 481 1130 corpus
505 1093 700 1129 pertinentibus
720 1099 767 1119 cos
791 1089 928 1118 immorari
949 1090 1023 1122 sinit,

233 1143 360 1178 paulatim
372 1143 444 1177 ipsos
456 1141 483 1168 in
496 1141 579 1168 altum
590 1140 751 1167 subveltens.
762 1138 819 1165 Hoc
828 1137 900 1164 enim
912 1141 938 1163 et
949 1135 1026 1162 Citri-

233 1194 292 1217 stus
305 1188 368 1216 facit
383 1192 412 1216 et
424 1187 535 1219 Paulus,
547 1186 671 1220 antiquas
687 1184 811 1211 videlicet
824 1182 1026 1210 benedictiones

235 1240 349 1271 uterque
370 1235 397 1261 in
423 1233 579 1260 memoriam
603 1237 733 1259 revocans
749 1229 889 1257 :Cltristus
912 1235 1026 1262 nempe,

235 1289 294 1308 cum
308 1280 356 1313 ait,
369 1280 443 1307 Beati
456 1279 527 1305 mites
538 1299 545 1309 ,
558 1278 678 1312 quoniam
693 1276 744 1311 ipsi
759 1274 922 1311 possidebunt
935 1279 1028 1300 terram

236 1327 343 1362 (Matth.
359 1327 386 1354 5.
402 1326 429 1362 4)
442 1334 448 1353 :
464 1325 561 1352 Paulus
572 1329 660 1351 autem
671 1344 678 1357 ,
693 1322 800 1349 Honora
815 1326 909 1356 patrem
921 1325 990 1347 tuum
1005 1323 1029 1346 et

235 1377 342 1399 matrem
357 1376 436 1402 tuam,
450 1376 477 1398 ut
491 1371 525 1397 sis
537 1371 665 1405 longaevus
677 1377 755 1403 super
767 1373 871 1394 terram.
888 1365 971 1393 Filios
984 1373 1028 1392 eo-

235 1427 311 1452 rum,
336 1423 362 1445 ut
381 1426 423 1445 eos
441 1426 534 1453 augeas
551 1422 573 1444 et
588 1415 719 1443 beitedicas
730 1435 737 1447 ,
749 1420 824 1448 atque
835 1414 869 1440 ad
885 1419 1029 1440 mensuram

237 1465 319 1492 (etatis
333 1463 467 1497 perductos
477 1462 601 1496 sapientia
616 1462 726 1488 instruas
738 1459 846 1496 (Ep/tes.
860 1459 886 1487 6.
901 1459 927 1485 Ξ.
944 1457 983 1493 5).

273 1511 299 1538 8.
318 1511 365 1538 llic
381 1516 473 1537 rursus
487 1509 583 1544 partim
594 1515 765 1543 corporeum,
779 1507 874 1541 partim
890 1504 1029 1540 spirituale

239 1557 397 1585 beneﬁcium
414 1556 479 1590 ipsis
497 1557 579 1589 poscit
594 1575 602 1587 ,
617 1558 710 1589 utpote
725 1553 822 1588 puerili
834 1552 922 1579 adhuc
939 1551 1030 1578 animo

242 1603 370 1638 prmditis.
385 1601 461 1635 Quod
475 1605 563 1628 autem
578 1600 708 1635 sequitur,
723 1599 796 1626 omni
812 1606 844 1625 ex
857 1603 932 1633 parte
949 1597 1029 1632 spiri-

239 1651 311 1678 tuale
322 1654 373 1682 est,
391 1649 425 1677 Ut
439 1649 524 1676 omnia
538 1655 595 1683 qua:
613 1648 675 1682 ipsis
690 1646 819 1682 proposita
832 1650 920 1676 erunt,
936 1644 970 1671 ad
981 1644 1032 1670 uti-

239 1696 334 1723 litatem
348 1695 451 1730 dirigat.
478 1694 536 1721 Non
548 1693 619 1720 enim
639 1691 800 1726 simpliciter
812 1699 872 1726 qua:
895 1689 1030 1725 proposita

240 1747 328 1775 erunt,
343 1741 390 1769 sed
406 1749 465 1776 qua:
479 1741 511 1767 ad
527 1739 679 1768 utilitatem.
696 1738 773 1773 Stepe
787 1738 858 1765 enim
876 1736 1030 1771 peregrina-

241 1788 278 1814 tio
290 1787 375 1822 aliqua
396 1786 560 1819 instituitur,
582 1785 628 1812 sed
652 1785 762 1811 minime
786 1783 928 1815 conducit;
951 1786 1031 1815 atque

240 1832 312 1860 aliud
327 1832 454 1868 quiddam
477 1831 578 1863 simile,
600 1830 670 1866 quod
695 1837 745 1857 nec
766 1829 829 1856 item
846 1828 909 1855 utile
922 1831 973 1855 est.
992 1826 1030 1853 Ex

240 1879 336 1914 quibus
359 1878 409 1905 hoc
421 1877 548 1910 discunt,
566 1877 621 1904 Deo
644 1877 670 1903 in
685 1875 810 1902 omnibus
835 1874 917 1901 rebus
931 1873 1030 1908 gratias

240 1932 339 1960 agere,
355 1928 384 1951 ut
408 1932 466 1959 qum
486 1923 521 1951 ad
544 1931 637 1951 eorum
662 1922 832 1950 commodum
849 1926 876 1949 et
890 1921 1030 1948 utilitatem

242 1972 316 1998 ﬁant.
341 1971 403 1998 Post
425 1970 483 1998 haec
497 1970 585 1997 omnia
606 1970 723 2004 jam'eos
738 1975 848 2002 surgere
863 1967 949 2001 jubet.
965 1965 1031 1992 Nam

240 2025 302 2045 cum
315 2017 387 2052 prius
399 2024 446 2044 eos
461 2017 532 2043 humi
544 2021 694 2051 prostratos
706 2015 846 2047 tenuisset,
859 2018 1031 2048 posteaquam

240 2072 272 2092 ea
288 2064 422 2100 petierunt
433 2071 492 2098 qua:
514 2063 666 2098 petierunt,
681 2070 712 2088 ac
726 2060 822 2088 ﬁducia
844 2059 937 2094 repleti
953 2063 1031 2090 sunt,

239 2111 295 2145 jam
310 2117 357 2138 cos
368 2116 457 2137 sermo
470 2108 559 2144 erigit,
573 2116 604 2135 ac
618 2108 746 2142 deinceps
762 2107 835 2141 ipsos
848 2113 952 2140 quoque
965 2112 1028 2139 pre-

241 2158 375 2185 cationem
387 2157 418 2183 ad
431 2157 512 2183 Deum
527 2155 649 2190 amplecti
661 2154 747 2189 jubet.
759 2153 896 2188 Siquidem
910 2152 1031 2188 quavdam

243 2210 292 2230 ιιος
325 2203 440 2229 dicimus
451 2221 459 2234 ,
485 2201 607 2236 quaedam
634 2208 726 2227 rursus
742 2199 807 2234 ipsis
822 2199 1013 2226 committimus
1024 2218 1031 2230 ,

242 2250 376 2285 pelitionis
415 2256 511 2283 nempe
540 2248 636 2282 januas
669 2247 735 2281 ipsis
770 2246 921 2281 aperientes
948 2254 954 2272 :
979 2251 1031 2271 non

241 2304 319 2324 secus
333 2295 458 2323 videlicet
472 2302 503 2321 ac
519 2301 617 2329 pueros
630 2293 745 2328 primum
757 2293 806 2327 ipsi
818 2292 956 2323 docemus,
973 2294 1033 2325 post

241 2347 330 2370 autem
352 2342 425 2376 ipsos
438 2348 542 2376 quoque
565 2340 636 2375 loqui
646 2339 782 2375 jubemus.
797 2337 888 2373 Itaque
902 2336 953 2363 hoc
968 2335 1032 2370 ipsis

240 2388 371 2421 dicimus,
388 2387 511 2422 Angelum
534 2386 603 2421 pacis
637 2385 732 2420 petite,
747 2393 761 2411 ο
784 2382 965 2411 catechumeui.
985 2381 1034 2408 Est

240 2434 338 2469 quippe
351 2431 462 2466 angelus
473 2431 553 2458 etiam
567 2431 715 2458 cruciatum
730 2428 859 2461 inferens,
871 2432 900 2454 ut
910 2434 969 2454 cum
987 2426 1032 2453 ille

240 2480 296 2513 ait,
321 2479 508 2506 lmmissionem
525 2486 571 2513 per
588 2477 691 2512 angelos
713 2476 794 2502 malos
807 2474 893 2512 (Psal.
911 2473 955 2501 77.
971 2473 1043 2508 54).,

241 2526 288 2553 Est
301 2530 327 2552 et
337 2524 446 2559 angelus
455 2523 656 2551 exterminator.
669 2523 707 2549 Ac
721 2519 833 2556 prOvide
848 2527 894 2547 eos
905 2518 1029 2553 angelum

241 2571 315 2607 pacis
325 2575 415 2605 petere
426 2569 563 2604 jubemus,
575 2568 702 2596 docentes
714 2573 771 2598 eos,
782 2565 806 2593 id
816 2565 886 2600 quod
899 2564 1028 2591 bonorum

239 2618 358 2646 omnium
367 2616 501 2644 vinculum
509 2615 619 2648 est,hoc
626 2618 678 2646 est,
695 2620 786 2648 pacem
796 2611 947 2647 postulare:
957 2611 990 2637 ita
1002 2614 1030 2636 ut

239 2666 274 2694 ab
286 2664 359 2692 omni
374 2671 461 2699 pugna
477 2683 484 2695 ,
498 2662 532 2690 ab
553 2661 626 2688 omni
643 2659 723 2693 bello,
738 2663 765 2687 et
779 2658 813 2685 ab
828 2658 900 2686 omni
916 2656 1028 2684 dissidio

239 2711 336 2741 absint.
352 2709 465 2744 Paciﬁco
475 2708 542 2735 vobis
553 2706 637 2734 omnia
651 2713 707 2741 quoe
717 2708 902 2740 proponuntur.
917 2703 1030 2731 Utcum—

239 2765 291 2793 que
307 2756 376 2784 enim
389 2762 469 2790 grave
484 2752 582 2788 aliquid
596 2753 646 2785 sit,
663 2751 725 2778 dum
743 2755 831 2778 tamen
846 2757 937 2786 pacem
950 2749 1026 2784 quis-

593 163 622 191 S.
636 158 774 189 JOANNIS
792 152 1028 186 CIIRYSOSTOMI
1046 152 1203 182 ARCHIEP.
1223 154 1490 185 CONSTANTINOP.

1803 151 1856 178 404

1070 212 1141 246 piam
1156 213 1262 248 habeat,
1273 215 1331 243 leve
1344 221 1395 243 est.
1412 217 1505 252 quue
1522 217 1603 245 etiam
1618 219 1726 247 nomine
1739 219 1865 249 Christus

1068 258 1191 293 dicebat,
1205 260 1300 288 Pacem
1314 270 1396 289 meam
1406 262 1439 290 do
1449 263 1517 290 vobis
1530 263 1540 298 (
1548 263 1674 293 10am”.
1690 267 1725 293 27
1735 265 1755 301 >.
1769 266 1865 302 Neque

1069 305 1140 332 enim
1156 306 1237 333 ullum
1249 314 1385 335 armorum
1401 316 1484 343 genus
1500 309 1608 337 diabolo
1622 318 1697 345 (eque
1711 311 1818 339 ﬁrmum
1832 319 1866 340 ac

1069 351 1186 379 validum
1201 357 1251 384 est,
1265 357 1294 380 ut
1311 361 1396 388 pugna
1410 359 1437 381 et
1451 355 1574 382 simultas
1587 363 1618 384 ac
1638 357 1749 384 bellum.
1764 358 1867 393 Paci/i-

1070 406 1128 424 eum
1141 398 1208 425 [tunc
1218 400 1283 426 diem
1294 421 1302 434 ,
1314 405 1388 436 atque
1398 410 1483 429 omnes
1494 403 1551 430 uiue
1561 408 1648 431 vestra:
1660 404 1714 431 dies
1727 406 1866 440 postulate.

1070 444 1194 472 Vidistin’
1205 453 1298 473 rursus
1309 448 1443 482 quomodo
1456 449 1609 476 universam
1626 450 1707 477 vitam
1724 451 1749 478 in
1762 453 1865 479 virtute

1073 492 1180 527 transigi
1196 493 1304 528 iubeat?
1317 493 1474 522 Christianos
1489 500 1585 522 vestros
1598 496 1679 530 ﬁnes;
1692 498 1801 532 etquod
1816 498 1868 525 bo-

1072 546 1167 566 norum
1180 544 1260 574 caput
1273 544 1325 573 est,
1336 541 1404 575 quod
1414 542 1545 568 honestum
1556 546 1591 569 est
1602 547 1624 569 et
1637 543 1703 577 quod
1712 544 1783 571 utile.
1797 543 1867 572 Nam

1072 583 1143 619 quod
1159 583 1301 612 honestum
1315 593 1368 612 non
1384 591 1434 618 est,
1451 586 1476 613 id
1491 594 1525 614 ne
1541 587 1604 614 utile
1619 587 1726 622 quidem
1741 596 1801 616 csse
1816 596 1870 624 po-

1074 635 1136 657 test.
1153 630 1212 657 Alia
1225 631 1296 658 enim
1321 639 1410 659 rerum
1425 632 1529 659 utilium
1544 633 1614 667 apud
1630 641 1678 660 nos
1693 638 1786 661 natura
1803 639 1845 662 est
1858 654 1867 666 .

1074 684 1154 711 quam
1172 677 1266 712 vulgus
1280 677 1414 712 opinatur.
1434 678 1484 705 Vos
1497 680 1566 713 ipsos
1582 678 1634 706 Deo
1647 679 1736 706 uiuenti
1749 688 1779 706 ae
1787 679 1869 708 Chri-

1074 727 1112 749 sto
1125 723 1205 758 ipsius
1218 724 1402 752 commendate.
1422 723 1546 752 Nondum
1561 725 1632 752 enim
1658 726 1708 752 hoc
1724 726 1777 754 illis
1791 733 1869 754 com-

1075 769 1217 803 mittimus,
1232 775 1260 797 ιιι
1279 778 1328 805 pro
1340 771 1400 799 aliis
1416 776 1494 798 orent
1505 792 1511 804 ,
1528 771 1574 799 sed
1591 772 1717 806 prmclare
1731 773 1773 807 agi
1787 778 1870 808 puta-

1076 824 1146 849 mus,
1161 817 1182 843 si
1198 824 1246 852 pro
1256 817 1352 852 seipsis
1362 825 1441 846 orare
1451 822 1559 852 queant.
1571 818 1686 846 Videsne
1697 825 1776 853 quam
1788 819 1869 853 plena

1075 867 1101 890 et
1115 862 1235 891 numeris
1245 863 1368 891 omnibus
1379 864 1499 891 absoluta
1512 864 1629 898 precatio
1640 865 1684 898 sit,
1697 865 1753 892 sive
1767 866 1872 893 doctri-

1077 917 1138 936 nam
1165 910 1222 937 sive
1235 910 1316 937 vitam
1339 910 1515 938 consideres?
1536 910 1601 938 Nam
1621 918 1681 938 cum
1703 912 1869 947 evangelium

1076 953 1201 986 dicimus.
1218 962 1278 982 cum
1294 955 1503 990 incorruptionis
1517 956 1703 984 indumentum
1716 978 1724 990 ,
1738 965 1799 984 cum
1822 965 1870 985 re-

1077 1000 1259 1035 generationis
1273 1000 1417 1034 lavacrum,
1429 1001 1578 1029 doctrinam
1593 1003 1742 1030 universam
1757 1003 1798 1031 his
1811 1012 1874 1032 ver-

1078 1047 1121 1075 bis
1144 1048 1359 1083 complectimur.
1385 1049 1489 1076 Rursus
1503 1057 1566 1076 cum
1589 1054 1706 1078 mentem
1719 1050 1809 1078 divino
1822 1059 1875 1078 nuv

1078 1094 1151 1121 mine
1160 1093 1275 1121 afﬁatam
1287 1115 1294 1126 ,
1310 1102 1370 1122 cum
1379 1094 1497 1122 sobriam
1511 1095 1710 1130 cogitationem,
1724 1103 1784 1123 cum
1795 1096 1874 1124 deni-

1079 1148 1131 1175 que
1144 1144 1240 1168 cmlera
1253 1161 1260 1173 ,
1274 1148 1334 1176 qua:
1350 1149 1365 1167 a
1387 1141 1465 1169 nobis
1478 1146 1687 1169 commemorata
1702 1147 1775 1175 sunt.
1789 1143 1875 1170 vitam

1080 1187 1273 1222 signiﬁcamus.
1289 1187 1401 1214 Domum
1415 1195 1462 1215 eos
1476 1187 1564 1223 capita
1578 1188 1708 1216 inclinare
1730 1188 1873 1224 iubemus,

1081 1233 1133 1260 hoc
1148 1233 1273 1260 videlicet
1297 1238 1454 1268 argumento
1478 1242 1572 1269 preces
1585 1234 1725 1262 exauditos
1739 1242 1800 1262 esse
1815 1239 1875 1262 sla-

1082 1282 1197 1311 tuentes,
1214 1279 1285 1314 quod
1296 1279 1365 1306 Deus
1378 1287 1424 1307 cos
1435 1280 1587 1308 benedicat.
1601 1281 1693 1316 Neque
1706 1281 1776 1308 enim
1792 1281 1876 1308 homo

1081 1329 1124 1352 est
1138 1326 1182 1360 qui
1199 1324 1347 1358 benedicit,
1362 1325 1410 1353 sed
1432 1333 1479 1360 per
1501 1326 1573 1353 illius
1588 1334 1697 1353 manum
1711 1334 1742 1354 ac
1755 1327 1875 1362 linguam

1082 1371 1137 1405 regi
1149 1371 1199 1405 ipsi
1207 1371 1294 1406 capita
1305 1379 1410 1405 eorum,
1423 1372 1468 1406 qui
1484 1371 1591 1405 adsunt,
1603 1372 1751 1400 oll'erimus.
1767 1373 1806 1400 Ac
1819 1378 1875 1400 tum

1083 1417 1227 1444 inclamant
1238 1425 1342 1451 omnes,
1359 1418 1448 1445 Amen.
1465 1418 1527 1445 Haec
1541 1423 1630 1446 autem
1643 1419 1732 1447 omnia
1744 1428 1875 1455 quorsqu

1083 1462 1190 1490 tandem
1207 1471 1221 1489 a
1237 1471 1280 1491 me
1301 1464 1373 1491 dicta
1397 1464 1475 1491 sunt?
1499 1464 1534 1492 Ut
1558 1465 1668 1492 doceam
1693 1473 1742 1492 nos
1757 1466 1875 1493 aliorum

1083 1509 1222 1536 commoda
1236 1517 1358 1544 quaerere
1372 1509 1485 1543 debere,
1501 1517 1532 1538 ac
1545 1518 1578 1538 ne
1590 1515 1684 1545 putent
1698 1510 1792 1538 ﬁdeles
1805 1512 1875 1544 inec,

1083 1563 1142 1582 cum
1167 1556 1329 1588 recitantur,
1353 1556 1419 1583 nihil
1441 1556 1474 1583 ad
1490 1564 1519 1584 se
1535 1558 1681 1592 pertinere.
1696 1556 1787 1592 Neque
1803 1559 1876 1585 enim

1083 1601 1116 1628 ad
1129 1601 1245 1636 parietes
1260 1601 1388 1629 diaconus
1406 1602 1533 1637 loquitur,
1548 1611 1609 1630 cum
1632 1603 1687 1635 ait,
1707 1603 1814 1630 Oremus
1829 1611 1877 1638 pro

1083 1647 1278 1674 oatechumenis.
1293 1648 1391 1675 Verum
1418 1648 1537 1676 nonnulli
1561 1649 1628 1676 adeo
1642 1654 1762 1677 amentes
1772 1670 1780 1682 ,
1796 1655 1878 1684 atque

1084 1693 1169 1728 ignavi
1183 1701 1215 1720 ac
1229 1693 1350 1721 dissoluti
1366 1699 1438 1726 sunt,
1455 1699 1482 1721 ut
1497 1702 1549 1721 non
1564 1696 1644 1722 modo
1661 1696 1688 1722 in
1702 1695 1877 1724 catechume-

1085 1748 1190 1772 norum,
1208 1740 1254 1767 sed
1270 1740 1349 1767 ctiam
1365 1740 1482 1768 ﬁdelium
1500 1746 1619 1777 tempore
1635 1747 1706 1769 stent
1719 1748 1798 1777 atque
1810 1751 1877 1771 con—

1085 1785 1246 1813 labulentur.
1271 1786 1337 1813 llinc
1359 1787 1449 1814 omnia
1470 1787 1598 1815 subversa
1613 1792 1693 1820 sunt,
1710 1788 1772 1816 hinc
1786 1790 1877 1817 omnia

1085 1833 1222 1867 perierunt
1238 1841 1244 1859 :
1261 1833 1321 1867 quia
1336 1841 1388 1868 quo
1405 1839 1525 1868 tempore
1540 1835 1658 1862 maxime
1673 1834 1822 1862 curandum
1836 1839 1877 1862 est

1085 1884 1113 1905 ut
1127 1878 1211 1905 Deum
1231 1879 1309 1906 nobis
1325 1879 1530 1906 recouciliemus
1542 1900 1549 1912 ,
1565 1879 1616 1906 hoc
1639 1880 1697 1914 ipso
1712 1880 1746 1906 ita
1760 1880 1877 1907 discedi-

1085 1931 1161 1954 mus,
1177 1927 1202 1950 ut
1219 1923 1278 1958 ejus
1299 1923 1364 1950 iram
1382 1924 1407 1950 in
1423 1931 1470 1951 nos
1486 1925 1661 1952 concitemus.
1677 1925 1814 1959 Siquidem
1830 1933 1875 1953 co-

1085 1977 1141 1996 ram
1158 1969 1281 1996 lldelibus
1295 1977 1342 2004 pro
1356 1970 1499 2005 episcopis,
1515 1978 1562 2005 pro
1577 1971 1751 2006 presbyteris,
1765 1978 1815 2006 pro
1832 1979 1877 1999 re-

1085 2016 1179 2050 gibus,
1200 2023 1248 2050 pro
1274 2016 1498 2051 imperatoribus,
1524 2024 1572 2051 pro
1595 2021 1663 2044 terra
1688 2022 1714 2045 et
1729 2018 1813 2050 mari,
1829 2025 1877 2052 pro

1085 2062 1154 2089 acris
1168 2063 1296 2097 temperie
1308 2083 1315 2095 ,
1330 2062 1446 2097 denique
1463 2071 1510 2098 pro
1525 2064 1650 2091 universo
1665 2069 1796 2091 terrarum
1811 2065 1877 2092 orbo

1085 2107 1227 2142 benignum
1240 2107 1380 2134 Dominum
1392 2107 1610 2142 adirejubemur.
1625 2108 1804 2142 Quamobrem
1815 2117 1876 2138 cum

1086 2161 1144 2187 nos,
1155 2154 1198 2188 qui
1213 2158 1284 2181 tanta
1300 2153 1393 2181 ﬁducia
1406 2154 1509 2189 praediti
1524 2162 1585 2182 esse
1600 2154 1741 2187 debemus.
1757 2160 1786 2182 ut
1796 2155 1875 2193 etiam

1086 2208 1133 2235 pro
1155 2200 1214 2228 aliis
1229 2208 1355 2234 oremus,
1380 2208 1414 2228 ne
1435 2208 1482 2235 pro
1506 2200 1584 2237 nobis
1604 2201 1712 2235 quidem
1727 2206 1831 2228 attento
1845 2209 1877 2229 ac

1086 2246 1203 2281 vigilanti
1236 2246 1326 2274 animo
1351 2254 1510 2281 precemur,
1537 2247 1648 2280 quinam
1674 2248 1874 2280 excusationis,

1085 2293 1192 2327 quinam
1209 2294 1294 2320 venia:
1318 2293 1396 2321 nobis
1411 2294 1486 2320 locus
1506 2301 1566 2321 esse
1587 2293 1688 2328 possit?
1706 2294 1748 2321 -Ac
1764 2294 1877 2328 proinde

1084 2333 1207 2372 obsecro,
1223 2343 1252 2365 ut
1264 2339 1321 2366 lucc
1335 2340 1423 2366 omnia
1437 2339 1527 2366 animo
1541 2347 1574 2366 ac
1587 2343 1676 2367 mente
1691 2340 1876 2374 complecten-

1085 2388 1142 2415 tes,
1160 2384 1321 2414 precationis
1349 2388 1454 2418 tempus
1475 2391 1668 2419 agnoscamus,
1693 2385 1876 2419 sublimcsque

1084 2431 1226 2459 elleramur
1241 2436 1321 2466 atque
1335 2439 1350 2458 a
1366 2436 1436 2458 terra
1456 2431 1634 2463 excedamus,
1653 2431 1794 2466 ipsumque
1817 2431 1875 2458 czcli

1084 2479 1213 2506 fornicem
1234 2479 1414 2513 attingamus,
1436 2483 1464 2505 ut
1487 2478 1570 2504 Deum
1594 2478 1670 2505 nobis
1690 2477 1834 2512 propitium
1850 2482 1876 2504 ct

1083 2523 1217 2559 placidum
1231 2523 1354 2563 reddere,
1369 2530 1400 2550 ac
1415 2524 1546 2557 promissa
1560 2523 1629 2550 bona
1644 2523 1773 2557 consequi
1790 2523 1876 2558 possi-

1083 2578 1161 2597 mus:
1173 2577 1233 2605 qua:
1245 2569 1345 2596 utinam
1357 2569 1484 2604 consequi
1497 2569 1573 2596 nobis
1587 2570 1735 2602 contingat,
1751 2576 1800 2603 per
1812 2576 1875 2603 gra-

1083 2616 1147 2642 tiam
1161 2623 1194 2642 ac
1207 2615 1417 2642 misericordiam
1434 2613 1540 2641 Domini
1566 2614 1650 2641 nostri
1673 2614 1736 2641 .lesu
1750 2614 1849 2641 Christi
1861 2634 1869 2646 ,

1083 2662 1189 2696 quicum
1200 2661 1270 2689 Patri
1281 2666 1308 2689 et
1319 2661 1428 2696 Spiritui
1440 2664 1534 2688 sancto
1544 2660 1639 2695 gloria,
1654 2659 1808 2695 imperium,
1822 2659 1872 2687 lio-

1083 2716 1150 2740 nor.
1175 2716 1245 2736 nunc
1268 2713 1294 2736 et
1319 2715 1444 2743 semper,
1469 2712 1497 2735 et
1521 2707 1547 2734 in
1569 2706 1667 2735 saqula
1698 2706 1870 2734 smculorum.

1082 2754 1178 2782 Amen.
