1984 3126
127 133 178 165 ωδ

632 149 634 151 -
658 131 691 159 IN
711 131 816 160 EPIST.
838 131 858 159 ll
890 132 936 160 AD
949 133 1027 161 ουκ.
1049 134 1163 163 ιιοΜιι.
1186 135 1229 163 ιιι.

1720 140 1771 168 MM

830 238 996 269 HOMlLIA
1017 239 1069 270 ΙΙΙ.

127 315 191 342 (in.
221 313 247 341 Ι.
272 321 299 339 v.
322 313 364 340 l2.
381 311 451 339 Nam
476 310 559 347 gloria
579 315 665 337 nastra
682 310 734 337 lucc
748 314 794 341 est,
809 309 921 336 testimo-

162 361 231 387 nium
253 360 413 386 conscientice
433 364 542 388 nostra,
568 356 636 393 quod
665 357 691 383 in
716 356 877 391 simplicitate
900 360 923 382 et

160 408 303 434 sinceritate
324 405 389 439 Dei,
406 409 428 431 et
449 413 499 431 non
514 404 541 430 in
557 404 681 439 sapientia
704 403 811 433 carnali,
838 402 881 428 scd
895 403 921 428 in

160 453 243 488 gratia
256 452 304 478 Dei
316 451 454 477 conrersoti
469 457 554 476 sumus
568 450 595 475 in
608 448 712 475 mundo.

161 500 186 526 1.
202 497 244 524 EI
259 505 323 532 pura
337 496 489 522 conscientia
504 498 598 530 quanta
608 492 748 521 consolatio
763 493 869 520 oriatur.
882 505 920 511 σ-

128 546 174 572 llic
196 551 304 571 rursum
328 542 399 569 aliud
415 549 520 576 quoqtte
534 548 587 568 non
603 548 712 576 parvum
728 538 919 567 consolatioais

124 595 310 625 argumentum
336 588 413 615 nobis
441 587 547 622 aperit,
579 586 633 613 imo
652 592 779 622 perquam
807 585 917 619 ingens,

123 637 249 672 quodque
277 635 395 662 animum
424 634 451 661 in
478 633 605 668 periculis
629 633 788 660 demersum
815 632 918 666 erigere

123 688 214 719 queat.
229 681 361 717 Quoniam
375 681 445 709 enim
461 680 576 712 dixerat,
591 679 659 706 Deus
670 687 714 706 nos
728 678 829 711 eripuit,
838 682 918 712 atque

123 730 147 758 id
172 733 259 756 totum
284 726 501 756 miserationibus
525 726 572 753 Dei
596 725 772 760 precibusque
798 724 917 758 ipsorum

122 776 322 810 adscripserat;
345 782 379 801 ne
394 773 445 801 hac
459 773 565 800 ratione
589 772 720 799 auditoris
735 771 853 797 animum
868 777 916 796 stt-

123 823 214 857 pinum
237 829 270 849 ac
291 820 445 856 languidum
465 820 608 852 redderet,
625 823 716 853 utpote
741 817 792 845 Dei
813 817 917 844 miseri-

122 869 221 896 utrdia:
236 869 376 896 dumtaxat
388 867 557 901 aliorumque
573 866 703 901 precibus
723 864 914 896 conlidentem,

124 915 243 944 ostendit
257 916 330 950 ipsos
344 922 450 950 quoque
464 921 516 940 non
532 921 625 948 parum
640 920 673 940 ex
699 920 728 939 se
744 911 914 947 praestitisse.

126 965 212 999 Atque
236 962 262 989 id
282 961 388 997 quidem
402 961 477 996 prius
490 960 570 987 etiam
587 959 627 986 his
641 959 728 986 verbis
751 957 914 990 declaravit,

123 1010 195 1036 Sicut
219 1008 349 1035 abundant
373 1008 504 1043 passiones
528 1006 622 1033 Christi
644 1006 670 1032 in
686 1005 772 1037 nobis,
787 1004 822 1030 sic
840 1004 916 1030 etiam

122 1055 234 1082 abundat
249 1053 388 1081 consolatio
400 1058 486 1080 nostra
502 1060 511 1078 :
525 1052 569 1079 ltic
582 1055 671 1078 autem
685 1051 756 1077 aliud
769 1058 784 1076 a
798 1058 827 1077 se
843 1054 915 1077 recte

123 1102 220 1129 factum
235 1104 441 1128 commemorat.
465 1099 607 1133 Quodnam
635 1097 703 1124 hoc?
727 1096 858 1130 Quoniam
888 1096 914 1122 in

123 1155 184 1182 pura
199 1146 364 1174 conscientia
380 1145 542 1179 minimeque
564 1144 623 1171 ﬁcta
639 1147 728 1170 mente
744 1142 842 1176 ubique
859 1146 914 1168 ter-

123 1201 211 1220 rarum
224 1193 378 1220 conversati
394 1199 495 1224 smnus,
520 1191 614 1225 inqttit.
638 1190 695 1217 Hoc
720 1196 800 1224 porro
814 1188 846 1215 ad
864 1196 913 1215 no-

123 1245 203 1267 stram
217 1239 429 1266 consolationem
455 1242 482 1264 et
503 1237 717 1265 cohortationem
744 1243 797 1262 non
821 1242 913 1269 parum

123 1286 250 1313 momenti
267 1285 364 1317 habet;
379 1292 429 1311 nec
451 1284 484 1310 ad
500 1283 711 1310 consolationem
729 1285 849 1314 tantum,
866 1279 913 1307 sed

121 1334 153 1359 ad
163 1332 237 1360 aliud
252 1332 333 1360 etiam
348 1332 467 1366 insuper,
477 1330 548 1366 quod
562 1329 744 1357 consolatione
757 1328 834 1362 longe
847 1335 914 1361 pra:-

122 1380 235 1407 stantius
247 1385 300 1412 est,
318 1379 368 1405 huc
380 1383 431 1411 est,
442 1379 474 1404 ad
488 1377 684 1412 gloriationem.
700 1375 746 1402 His
755 1380 843 1402 autem
853 1381 914 1401 ver-

123 1424 162 1452 bis
181 1425 279 1459 partim
303 1432 349 1452 eos
373 1423 469 1457 docet,
484 1427 512 1450 ut
536 1423 562 1449 in
583 1422 773 1449 afﬂictionibus
804 1420 913 1447 minime

121 1471 218 1498 animis
231 1471 402 1506 frangantur,
410 1470 458 1498 sed
473 1469 561 1505 potius
574 1469 732 1504 glorientur,
747 1476 807 1495 eum
820 1475 912 1502 puram

120 1517 314 1544 conscientiam
328 1516 443 1544 habeant
457 1524 463 1543 :
478 1516 575 1551 partim
590 1515 670 1542 etiam
687 1515 768 1541 falsos
777 1513 913 1549 apostolos

122 1564 203 1591 tacite
229 1562 397 1598 perstringit.
424 1562 457 1589 Et
476 1560 700 1596 quemadmodum
729 1560 754 1587 in
774 1560 913 1594 superiore

119 1609 235 1644 epistola
256 1608 305 1639 ait,
324 1608 393 1635 Misit
406 1616 445 1634 me
460 1607 574 1635 Christus
588 1611 615 1633 ut
629 1606 806 1642 evangelium,
819 1614 868 1632 non
886 1606 912 1632 in

119 1655 245 1689 sapientia
260 1655 393 1688 sermonis,
407 1662 438 1681 ne
458 1658 588 1681 evacuetur
608 1662 670 1680 crum
682 1652 776 1680 Christi
796 1653 834 1685 (l.
851 1651 910 1679 Cor.

119 1702 144 1728 L
155 1700 200 1737 17)
211 1709 218 1734 ;
232 1705 270 1733 et,
283 1700 317 1728 Ut
327 1700 391 1735 ﬁdes
401 1705 482 1727 vestra
494 1708 543 1727 non
554 1700 586 1726 sit
597 1700 622 1725 in
633 1699 755 1734 sapientia
769 1699 909 1730 hominum,

117 1749 162 1775 sed
177 1749 205 1774 in
222 1748 335 1782 potentia
352 1746 397 1773 Dei
410 1746 448 1782 (Ι.
462 1746 521 1774 Cor.
535 1745 561 1772 Ξ.
577 1747 604 1780 5)
621 1755 628 1773 :
644 1746 682 1772 sic
695 1746 775 1772 etiam
789 1745 838 1772 ltoc
854 1746 912 1771 loco

118 1796 167 1828 ait,
186 1794 250 1821 Non
264 1795 291 1821 in
303 1794 439 1828 sapientia,
454 1793 498 1820 sed
512 1793 537 1819 in
549 1793 631 1829 gratia
645 1792 747 1820 Christi.
758 1792 826 1826 Qttin
840 1792 910 1819 aliud

114 1848 225 1876 quoque
240 1840 283 1867 his
299 1840 388 1867 verbis
403 1840 590 1872 subindicavit,
609 1839 667 1865 .Von
680 1839 705 1865 in
713 1839 848 1873 sapientia,
861 1838 911 1865 hoc

113 1893 155 1915 est
166 1908 173 1920 ,
189 1895 245 1915 non
262 1887 288 1914 in
310 1886 404 1914 fraude
418 1895 425 1914 :
441 1887 566 1913 nimirum
588 1886 632 1913 hic
646 1893 753 1920 quoque
769 1885 909 1919 profatmm

114 1934 298 1960 eruditionem
321 1933 463 1967 impetens.
490 1931 578 1959 Gloria
600 1932 666 1959 enim
693 1937 779 1958 nostra
795 1931 847 1958 haec
862 1935 909 1963 est,

114 1979 216 2014 inquit,
234 1978 405 2006 testimonium
419 1978 579 2005 conscientitz
590 1982 693 2004 nostrte.
713 1976 768 2003 Hoc
781 1982 830 2009 est,
847 1984 911 2003 con-

112 2025 228 2052 scientia
254 2030 355 2056 nostra,
371 2032 430 2059 qua}
450 2031 499 2052 nos
523 2024 703 2051 condemnare
725 2024 826 2058 nequit,
843 2027 910 2050 tam-

111 2079 192 2106 quam
208 2070 258 2106 qui
270 2071 304 2098 οι)
318 2070 437 2105 improba
452 2069 566 2097 facinera
591 2070 766 2102 exagitentur.
783 2069 909 2103 Quamvis

110 2117 183 2144 cnim
201 2116 355 2143 innumeris
367 2116 562 2143 calamitatibus
575 2115 733 2147 afﬁciantur,
743 2120 822 2149 atque
833 2114 909 2141 undi-

108 2171 162 2198 que
187 2164 355 2199 impetamur
374 2167 401 2189 et
426 2161 625 2197 periclitentur,
657 2160 735 2188 nobis
761 2165 849 2188 tamen
874 2160 907 2186 ad

106 2209 341 2240 consolationem,
356 2215 406 2235 nec
425 2208 458 2235 ad
480 2207 690 2238 consolationem
714 2211 815 2233 tantmn
829 2227 836 2237 ,
860 2206 908 2233 sed

105 2256 189 2283 etiam
202 2255 240 2282 ad
254 2262 382 2281 coronam
396 2253 494 2281 sufﬁcit
508 2253 670 2281 conscientia
686 2260 746 2287 quae
768 2260 832 2287 pura
855 2257 906 2284 est,

105 2302 249 2337 nobisque
274 2300 327 2328 hoc
352 2300 526 2333 testiﬁcatur,
553 2307 602 2327 nos
629 2307 680 2327 non
700 2299 809 2327 sceleris
827 2299 907 2327 ullius

104 2357 197 2381 causa,
216 2347 270 2375 sed
286 2347 321 2374 ob
337 2347 383 2374 Dei
397 2347 573 2377 voluntatem.
585 2346 620 2373 ob
633 2346 777 2378 virtutem,
801 2346 835 2373 ob
850 2345 908 2380 phi-

103 2395 278 2430 IOsophiam,
294 2393 329 2420 ob
342 2392 486 2420 multorum
500 2392 612 2419 salutem
628 2392 684 2419 haec
699 2392 764 2426 pati.
781 2392 819 2419 Ac
833 2392 907 2426 prior

102 2441 216 2475 quidem
235 2439 283 2467 illa
305 2439 453 2466 consolatio
471 2445 487 2465 a
507 2438 564 2465 Deo
580 2438 720 2470 manabat;
743 2437 800 2464 haec
818 2442 906 2464 autem

103 2487 135 2514 ab
162 2487 235 2522 ipsis
264 2490 346 2520 atque
361 2491 376 2511 a
399 2484 459 2511 vita:
484 2484 599 2519 puritate
622 2483 807 2518 colligebatur.
825 2483 903 2511 Unde

102 2533 185 2559 etiam
201 2531 324 2566 gloriam
341 2530 424 2563 ipsam
439 2533 526 2562 vocat,
539 2529 664 2564 quoniam
686 2528 793 2563 propria
812 2535 905 2555 eorum

102 2578 203 2606 tirtute
218 2576 441 2611 comparabatur.
456 2575 583 2609 Qumnam
594 2575 674 2610 igitur
688 2578 729 2602 est
741 2574 798 2602 haec
811 2574 904 2609 gloria,

102 2630 129 2651 et
141 2623 283 2659 quidnam
297 2622 375 2649 nobis
386 2621 549 2649 conscientia
558 2626 647 2648 nostra
658 2620 824 2653 testiﬁcatur,
835 2620 905 2653 Quo-

101 2671 170 2698 niam
186 2671 215 2697 in
238 2669 406 2703 simplicitate
418 2673 443 2695 et
462 2668 488 2694 in
502 2668 666 2695 sinceritate?
684 2668 740 2695 Hoc
762 2673 814 2700 est,
838 2665 904 2695 nihil

100 2716 324 2747 trandulentum,
332 2713 452 2749 nihilper
459 2713 629 2749 hypocrisim,
639 2721 685 2748 per
696 2714 903 2747 simulationem,

100 2771 147 2797 per
162 2761 397 2793 assentationem,
415 2768 464 2795 per
477 2760 596 2792 insidias,
610 2768 656 2795 per
667 2759 808 2793 fallaciam,
818 2768 849 2788 ac
858 2767 905 2795 per

98 2808 172 2837 aliud
187 2808 346 2844 quidquam
358 2806 488 2841 ejusmodi
503 2806 629 2838 fecimus;
644 2806 690 2833 sed
705 2806 730 2833 in
740 2807 813 2833 onmi
826 2806 905 2834 liber-

99 2861 165 2891 tate,
182 2855 214 2884 in
231 2852 361 2887 veritate,
377 2854 403 2880 in
415 2860 480 2888 pura
503 2853 664 2888 minimeque
677 2852 790 2889 maligna
805 2853 901 2880 volun-

276 2907 411 2936 PATROL.
433 2904 493 2935 Gn.
519 2906 598 2936 LXI.

975 312 1039 342 tate,
1055 309 1080 336 in
1094 316 1184 338 mente
1203 311 1237 339 ab
1256 314 1329 341 omni
1344 314 1406 342 dolo
1416 325 1509 350 vacua,
1536 319 1603 348 nihil
1621 327 1719 350 tectum
1739 330 1766 352 et

975 355 1171 390 adumbratutn,
1189 358 1254 387 nihil
1270 359 1385 388 fucatam
1406 370 1437 390 ac
1457 368 1646 394 veteratoriam
1662 369 1764 398 haben-

973 407 1023 427 tes.
1040 401 1101 428 Non
1114 403 1140 429 in
1161 405 1285 438 sapientia
1297 408 1405 434 carnali.
1421 408 1477 436 lloc
1491 415 1541 442 est,
1556 420 1607 439 non
1619 413 1645 440 in
1659 414 1765 443 valritie

972 452 996 474 el
1013 447 1193 496 improbitate.
1220 459 1270 479 nec
1288 452 1314 479 itt
1336 456 1469 483 sermonis
1490 456 1612 485 facundia
1640 468 1764 496 nexuque

971 492 1164 527 saphismatum
1186 505 1192 522 :
1210 496 1267 524 haec
1294 498 1364 525 enim
1390 508 1437 535 per
1451 503 1586 530 carnalem
1601 492 1762 540 sapientiam

971 540 1103 586 intelligit.
1115 544 1201 577 Atque
1217 543 1253 575 id,
1263 544 1334 572 unde
1346 546 1381 573 illi
1394 555 1554 583 magnopere
1567 550 1761 586 gloriabantur,

970 585 1104 614 inﬁciatur
1117 588 1174 622 ipse
1189 597 1219 616 ac
1240 590 1325 624 rejicit
1341 599 1347 618 :
1363 599 1395 619 ex
1411 593 1555 622 abundanti
1569 596 1693 625 videlicet
1712 607 1757 627 os-

970 632 1094 680 tendens,
1107 633 1177 662 haud
1199 635 1308 670 dignum
1332 638 1401 665 istud
1417 647 1488 672 esse,
1505 641 1538 669 de
1551 651 1604 676 quo
1618 645 1759 680 quisquam

969 676 1115 711 glorietur;
1129 680 1226 716 quippe
1240 690 1300 709 cmn
1324 683 1380 717 ipse
1395 692 1447 711 non
1459 686 1539 713 modo
1554 687 1578 714 id
1601 676 1653 716 non
1667 676 1759 726 requi-

968 727 1019 752 rat.
1032 730 1121 750 verum
1137 725 1217 752 etiant
1232 727 1388 755 submoveat
1402 737 1433 756 ac
1447 730 1546 764 probro
1561 732 1650 760 ducat.
1667 734 1720 762 Sed
1732 737 1759 763 in

967 769 1049 803 gratia
1062 769 1113 797 Dei
1137 774 1277 799 conversuti
1296 782 1382 801 sumus
1402 775 1428 802 in
1442 777 1546 803 mttndo.
1570 778 1637 811 Quid
1653 785 1708 812 est,
1729 780 1760 808 In

967 815 1050 849 gratia
1064 815 1133 843 Dei?
1152 817 1207 845 Hoc
1226 823 1277 850 est,
1290 820 1447 854 sapientiam
1466 829 1497 849 ac
1513 825 1656 857 potentiam
1676 826 1759 861 ipsius

967 862 1096 891 beneﬁcio
1111 864 1188 892 nobis
1202 873 1358 894 concessam
1371 875 1419 902 per
1432 869 1558 897 miracula
1575 871 1759 901 declarantcs:

967 912 1046 942 atque
1060 908 1121 935 hinc
1134 910 1224 944 etiam,
1240 912 1321 946 quod,
1333 919 1392 939 cum
1405 914 1485 942 rudes
1502 923 1623 944 essemus
1639 918 1759 954 nihilque

966 958 1084 982 externa:
1092 955 1220 984 doctrinm
1228 958 1364 986 nobiseum
1372 960 1540 991 all‘erremns,
1553 964 1645 991 doctos
1656 970 1757 1000 tamen,

966 1005 1097 1033 oratores,
1113 1001 1284 1037 philosophos
1295 1025 1302 1037 ,
1325 1013 1401 1040 reges
1415 1014 1446 1034 ac
1471 1009 1585 1042 populos
1605 1011 1758 1040 vicerimus.

966 1044 1051 1072 Porro
1071 1054 1123 1074 non
1144 1048 1262 1083 vulgaris
1275 1055 1316 1077 est
1340 1053 1396 1079 hcce
1408 1054 1557 1081 consolatio
1572 1063 1603 1082 ac
1622 1057 1757 1091 gloriatio,

966 1098 1063 1125 nempe
1075 1093 1143 1126 quod
1167 1094 1216 1128 ipsi
1236 1094 1286 1122 sibi
1308 1098 1407 1124 conscii
1423 1104 1531 1132 essent,
1546 1109 1574 1127 se
1596 1109 1647 1128 non
1662 1103 1757 1130 huma-

966 1146 1026 1163 nam
1053 1141 1196 1172 potentiam
1212 1141 1357 1176 adhibcre,
1375 1144 1422 1171 sed
1447 1145 1535 1172 divina
1562 1148 1644 1182 gratia
1669 1150 1758 1176 omnia

965 1182 1107 1235 coniicere.
1123 1184 1155 1211 In
1170 1187 1276 1213 mundo.
1302 1187 1339 1214 Ita
1355 1196 1407 1216 non
1431 1189 1551 1218 Corinthi
1578 1197 1678 1220 tanttnn
1691 1215 1698 1227 ,
1710 1195 1759 1222 sed

966 1235 1064 1262 passtm
1079 1237 1184 1265 quoque
1200 1236 1256 1258 toto
1270 1237 1402 1260 terrarum
1415 1235 1490 1262 orbe.
1517 1237 1695 1266 Abundantius
1707 1249 1756 1266 au-

965 1279 1014 1301 tem
1025 1276 1096 1310 apud
1108 1284 1161 1304 vos.
1174 1278 1242 1310 Quid
1256 1279 1436 1309 abundantius
1449 1283 1481 1308 ad
1497 1284 1561 1310 vos?
1571 1283 1602 1311 In
1617 1287 1699 1320 gratia
1711 1286 1760 1314 Dei

965 1324 1105 1349 conversati
1118 1331 1215 1351 sumus.
1230 1325 1298 1352 Nam
1313 1332 1339 1353 et
1352 1327 1427 1362 signa
1443 1333 1470 1355 ct
1485 1330 1612 1358 miracula
1624 1333 1694 1367 apud
1710 1342 1758 1361 vos

964 1368 1106 1400 edidimus,
1122 1374 1148 1396 et
1161 1370 1327 1406 diligentiam
1343 1373 1472 1407 majorem
1484 1375 1654 1405 adhibuimus
1663 1379 1760 1406 vitam-

964 1421 1016 1448 que
1031 1415 1065 1441 ab
1075 1416 1147 1442 omni
1162 1417 1372 1450 reprehensione
1385 1419 1511 1447 alienam.
1533 1420 1598 1448 Nam
1624 1423 1675 1450 hoc
1689 1433 1757 1459 quo-

964 1470 1015 1496 que
1030 1463 1141 1496 gratiam
1158 1464 1204 1491 Dei
1214 1471 1301 1497 vocat,
1318 1466 1442 1493 ttimirtnn
1465 1475 1496 1494 ea
1510 1468 1601 1501 etiam,
1622 1478 1681 1504 qum
1696 1479 1757 1499 cum

963 1508 1062 1535 virtute
1074 1509 1168 1544 gessit.
1187 1510 1235 1544 ipsi
1251 1510 1416 1539 adscribens.
1435 1512 1491 1540 illic
1513 1515 1583 1541 enim
1601 1515 1666 1542 ultra
1681 1523 1757 1552 septa

965 1554 1088 1588 prosiliit,
1104 1554 1167 1581 dum
1184 1555 1242 1583 sine
1255 1562 1362 1591 sumpltt
1381 1559 1549 1593 evangelium
1575 1567 1705 1595 poneret,
1728 1569 1758 1591 ut

963 1605 1056 1625 eorum
1081 1599 1257 1627 itnbecillitati
1281 1602 1446 1629 consuleret.
1470 1604 1511 1630 15.
1535 1603 1596 1632 Non
1617 1607 1683 1633 enim
1703 1608 1757 1635 alia

962 1644 1094 1671 scribimus
1107 1646 1176 1672 vobis
1187 1666 1196 1678 ,
1218 1653 1295 1681 quam
1307 1655 1363 1681 qtae
1376 1647 1459 1682 legitis
1477 1653 1499 1674 et
1519 1651 1668 1685 agnoscitis.
1684 1652 1757 1685 Quo-

962 1689 1034 1717 niam
1048 1690 1186 1726 magniﬁea
1199 1691 1233 1719 de
1245 1699 1273 1719 se
1288 1694 1466 1728 proloquutus
1480 1694 1566 1722 fuerat
1580 1697 1684 1732 sibique
1701 1698 1751 1734 ipsi

963 1736 1145 1763 testimonium
1162 1737 1275 1770 dixerat,
1294 1738 1320 1766 id
1335 1739 1405 1774 quod
1419 1741 1600 1775 importunum
1614 1748 1681 1776 erat,
1694 1752 1754 1771 rur-

962 1788 1021 1809 sum
1035 1789 1129 1809 eorum
1142 1791 1202 1818 quae
1224 1783 1290 1811 dicit
1312 1785 1385 1819 ipsos
1402 1791 1483 1813 testes
1497 1788 1629 1822 producit.
1644 1789 1682 1817 Ne
1695 1791 1755 1825 quis

961 1827 1044 1860 enim,
1059 1828 1154 1863 inquit,
1169 1829 1305 1857 existimet
1317 1838 1358 1862 ea,
1375 1839 1434 1866 quae
1447 1839 1461 1858 a
1477 1841 1519 1860 me
1532 1833 1674 1868 dicuntur,
1690 1844 1756 1864 ver-

961 1873 1056 1901 borum
1077 1874 1216 1902 dumtaxat
1240 1883 1363 1910 pompam
1385 1884 1444 1905 esse
1467 1887 1474 1904 :
1497 1878 1554 1906 hare
1580 1881 1652 1908 enim
1678 1882 1754 1910 vobis

961 1926 1213 1954 Commemoramus,
1238 1929 1297 1956 quae
1320 1922 1395 1953 vobis
1417 1923 1482 1957 ipsis
1506 1925 1644 1958 explorata
1670 1932 1752 1960 sunt;

960 1967 1085 2000 quodque
1106 1974 1155 1993 nos
1170 1967 1281 1995 minime
1305 1969 1476 2002 mentiamur,
1496 1978 1551 2004 pra:
1575 1972 1680 1999 eseteris
1703 1973 1754 2007 ipsi

961 2016 1042 2039 testes
1057 2019 1117 2039 esse
1129 2013 1243 2047 qneatis.
1262 2013 1393 2048 Legentes
1406 2015 1477 2042 enim
1494 2017 1649 2051 agnoscitis,
1664 2020 1748 2052 quod,

960 2066 1020 2093 quae
1035 2065 1084 2086 nos
1095 2066 1125 2086 re
1138 2060 1194 2094 ipsa
1210 2060 1367 2094 praestitisse
1385 2067 1551 2096 compertum
1575 2063 1681 2091 habetis
1692 2085 1698 2097 ,
1720 2073 1751 2092 ea

961 2111 1008 2139 per
1028 2104 1120 2131 literas
1145 2113 1252 2140 quoque
1276 2106 1474 2140 praedicamus:
1496 2115 1546 2135 nec
1569 2110 1752 2138 lestimottium

960 2155 1078 2177 vestrum
1094 2151 1178 2178 literis
1193 2152 1294 2179 nostris
1306 2158 1447 2188 repugnat,
1462 2154 1509 2181 sed
1524 2162 1616 2182 earum
1632 2156 1750 2190 ipsarutn

960 2196 1066 2224 lectioni
1089 2203 1219 2225 consonat
1234 2198 1292 2226 haee
1307 2200 1424 2234 cognitio
1434 2220 1441 2232 ,
1456 2207 1536 2235 quam
1549 2206 1612 2229 ante
1625 2202 1659 2230 de
1672 2203 1751 2231 nobis

959 2243 1108 2271 habebatis.
1123 2244 1167 2271 14.
1181 2244 1255 2271 Sicut
1264 2250 1287 2271 et
1296 2248 1445 2280 cognovistis
1457 2255 1502 2273 nos
1515 2255 1546 2274 ea;
1560 2252 1642 2282 parte.
1654 2248 1747 2284 Neque

958 2290 1030 2316 enim
1045 2297 1079 2317 ex
1104 2290 1217 2317 aliorum
1242 2298 1368 2318 sermone
1383 2299 1426 2319 res
1443 2298 1549 2320 nostras
1564 2294 1728 2328 cognovistis
1739 2316 1747 2328 ,

958 2335 1004 2361 sed
1019 2342 1052 2362 ex
1065 2335 1122 2370 ipsa
1136 2336 1309 2370 experientia.
1333 2336 1399 2363 lllttd
1413 2342 1501 2364 autem
1514 2358 1523 2371 ,
1537 2337 1578 2365 Ea;
1590 2343 1678 2373 parte,
1692 2348 1750 2367 mo-

957 2381 1050 2409 destiae
1071 2390 1151 2409 causa
1166 2382 1242 2410 dixit.
1264 2383 1319 2410 Hoc
1335 2383 1406 2410 ettim
1431 2384 1481 2418 ipsi
1496 2384 1522 2410 in
1538 2392 1613 2412 more
1633 2386 1749 2419 positum

957 2433 1008 2460 est,
1022 2435 1082 2455 eum
1098 2429 1257 2456 necessitate
1272 2428 1403 2456 adductus
1416 2429 1426 2464 (
1441 2436 1526 2463 neque
1536 2431 1608 2457 enim
1619 2431 1685 2459 alias
1697 2431 1749 2459 hoc

958 2472 1032 2509 facit)
1043 2474 1131 2509 magni
1155 2473 1188 2501 de
1208 2481 1238 2501 se
1250 2473 1384 2509 quidpiam
1400 2475 1596 2509 pronuntiarit,
1611 2480 1639 2502 ut
1653 2483 1747 2504 eorum

956 2527 1016 2555 qua:
1038 2519 1105 2546 dixit
1129 2524 1261 2546 tumorem
1287 2520 1378 2546 statim
1403 2520 1539 2548 retundat.
1563 2521 1644 2557 Spero
1662 2526 1747 2549 autem

956 2566 1023 2597 quod
1037 2567 1112 2592 etiam
1122 2573 1201 2600 usque
1215 2566 1242 2592 in
1254 2565 1328 2599 ﬁnem
1341 2566 1506 2601 cognoscetis.

1014 2633 1020 2639 .
1034 2610 1116 2638 Vides
1136 2617 1241 2637 rursum
1255 2618 1309 2646 quo
1323 2616 1401 2646 pacto
1416 2619 1430 2637 a
1446 2612 1589 2645 praeteritis
1604 2611 1683 2639 ﬁdem
1699 2611 1743 2639 fu-

956 2658 1022 2683 turis
1035 2657 1156 2683 adstruat
1166 2677 1174 2689 ,
1190 2663 1240 2684 nec
1251 2663 1266 2683 a
1282 2657 1422 2691 prazteritis
1440 2662 1543 2684 tantum
1554 2678 1561 2690 ,
1577 2657 1624 2685 sed
1636 2658 1716 2684 etiam
1729 2665 1744 2683 a

957 2701 1004 2728 Dei
1027 2701 1168 2736 potentia?
1192 2700 1282 2736 Neque
1296 2702 1368 2729 enim
1384 2702 1506 2730 absolute
1523 2702 1661 2729 afﬁrmavit
1673 2722 1681 2734 ,
1696 2702 1745 2729 sed

957 2746 1008 2773 hoc
1023 2751 1106 2773 totunt
1122 2746 1154 2773 ad
1170 2746 1257 2781 ipsum
1270 2754 1409 2782 spemque,
1423 2756 1503 2782 quam
1518 2749 1542 2774 in
1557 2748 1615 2782 ipso
1628 2747 1742 2781 positam

957 2793 1047 2826 habet,
1073 2793 1208 2828 relegavit.
1233 2793 1307 2826 Quod
1326 2795 1408 2829 gloria
1423 2799 1504 2820 vestra
1516 2801 1618 2824 sumus,
1631 2792 1697 2818 sicut
1717 2797 1743 2818 at

956 2848 999 2868 vos
1014 2844 1101 2867 nostra
1113 2840 1139 2867 in
1151 2840 1192 2868 die
1205 2839 1308 2868 Domini
1329 2841 1409 2868 nostri
1419 2839 1438 2867 Ι
1440 2849 1483 2867 esu
1495 2839 1597 2867 Christi.
1614 2836 1670 2863 Hoc
1684 2836 1744 2863 loco

1533 2892 1571 2921 26
