1984 3126
147 147 199 177 ιον

145 206 196 242 τὴν
211 206 254 237 εἰς
266 205 349 233 αὐτὸν
367 205 472 235 ἐλπίδα.
493 207 555 235 ὀτι
571 208 712 242 καύχημα
728 207 813 242 ὑμῶν
832 202 936 243 ἐσμεν,

145 250 282 285 καθάπερ
302 251 351 279 καὶ
369 252 454 287 ὑμεῖς
468 253 565 288 ήμῶν,
586 253 621 281 ἐν
639 253 677 288 τῇ
700 253 797 289 ᾑμέρᾳ
812 252 868 280 τοῦ
881 255 940 281 Κυ-

140 297 212 331 ρίου
225 297 313 332 ἡμῶν
341 298 444 332 Ἰησοῦ
458 298 599 333 Χριστοῦ.
623 299 757 326 Ἐνταῦθα
772 299 818 326 τδν
838 299 870 325 ἐκ
884 299 939 326 τῶν

143 344 299 379 εἰρημένων
315 343 498 380 ὑποτέμνεται
513 345 621 378 φθόνον,
636 345 769 380 μεριστάς
782 345 881 377 αὐτοὺς
892 346 939 371 καὶ

144 390 293 422 κοινωνοὺς
308 391 427 426 ποιήσας
440 391 491 426 τῆς
504 391 583 427 δόξης
597 391 652 418 τῶν
661 391 744 419 αὑτοῦ
757 391 939 426 κατορθωμά-

144 444 209 465 των.
226 436 264 464 οὐ
288 435 345 472 γὰρ
368 437 465 474 μέχρις
485 437 565 473 ἡμῶν
587 437 713 472 ἕστηκεν,
738 437 807 464 ἀλλά
828 437 874 463 καὶ⁴
898 438 939 468 είς

144 483 217 519 ὑμᾶς
231 483 374 516 διαϐαίνει,
387 484 436 510 καὶ
448 484 529 511 πάλιν
545 484 591 519 ἀφ’
607 484 683 519 ὑμῶν
695 485 736 515 είς
748 484 831 519 ἡμᾶς.
849 483 940 510 Ἐπει-

144 528 177 564 δὴ
193 529 248 564 γὰρ
269 529 372 564 ἐπῆρεν
390 529 499 562 ἑαυτὸν,
520 530 568 556 καὶ
590 530 646 556 τῶν
662 529 850 565 παρελθόντων
865 537 938 564 παρ-

145 575 228 611 έσχεν
235 575 384 609 ἀπόδειξιν,
400 576 448 602 καὶ
457 575 492 602 τὰ
507 575 640 611 μέλλοντα
653 576 837 611 ἐνεγγυήσατο
846 584 854 592 ο
868 575 938 602 ὥστε

147 622 186 657 μὴ
205 622 360 658 ἐπισκῆψαι
383 624 447 656 τοὺς
464 623 612 656 ἀκούοντας
630 623 668 656 ὡς
692 623 938 660 μεγαληγοροῦντι,

146 666 214 702 μηδὲ
231 668 273 700 εις
288 667 448 703 βασκανίαν,
464 670 532 704 ὅπερ
547 668 626 704 ἔφην,
651 668 834 704 ἐξενεχθῆναι,
854 668 940 694 κοινοῖ

143 711 328 748 ἐδ-καύχημα,
353 713 400 740 καὶ
426 713 516 740 αὐτῶν
540 712 609 740 εἶναί
624 722 691 748 φησι
711 713 758 740 τὸν
776 713 831 739 τῶν
848 713 937 746 ἐγκωο

146 757 216 792 μίων
232 758 367 793 στέφανον
386 759 491 786 τοῦτον.
516 759 566 785 ’Δν
580 759 635 795 γὰρ
658 758 775 786 τοιοῦτοι
795 758 936 793 φανῶμεν,

145 801 238 837 φησιν,
252 802 267 828 δ
285 801 396 835 ἔπαινος
411 803 490 839 ήμῶν
502 803 580 839 ὑμῶν
593 804 610 838 ὴ
625 803 703 836 δόξα·
719 803 814 839 ὥσπερ
830 800 877 829 οὖν
890 802 937 829 καὶ

145 846 222 881 ὑμῶν
237 846 456 883 εὐδοκιμούντων
472 850 554 883 ἡμεῖς
567 849 744 883 ἀγαλλόμεθα
756 849 804 875 καὶ
818 848 937 881 σκιρτῶ-

145 900 197 926 μεν
208 892 257 918 καὶ
273 893 489 928 στεφανούμεθα.
505 894 590 921 Πάλιν
608 895 748 922 κάνταῦθα
761 894 829 921 πολὺ
843 894 874 920 τὸ
886 894 937 929 τῆς

144 938 398 974 ταπεινοφροσύνης
412 939 496 966 αὐτοῦ
509 940 542 966 δι’
554 936 592 967 ὧν
608 941 720 976 εῐρηκεν
737 940 935 967 ἐπιδείκνυται.

145 983 183 1010 οὐ
196 983 253 1020 γὰρ
267 983 306 1016 ὡς
329 984 488 1017 διδάσκαλος
511 987 657 1022 μαθηταῖς,
678 987 736 1014 ἀλλ’
754 986 792 1018 ὡς
813 986 937 1022 μαθητὴς

145 1029 283 1065 μαθηταῖς
295 1031 438 1067 ὁμοτίμοις
450 1031 651 1068 διαλεγόμενος,
662 1032 748 1064 οὕτως
759 1033 879 1065 ἐξισάζει
892 1032 937 1059 τὸν

144 1075 235 1110 λόγον.
250 1076 307 1104 Καὶ
320 1076 369 1103 θέα
386 1076 446 1110 πῶς
459 1078 557 1110 αὐτοὺς
572 1078 691 1114 ὑψηλοὺς
704 1080 788 1111 ποιεῖ,
803 1079 850 1105 καὶ
863 1078 938 1112 φιλο-

137 1119 244 1156 σοφίας
268 1121 590 1158 πληροῖ,’παραπέμπιι›ν
605 1123 697 1160 ἐκείνῃ
715 1125 749 1159 τῇ
774 1123 874 1159 ἡμέρᾳ.
890 1123 937 1158 Μὴ

145 1166 199 1201 γάρ
211 1175 258 1201 μοι
270 1167 306 1194 τὰ
319 1167 442 1203 παρόντα
456 1168 563 1204 εἴπητε,
575 1169 653 1204 φησὶ,
669 1170 804 1202 τουτέστι,
819 1170 854 1196 τὰ
867 1169 938 1196 ὀνεί-

146 1212 189 1248 δη,
203 1212 254 1245 τὰς
266 1213 411 1249 λοιδορίας,
427 1214 462 1241 τὰ
478 1214 635 1251 σίιώμματα
650 1215 685 1242 τὰ
700 1216 776 1251 παρὰ
798 1216 853 1242 τῶν
872 1215 938 1242 πολ-

147 1258 217 1286 λῶν·
230 1259 310 1286 οὐδὲν
325 1259 380 1295 γὰρ
399 1259 471 1296 μέγα
493 1260 529 1287 τὰ
547 1260 674 1294 ἐνταῦθα,
697 1260 759 1288 οὗτε
780 1261 815 1287 τὰ
831 1261 938 1296 χρηστά

147 1304 207 1332 οὔτε
221 1305 256 1333 τὰ
265 1305 388 1341 λυπηρὰ,
403 1307 434 1334 οὐ
445 1306 480 1333 τὰ
492 1307 658 1343 σκώμματα,
674 1307 704 1334 οὐ
718 1307 752 1334 τὰ
762 1307 888 1342 ἐγκώμια
902 1306 937 1333 τὰ

147 1350 222 1386 παρά
245 1349 301 1377 τῶν
322 1350 491 1387 ἀνθρώπων·
515 1352 573 1378 ἀλλ’
597 1352 790 1388 ἅναμνήσθητέ
822 1353 937 1387 μοιγτῆς

147 1395 255 1432 ἡμέρας
277 1397 385 1432 ἐκείνης
409 1397 460 1433 τῆς
477 1397 596 1433 φοϐερᾶς
613 1399 659 1425 καὶ
685 1398 847 1434 φρικώδους,
867 1398 896 1424 ἐν

147 1443 236 1471 πάντα
264 1443 532 1479 ἀνακεκαλυμμένα.
558 1445 625 1471 Τότε
649 1445 704 1480 γὰρ
726 1445 772 1471 καὶ
798 1445 879 1480 ἡμεῖς
907 1444 938 1470 ἐν

147 1487 211 1523 ὑμῖν
229 1488 278 1515 καὶ
295 1488 375 1524 ὑμεῖς
390 1489 420 1516 ἐν
434 1489 501 1524 ἡμῖν
514 1489 782 1526 καλλωπισθήσεσθε,
806 1490 870 1517 ὅταν
891 1489 937 1516 καὶ

147 1534 226 1569 ὑμεῖς
240 1534 373 1570 φαίνησθε
394 1536 532 1568 τοιούτους
554 1536 661 1572 ἔχοντες
676 1537 864 1570 διδασκάλους,
885 1545 937 1571 μη-

145 1579 190 1606 δὲν
203 1579 377 1616 ἀνθρώπινον
391 1580 578 1613 διδάσκοντας,
601 1581 669 1617 μηδὲ
689 1582 805 1617 πονηρίᾳ
825 1582 937 1616 συνεζη-

146 1624 239 1657 κότας,
262 1624 331 1660 μηδέ
344 1624 429 1660 λαϐήν
443 1634 506 1653 τινα
520 1625 681 1658 δεδωκότας,
696 1627 744 1653 καὶ
756 1628 837 1662 ἡμεῖς
851 1627 938 1653 τοιού-

145 1677 209 1702 τους
222 1669 332 1705 ἔχοντες
344 1670 478 1706 μαθητὰς,
492 1671 575 1707 μηδὲν
587 1672 757 1707 ἀνθρώπινον
772 1674 936 1708 πάσχοντας,

148 1719 216 1755 μηδὲ
241 1718 450 1755 σαλευομένους,
477 1720 544 1747 ἀλλά
573 1721 642 1755 μετά
671 1721 825 1757 προθυμίας
849 1723 938 1749 πάντα

147 1765 380 1802 ὑποδεχομένους,
404 1766 451 1793 καὶ
481 1766 637 1801 μηδαμόθεν
658 1767 936 1803 παραλογιζομένους.

147 1812 203 1840 Καὶ
218 1811 268 1839 νῦν
283 1812 335 1847 μὲν
349 1812 402 1848 γὰρ
419 1811 506 1839 ταῦτα
520 1812 587 1847 δῆλα
601 1814 657 1845 τοῖς
669 1813 731 1840 νοῦν
745 1813 837 1848 ἔχουσι
853 1822 860 1828 ·
877 1814 937 1840 τότε

147 1857 177 1885 δέ
192 1858 286 1885 πᾶσιν.
304 1857 387 1884 ’Ὥστε
407 1859 432 1884 εί
452 1859 500 1885 καὶ
513 1857 660 1894 θλιϐόμεθα
682 1859 756 1895 [444]
774 1859 830 1891 νῦν,
848 1860 878 1887 οὐ
895 1869 939 1895 μι-

148 1903 220 1938 κρὰν
239 1904 288 1930 καὶ
302 1903 406 1938 ταύτην
425 1903 524 1939 ἔχομεν
539 1905 733 1940 παραμυθίαν·
747 1905 794 1932 νῦν
817 1906 868 1941 μὲν
890 1906 938 1940 τὴν

148 1949 204 1976 ἀπδ
216 1948 263 1977 τοῦ
279 1949 441 1984 συνειδότος,
460 1950 520 1976 τότε
538 1950 566 1977 δέ
582 1951 629 1977 καὶ
641 1951 689 1987 τὴν
703 1952 758 1978 ἀπὸ
772 1953 822 1987 τῆς
833 1952 938 1989 ἐκλάμα

146 1994 221 2028 ψιως
237 1994 334 2029 αὐτῆς.
350 1994 407 2021 Νῦν
426 1995 476 2030 μὲν
493 1995 548 2030 γὰρ
569 1995 600 2022 τὺ
618 1996 736 2029 συνειδὸς
755 1997 834 2032 ήμῶν
857 1996 938 2030 οἶδεν,

146 2039 190 2066 ὅτι
203 2039 298 2076 χάριτι
315 2040 384 2067 Θεοῦ
399 2041 487 2068 πάντα
503 2041 645 2077 ποιοῦμεν,
671 2043 708 2074 ὡς
725 2044 772 2070 καὶ
788 2044 867 2078 ὑμεῖς
882 2044 939 2070 ἴστε

147 2085 198 2113 καὶ
208 2085 318 2113 εῐσεσθε
328 2094 336 2102 ·
354 2086 415 2113 τότε
435 2086 463 2113 δέ
479 2087 525 2114 καὶ
540 2089 640 2119 πάντες
653 2088 819 2124 μαθήσονται
835 2089 940 2125 ἀνθρω-

146 2139 197 2159 πα
210 2132 258 2159 καὶ
269 2134 305 2159 τὰ
317 2132 441 2168 ἡμέτερα
458 2134 505 2160 καὶ
515 2135 549 2161 τὰ
560 2134 648 2169 ὑμῶν,
665 2135 712 2160 καὶ
727 2135 836 2169 ὄψονται
847 2135 938 2162 δι’-ἀλ-

145 2178 238 2215 λήλων
254 2179 328 2215 ἡμᾶς
344 2179 551 2215 δοξαζομένους.
574 2182 633 2208 Ἵνα
650 2182 704 2217 γὰρ
723 2183 759 2217 μὴ
779 2182 843 2218 δόξῃ
860 2183 939 2218 μόνος

145 2225 232 2257 αὐτὸς
245 2222 316 2252 εἶναι
325 2225 451 2261 λαμπρὸς
465 2225 519 2252 ἀπὸ
533 2228 582 2262 τῆς
596 2227 767 2262 καυχήσεως,
786 2228 833 2254 καὶ
847 2228 940 2259 αὐτοῖς

143 2271 256 2299 δίδωσιν
278 2271 369 2298 αἰτίαν
396 2271 443 2299 τοῦ
469 2273 654 2307 καυχήματος,
679 2273 726 2299 καὶ
753 2273 855 2307 ἀπάγει
885 2274 939 2300 τῶν

144 2315 292 2351 παρόντοιν
308 2315 449 2350 λυπηρῶν.
463 2316 519 2342 Καὶ
528 2316 596 2351 ὅπερ
611 2316 657 2342 ἐπὶ
676 2317 725 2352 τῆς
736 2317 938 2353 παρακλήσεως

143 2360 278 2396 ἐποίησεν
287 2359 475 2393 εὶπιῖιν,ὅτιΔι“
490 2361 562 2396 ὑμᾶς
579 2370 702 2396 παρακα,
719 2362 849 2397 λούμεθα,
860 2363 939 2390 τοῦτο

143 2407 197 2433 καὶ
208 2406 329 2434 ἐνταῦθα
348 2408 431 2441 ποιεῖ,
449 2408 487 2433 Δι’
504 2407 575 2442 ὑμᾶς
590 2406 756 2443 καυχώμεθα
770 2408 866 2442 λέγων,
882 2408 937 2435 ὦσ-

142 2461 204 2490 περ
218 2453 267 2480 καὶ
278 2453 357 2489 ὑμεῖς
370 2453 405 2480 δι’
420 2454 504 2489 ἡμᾶς.
524 2453 662 2489 πανταχοῦ
682 2455 825 2486 κοινωνοὺς
839 2455 938 2486 αὐτοὺς

142 2499 235 2527 ποιῶν
248 2499 388 2533 ἁπάντων,
402 2499 451 2535 τῆς
462 2499 671 2535 παρακλήσεως,
688 2499 744 2526 τῶν
758 2500 937 2535 παθημάτων,

141 2545 200 2579 τῆς
221 2545 360 2581 σωτηρίας
381 2545 432 2580 τῆς
457 2545 538 2572 αὑτοῦ
556 2553 563 2561 ·
592 2546 639 2572 καὶ
660 2545 714 2581 γὰρ
732 2545 781 2581 τὴν
802 2546 938 2581 σωτηρίαν

141 2590 253 2626 ταύτην
272 2592 334 2622 ταῖς
354 2591 448 2626 εὐχαῖς
473 2591 563 2618 αὐτῶν
588 2591 743 2625 λογίζεται·
763 2593 938 2625 Συνυπουρ-

141 2637 284 2674 τούντων
299 2637 355 2673 γὰρ
377 2637 459 2672 ὑμῶν
485 2637 523 2672 τῇ
547 2637 659 2670 δεήσει,
676 2637 768 2672 φησὶν,
790 2638 938 2672 ἐρρύσατο

141 2681 229 2720 ἡμᾶς
242 2684 260 2711 ὁ
271 2682 356 2716 Θεός.
375 2682 454 2710 Οὕτω
464 2682 497 2718 δὴ
516 2683 563 2709 καὶ
577 2682 612 2710 τὰ
629 2683 794 2719 καυχήματα
808 2683 882 2710 κοινὰ
897 2684 938 2710 τί-

141 2728 237 2764 θησιν.
253 2728 361 2764 Ὠσπερ
381 2728 446 2763 γὰρ
456 2729 515 2755 ἐκεῖ
531 2736 623 2763 φησιν·
641 2728 761 2763 mm;
776 2729 820 2756 ὅτι
836 2729 937 2764 ὥσπερ

141 2774 288 2801 nou-ml
299 2773 373 2801 ἐστε
383 2772 443 2800 τῶν
453 2773 643 2808 παθημάτων,
658 2774 735 2801 οὕτω
753 2775 801 2801 καὶ
817 2775 871 2810 τῆς
884 2784 938 2802 πα-

138 2819 329 2855 ρακλήσεως
347 2827 355 2834 ·
375 2818 447 2846 οὕτω
468 2820 514 2846 καὶ
538 2819 672 2853 ἐνταῦθα,
691 2821 835 2855 Καύχημα
856 2822 938 2856 ὑμῶν

141 2864 250 2902 ἐσμεν,
275 2864 414 2901 καθάπερ
433 2864 483 2893 καὶ
498 2865 582 2900 ὑμεῖς
599 2865 693 2901 ἡμῶν.
713 2867 768 2894 Καὶ
794 2868 886 2901 ταύτῃ
901 2868 938 2902 τῇ

676 149 711 178 IN
730 135 885 178 mnu
898 149 944 177 AD
964 149 1043 180 con.
1064 149 1182 180 ιιοιιιι.
1194 150 1239 179 ιιι.

1733 149 1787 178 408

995 209 1169 243 πεποιθήσει
1190 208 1361 242 ἐϐουλόμην
1377 208 1523 242 πρότερον
1549 206 1624 240 πρὸς
1641 204 1719 241 ὑμᾶς
1733 205 1786 231 ἐλ-

993 253 1066 282 θεῖν.
1084 255 1153 290 Ποία
1167 254 1345 288 πεποιθήσει;
1358 253 1404 289 Τῷ
1415 251 1518 289 σφόδρα
1531 251 1645 288 θαρρεῖν
1658 252 1733 285 ὑμῖν,
1747 250 1787 285 τῷ

993 301 1150 336 καυχᾶσθαι
1171 301 1214 336 ἐφ’
1228 301 1304 337 ὑμῖν,
1328 300 1368 336 τῷ
1391 299 1524 335 καύχημα
1545 298 1625 334 ὑμῶν
1645 296 1726 329 εἶναι,
1747 296 1787 332 τῷ

992 346 1094 382 σφόδρα
1114 347 1188 383 ὑμᾶς
1211 346 1332 381 ἀγαπᾷν,
1355 346 1394 381 τῷ
1419 345 1502 381 μηδὲν
1524 343 1613 380 ἐαυτῷ
1636 342 1786 371 συνειδέναι

992 393 1127 428 πονηρὸν,
1162 392 1201 428 τῷ
1228 391 1387 419 πεποιθέναι
1421 392 1462 418 ὅτι
1494 390 1584 418 πάντα
1613 389 1786 425 πνευματικὰ

991 438 1057 474 παρ’
1072 439 1147 474 ἡμῖν,
1165 438 1213 465 καὶ
1230 438 1302 473 ὑμᾶς
1313 436 1417 464 τούτων
1432 436 1575 472 μάρτυρας
1585 434 1667 470 ἔχειν.
1685 434 1786 460 Ἐϐου-

990 485 1090 519 λόμην
1108 483 1208 511 ἐλθεῖν
1224 483 1299 517 πρὸς
1314 482 1405 517 ὑμᾶς,
1429 481 1479 508 καὶ
1497 481 1534 508 δι’
1554 479 1638 515 ὑμῶν
1652 478 1785 506 διελθεῖν

990 531 1034 564 εὶς
1053 530 1252 557 Μακεδονίαν.
1275 529 1331 555 Καὶ
1349 528 1402 564 μὴν
1423 527 1578 554 τούναντίον
1600 524 1786 560 ἐπηγγείλατο

991 576 1020 602 ἐν
1040 577 1073 611 τῇ
1093 575 1225 611 προτέρα,
1246 574 1317 601 οὕτω
1337 574 1441 608 λέγων·
1466 573 1642 607 Ἐλεύσομαι
1660 571 1694 597 δὲ
1709 570 1784 604 πρός

990 620 1078 655 ὑμᾶς,
1093 621 1166 649 ὅταν
1182 619 1372 647 Μακεδονίαν
1387 618 1510 645 διέλθω·
1525 616 1715 644 Μακεδονίαν
1729 615 1784 650 γὰρ

990 666 1151 701 διέρχομαι.
1167 666 1229 698 Πῶς
1242 664 1288 693 οὖν
1303 665 1422 692 ἐνταῦθα
1437 663 1568 691 τάναντία
1580 662 1681 698 φησίνς
1697 662 1735 688 Οὐ
1748 661 1783 687 τὰ

991 714 1099 741 ἐναντία
1112 714 1204 749 φησὶν,
1220 713 1310 746 ἄπαγε
1320 721 1326 728 ·
1343 711 1429 739 ταῦτα
1445 710 1501 746 γὰρ
1517 710 1626 737 ἐναντία
1646 709 1695 744 μέν
1709 708 1783 735 ἐστιν

990 757 1030 792 οἷς
1050 759 1168 794 ἔγραψεν
1180 779 1188 791 ,
1211 760 1262 786 οὐκ
1283 758 1391 797 ἐναντία
1409 758 1437 784 δέ
1455 754 1496 789 οἷς
1519 755 1654 782 ἐϐούλετο.
1672 754 1719 781 Διὸ
1735 755 1783 781 καὶ

990 805 1108 832 ἐνταῦθα
1123 805 1173 831 οὐκ
1190 802 1277 835 εἶπεν,
1298 804 1340 831 ὅτι
1357 803 1486 839 Ἔγραψα
1505 802 1540 829 δι’
1552 801 1632 836 ὑμῶν
1653 799 1783 827 ἀπελθεῖν

990 852 1029 884 εἰς
1047 851 1225 884 Μακεδονίαν,
1248 850 1317 882 ἀλλ’,
1338 849 1530 883 Ἐϐουλόμην.
1546 848 1578 874 Εἰ
1597 846 1652 882 γὰρ
1668 845 1714 872 καὶ
1733 844 1782 880 οὐχ

989 897 1075 929 οὕτως
1100 896 1218 932 ἔγραψα,
1245 896 1338 932 φησὶν,
1365 894 1422 921 ἀλλ’
1446 895 1521 929 ὅμως
1551 891 1718 924 ἐσπούδαζον
1735 891 1783 917 καὶ

990 942 1142 976 ἐϐουλόμην
1157 942 1203 969 καὶ
1220 942 1273 977 πρὸ
1294 940 1341 968 τοῦ
1363 940 1450 967 ἐλθεῖν
1466 939 1535 975 πρὸς
1550 938 1636 974 ὑμᾶς·
1654 936 1782 963 τοσοῦτον

990 988 1109 1023 ἀπέσχον
1124 987 1172 1014 τοῦ
1189 986 1354 1023 βουληθῆναι
1366 985 1517 1023 ὑστερῆσαι
1529 985 1580 1019 τῆς
1593 983 1780 1018 ὑποσχέσεως,

989 1035 1031 1061 ὅτι
1047 1034 1094 1061 καὶ
1113 1034 1216 1068 φθάσαι
1232 1033 1318 1068 αὐτὴν
1337 1032 1469 1067 ἠθέλησα.
1486 1031 1553 1058 Ἵνα
1568 1029 1713 1063 δευτέραν
1730 1027 1782 1062 χά-

986 1088 1038 1114 ριν
1056 1080 1155 1114 ἔχητε.
1171 1079 1204 1106 Τί
1222 1081 1290 1111 ἐστι,
1317 1077 1481 1112 Δευτέραν;
1503 1077 1562 1103 Ἵνα
1588 1075 1685 1109 διπλῆν
1701 1075 1781 1110 χάριν

989 1125 1082 1160 ἔχητε,
1095 1125 1142 1152 καὶ
1156 1125 1207 1160 τὴν
1221 1124 1266 1152 διά
1275 1124 1331 1151 τῶν
1346 1123 1531 1160 γραμμάτων,
1549 1121 1596 1148 καὶ
1614 1121 1664 1156 τὴν
1674 1120 1717 1146 διὰ
1731 1119 1781 1154 τῆς

990 1171 1152 1207 παρουσίας.
1169 1171 1257 1207 Χάριν
1270 1171 1299 1197 δὲ
1317 1169 1435 1197 ἐνταῦθα
1455 1168 1504 1204 τὴν
1519 1167 1606 1203 χαρὰν
1619 1166 1703 1200 λέγει.
1726 1165 1782 1191 Kal

989 1217 1026 1245 δι’
1037 1217 1120 1252 ὑμῶν
1133 1217 1263 1245 διελθεῖν
1276 1218 1320 1250 εἰς
1336 1215 1536 1245 Μακεδονίαν,
1549 1214 1598 1240 κα).
1613 1213 1708 1239 πάλιν
1721 1211 1781 1239 ἀπὸ

989 1263 1176 1296 Μακεδονίας
1189 1263 1290 1290 ἐλθεῖν
1301 1262 1376 1296 πρὸς
1387 1260 1475 1295 ὑμᾶς,
1491 1259 1540 1286 καὶ
1552 1260 1602 1294 ὑφ’
1616 1257 1700 1293 ὑμῶν
1711 1264 1782 1292 προ-

989 1308 1161 1344 πεμφθῆναι
1178 1310 1220 1342 εὶς
1235 1309 1293 1342 τὴν
1315 1307 1472 1335 Ἰουδαίαν.
1493 1305 1584 1332 Τοῦτο
1598 1302 1655 1331 οὖν
1668 1304 1782 1336 ,βουλό-

987 1364 1088 1390 μενος,
1100 1354 1143 1390 μή
1158 1364 1184 1382 τι
1195 1355 1253 1389 dpa
1271 1354 1309 1388 τῇ
1326 1353 1455 1388 ἐλαφρίᾳ
1474 1351 1675 1387 ἑχρησάμην;

1024 1451 1059 1482 γ’.
1069 1446 1201 1473 Ἐνταῦθα
1208 1445 1299 1472 λοιπὸν
1308 1445 1450 1478 ἐξεὺθείας
1456 1444 1601 1471 ἀποδύεται
1613 1443 1643 1470 τὸ
1655 1442 1782 1478 ἔγκλημα

989 1494 1019 1520 τὸ
1028 1494 1061 1520 ἐκ
1071 1494 1120 1529 τῆς
1132 1493 1289 1528 μελλήσεως
1302 1493 1409 1528 καὶτῆς
1422 1492 1566 1524 ἀπουσίας.
1584 1493 1616 1518 Ὃ
1627 1490 1681 1526 γὰρ
1695 1490 1779 1525 λέγει,

989 1540 1109 1567 τοιοῦτόν
1123 1541 1197 1566 ἐστιν
1209 1548 1216 1555 ·
1238 1538 1404 1574 Ἐϐουλόμην
1422 1538 1511 1565 ἐλθεῖν
1523 1538 1590 1573 πρὸς
1606 1539 1677 1574 ὑμᾶς
1688 1545 1695 1552 ·
1708 1536 1782 1568 τίνος

989 1585 1035 1613 οὖν
1052 1586 1145 1612 ἕνεκεν
1158 1586 1206 1612 οὐκ
1220 1583 1300 1620 ἦλθον
1317 1594 1324 1617 ;
1351 1583 1405 1620 ἆρα
1431 1585 1468 1616 ὡς
1485 1584 1586 1618 κοῦφος
1604 1583 1652 1610 καὶ
1674 1582 1782 1618 5‘39le-

991 1641 1062 1665 στος;
1078 1632 1156 1658 τοῦτο
1173 1631 1228 1667 γάρ
1243 1632 1312 1663 ἐστι,
1329 1631 1411 1664 Μήτι
1427 1630 1484 1664 ἄρα
1500 1629 1538 1664 τῇ
1552 1629 1681 1664 ἐλαφρίᾳ
1695 1621 1781 1663 ἐχρηξ

989 1678 1112 1712 σάμην;
1125 1677 1258 1713 Οὐδαμῶς
1268 1683 1275 1690 ·
1292 1677 1359 1703 ἀλλὰ
1371 1677 1414 1703 διὰ
1424 1675 1467 1709 τ1.;
1481 1677 1544 1702 Ὀτι
1556 1675 1780 1708 ἀβουλεύομαι,

989 1725 1026 1752 οὑ
1051 1724 1125 1751 κατὰ
1145 1723 1244 1757 σάρκα
1265 1723 1462 1756 βουλεύομαι.
1483 1721 1515 1747 Τί
1536 1722 1621 1752 ἐστιν,
1645 1721 1686 1747 οὐ
1705 1719 1782 1746 κατὰ

990 1770 1109 1804 σάρκα;
1133 1767 1208 1805 [445]
1237 1769 1273 1795 Οὐ
1303 1767 1442 1802 σαρκικώς
1465 1765 1636 1801 βουλεύομαι.
1668 1766 1735 1792 Ἵνα
1759 1762 1781 1799 ᾖ

991 1816 1058 1850 παρ’
1070 1815 1134 1849 ἐμοὶ
1155 1815 1186 1841 τὸ
1201 1814 1256 1840 Ναὶ
1273 1813 1336 1845 ναὶ,
1353 1812 1400 1839 καὶ
1415 1812 1448 1839 τὸ
1463 1812 1504 1838 οὓ
1518 1812 1564 1839 οὕ.
1586 1811 1656 1838 Ἀλλ’
1670 1811 1710 1837 ἐτι
1734 1811 1781 1837 καὶ

991 1861 1069 1888 τοῦτο
1092 1859 1196 1894 ἀσαφές
1227 1859 1260 1885 Τί
1278 1856 1323 1885 οὖν
1344 1859 1418 1884 ἐστιν
1436 1858 1450 1884 ὃ
1474 1865 1575 1892 (gnavi;
1598 1857 1628 1883 '0
1650 1856 1781 1892 σαρκικδς

991 1906 1143 1942 ἄνθρωπος,
1163 1904 1314 1936 τουτέστιν,
1328 1905 1341 1930 ό
1361 1904 1417 1934 τοῖς
1433 1902 1550 1938 παροῦσι
1565 1901 1781 1937 προσηλωμένος

991 1953 1038 1980 καὶ
1050 1953 1079 1978 ἐν
1090 1951 1195 1982 τούτοις
1210 1949 1355 1981 διαπαντὸς
1372 1949 1419 1982 ὢν,
1434 1950 1480 1975 καὶ
1495 1949 1544 1984 τῆς
1561 1948 1608 1974 τοῦ
1620 1947 1690 1974 Πνεύ
1696 1955 1781 1982 ματος

991 1999 1132 2034 ἐνεργείας
1148 1998 1226 2029 ἐκτὸς
1246 1997 1399 2032 τυγχάνων,
1421 1995 1559 2030 πανταχοῦ
1571 1994 1680 2022 ἀπιέναι
1702 1994 1782 2020 δύνα-

991 2055 1047 2079 ται,
1068 2046 1115 2072 καὶ
1139 2044 1290 2072 πλανᾶσθαι
1312 2045 1378 2070 ὅπου
1403 2043 1542 2078 βούλεται·
1559 2042 1573 2068 ὁ
1595 2042 1622 2067 δὲ
1641 2041 1781 2076 ὑπηρέτης

992 2090 1039 2116 τοῦ
1056 2089 1225 2123 Πνεύματος,
1241 2088 1288 2114 καὶ
1302 2088 1347 2113 ὑπ’
1367 2087 1470 2114 ἐκείνου
1493 2087 1624 2122 ἀγόμενος
1639 2086 1686 2112 καὶ
1700 2094 1780 2120 περι-

992 2136 1135 2170 αγόμενος,
1150 2134 1180 2160 οὐ
1192 2134 1302 2160 δύναται
1313 2134 1408 2168 κύριος
1420 2130 1489 2159 εἶναι
1499 2133 1549 2167 τῆς
1558 2131 1655 2158 ἑαυτοῦ
1666 2131 1780 2167 γνώμης

992 2179 1141 2215 πανταχοῦ,
1164 2180 1213 2215 τῆς
1233 2180 1338 2206 ἐκεῖθεν
1359 2178 1483 2210 ἐξουσίας
1503 2177 1657 2212 ἐξαρτήσας
1675 2177 1760 2211 αὐτήν
1772 2185 1779 2191 ·

991 2226 1059 2254 ἀλλὰ
1089 2225 1208 2252 τοιοῦτον
1225 2225 1366 2260 ὑπομένει,
1389 2222 1444 2252 οἷον
1461 2224 1494 2252 ἂν
1518 2225 1542 2250 εί
1563 2223 1656 2255 δοῦλος
1676 2223 1780 2250 εὐδοκι-

993 2273 1062 2307 μῶν,
1074 2273 1121 2299 καὶ
1134 2271 1272 2307 πανταχοῦ
1293 2271 1502 2306 περιελκόμενος
1519 2270 1572 2297 ὑπὸ
1585 2270 1640 2296 τῶν
1654 2270 1781 2296 δεσποτι-

991 2319 1047 2346 κῶν
1061 2318 1269 2353 ἐπιταγμάτων,
1292 2318 1339 2343 καὶ
1359 2317 1411 2344 οὐκ
1433 2315 1504 2351 έχων
1524 2317 1648 2349 ἐξουσίαν
1671 2316 1780 2348 ἐαυτοῦ,

990 2365 1051 2391 οὐδὲ
1073 2364 1241 2392 ἀναπνεῦσαι
1261 2363 1408 2397 δυνάμενος
1422 2363 1482 2389 οὐδὲ
1505 2362 1613 2397 μικρὸν,
1641 2362 1780 2396 ἐπαγγέλ-

990 2411 1062 2437 λοιτό
1078 2418 1139 2437 τινα
1151 2411 1206 2441 τοῖς
1222 2408 1383 2440 συνδούλοις,
1395 2407 1454 2435 εἶτα
1467 2408 1506 2443 τῷ
1520 2408 1638 2444 δεσπότῃ
1652 2408 1782 2435 τάναντία

990 2457 1130 2488 δοκοῦντα,
1148 2456 1185 2491 μὴ
1202 2455 1278 2482 ἀνύοι
1294 2454 1328 2481 τὰ
1342 2454 1549 2489 ἀπηγγελμένα.
1567 2453 1653 2480 Τοῦτο
1667 2451 1714 2480 οὖν
1730 2461 1781 2488 φη-

992 2511 1043 2534 σιν,
1054 2503 1095 2529 ὅτι
1112 2503 1154 2529 Οὐ
1165 2501 1241 2528 κατὰ
1252 2500 1351 2534 σάρκα
1359 2500 1559 2534 βουλεύομαι.
1577 2499 1624 2526 καὶ
1650 2499 1699 2525 οὐκ
1721 2499 1780 2534 εἰμὶ

990 2548 1039 2582 τῆς
1053 2547 1098 2573 τοῦ
1116 2546 1273 2581 Πνεύματυς
1283 2546 1360 2577 ἐκτὸς
1372 2545 1570 2580 κυϐερνήσεως,
1583 2544 1643 2571 οὐδὲ
1657 2544 1779 2576 ἐξουσίαν

990 2595 1045 2629 ἔχω
1057 2593 1174 2629 βαδίζειν
1188 2593 1255 2619 ὅπου
1267 2593 1408 2627 βούλομαι.
1426 2592 1481 2619 Καί
1505 2591 1559 2627 γὰρ
1578 2592 1725 2626 ὑπόκειμαι
1736 2591 1779 2617 δε-

991 2639 1103 2674 σποτεία
1112 2641 1144 2674 τῇ
1159 2639 1206 2665 τοῦ
1219 2638 1399 2674 Παρακλήτου
1410 2638 1457 2665 καὶ
1466 2638 1645 2673 ἐπιτάγμασι,
1657 2638 1704 2664 καὶ
1718 2638 1778 2668 Ἰἀῖς

990 2685 1094 2712 ἐκείνου
1113 2686 1215 2720 ψήφοις
1231 2684 1334 2720 ἄγομαι
1358 2685 1405 2712 καὶ
1429 2684 1608 2720 περιάγομαι.
1636 2684 1685 2711 Διὰ
1701 2683 1778 2710 τοῦτο

989 2732 1039 2757 οὐκ
1050 2730 1187 2765 ἠδυνήθην
1207 2729 1295 2757 ἐλθεῖν
1307 2738 1315 2745 ο
1332 2730 1363 2757 οὐ
1383 2731 1438 2766 γὰρ
1460 2730 1549 2763 ἔδοξεν
1568 2730 1607 2766 τῷ
1625 2730 1775 2763 Πνεῦματι.

993 2777 1025 2803 Ὃ
1036 2776 1083 2803 καὶ
1096 2776 1126 2802 ἐν
1137 2777 1196 2806 ταῖς
1210 2775 1329 2811 Πράξεσι
1346 2775 1480 2811 πολλαχοῦ
1503 2776 1614 2810 γέγονεν
1629 2785 1635 2792 ·
1660 2775 1775 2809 ἀλλαχοῦ

989 2825 1045 2858 γὰρ
1059 2821 1250 2858 προῃρημένον
1269 2821 1366 2855 ἐλθεῖν,
1388 2822 1419 2849 τὺ
1439 2822 1551 2857 Πνεῦμα
1571 2821 1688 2856 ἀλλαχοῦ
1702 2820 1775 2855 βαδί-

994 2872 1050 2902 ζειν
1060 2868 1194 2896 ἐκέλευεν.
1207 2867 1289 2895 Ὥστε
1301 2868 1331 2895 οὐ
1344 2869 1392 2903 τῆς
1408 2869 1478 2904 ἐμῆς
1487 2868 1627 2902 ἐλαφρίας,
1642 2865 1773 2894 τουτέστι.
