2021 3117
178 166 231 194 409

174 222 239 250 dum
249 227 330 251 esset.
341 224 421 253 Vides
428 233 533 254 rursum
540 232 695 257 consuetam
707 230 756 266 ipsi
764 236 968 268 argumentandi

174 269 306 297 rationem
315 270 326 297 ?
335 270 412 300 Unde
420 273 491 300 enim
503 273 592 309 ipsise
602 275 761 310 probaturos
769 279 966 316 existimabant,

173 323 236 342 eum
250 315 283 343 iis
295 317 419 345 consiliis
439 319 487 350 uti.
503 327 563 355 quae
582 328 597 348 a
620 328 703 350 carne
722 325 966 362 proﬁciscerentur,

171 363 245 397 quod
258 364 385 392 nimirum
401 367 540 400 promissis
555 376 609 395 non
620 370 756 402 stet-isset:
774 371 836 400 hinc
851 373 907 409 ipse
927 376 967 403 vel

171 409 289 436 maxime
300 418 330 437 se
343 410 474 445 spirituali
487 413 601 442 consilio
613 414 722 443 ductum
743 417 825 446 fuisse
838 420 965 453 ostendit,

141 471 145 476 ι
169 461 204 482 ac
224 460 319 483 contra
337 458 438 485 carnali
452 459 533 486 modo
541 457 724 496 cogitaturum
740 463 841 498 fuisse,
863 466 885 492 si
900 473 966 494 cou-

170 501 283 529 trarium
307 502 425 531 fecisset.
442 504 512 537 Quid
531 505 621 541 igitur,
637 508 709 536 dicet
728 509 824 545 aliquis
836 531 844 544 ,
861 518 893 538 an
910 520 964 540 non

168 555 202 574 ex
223 547 324 582 Spiritu
346 550 481 584 pollicitus
504 551 738 583 fueratiMinime
760 563 825 584 vero
843 567 848 584 :
863 559 963 586 etenim

165 593 221 627 jam
232 593 332 621 dictum
338 599 402 622 esta
413 603 467 630 me,
479 605 532 625 non
539 599 628 627 omnia
637 607 668 628 ea
679 601 761 629 Paulo
769 603 872 638 cognita
883 603 964 633 fuisse

167 647 227 674 qua!
249 639 337 668 futura
354 646 432 669 erant
451 648 478 670 et
491 644 686 673 conducebant.
705 646 766 675 Ideo
780 648 805 676 in
820 649 961 684 superiore

165 685 275 720 quidem
289 687 402 722 epistola
417 688 461 717 his
471 690 559 718 verbis
572 691 661 724 utitur,
682 692 715 719 Ut
724 701 768 721 vos
781 702 820 722 me
829 695 962 724 deducam

164 739 324 768 quocumque
334 734 484 769 proﬁciscar
497 735 507 771 (
520 737 545 763 Ι.
561 736 621 764 Cor.
639 738 681 766 l6.
700 738 753 774 6);
770 739 822 768 hoc
836 741 962 770 videlicet

164 782 299 812 metuens,
315 787 350 807 ne
363 787 423 807 eum
442 781 468 808 in
481 781 602 810 Judtcam
617 783 740 817 dixisset,
755 786 808 814 alio
821 787 895 815 abire
914 796 961 816 co-

162 828 274 857 geretur
289 833 296 851 :
313 824 357 853 hic
370 830 471 860 autem,
481 828 607 862 quoniam
619 829 668 857 hac
683 838 730 866 spe
737 831 846 861 delusus
862 833 957 869 fuerat,

163 869 236 898 istud
258 870 304 904 ait,
321 871 355 899 Et
375 881 391 899 a
410 874 477 901 vobis
497 875 588 902 deduci
608 876 634 903 in
652 876 783 905 Judaeum.
799 879 865 907 Nam
885 881 957 916 qttod

163 915 284 944 caritatis
295 921 362 950 erat,
377 917 403 945 id
426 919 512 953 ponit,
528 919 579 948 hoc
592 926 643 955 est,
655 922 688 950 ad
702 930 749 951 eos
761 925 853 952 venire
867 935 873 953 ε
887 915 956 961 quod

162 966 254 989 autem
275 970 369 990 eorum
388 964 454 992 nihil
470 966 599 994 intererat
611 988 618 1000 ,
634 975 731 1003 nempe
746 974 773 997 ut
789 970 815 997 in
837 971 956 1000 Judaeum

160 1006 267 1040 abiret,
300 1009 351 1036 ltoc
389 1017 442 1037 non
476 1011 532 1046 jam
566 1011 666 1041 diserte
697 1014 781 1043 addit.
811 1016 955 1053 Postquam

159 1057 250 1081 autem
277 1056 415 1083 convictus
441 1061 501 1090 est,
530 1057 573 1086 hic
597 1058 652 1094 jam
677 1060 791 1090 ﬁdenter
812 1063 896 1098 dicit,
922 1064 955 1092 In

158 1099 289 1128 Iudaeam.
310 1102 398 1138 Atque
421 1103 472 1131 hoc
494 1105 596 1133 utiliter
618 1107 807 1143 contingebat,
836 1117 869 1137 ne
894 1111 955 1146 quis

159 1145 276 1180 ipsorum
309 1149 462 1183 majorem.
491 1157 570 1185 quam
599 1159 648 1188 par
676 1158 768 1188 esset,
799 1145 953 1190 opinionem

157 1191 192 1219 de
218 1200 252 1220 eo
279 1192 403 1222 haberet.
432 1195 538 1223 Etenim
566 1197 605 1230 si,
636 1206 696 1226 cum
724 1199 782 1228 haec
809 1201 889 1229 etiam
916 1203 951 1230 ita

157 1245 186 1266 se
199 1237 348 1273 haberent,
367 1244 456 1269 tamen
469 1250 521 1270 non
533 1243 690 1277 defuerunt,
703 1246 747 1281 qui
773 1251 864 1276 tauros
887 1249 952 1284 ipsis

157 1283 296 1313 immolare
309 1286 429 1320 vellent;
455 1296 507 1323 quo
529 1289 635 1317 tandem
657 1291 799 1326 impietatis
815 1301 867 1320 non
888 1302 952 1329 pro-

156 1330 291 1366 ruissent,
317 1333 367 1360 nisi
392 1334 473 1362 multa
502 1335 625 1364 humana:
653 1337 841 1367 imbecillitatis
869 1340 950 1368 docu-

155 1382 246 1406 menta
265 1379 461 1414 praebuissent?
481 1381 514 1409 Et
536 1390 583 1409 cur
597 1384 703 1411 miraris
722 1392 753 1412 ea
767 1386 856 1413 omnia
867 1408 873 1419 ,
890 1395 950 1422 quae

154 1422 242 1451 futura
261 1430 354 1459 erant,
370 1426 452 1454 Paulo
473 1428 584 1455 tuinime
597 1435 659 1456 nota
674 1429 770 1464 fuisse,
791 1439 852 1459 cum
868 1433 948 1460 etiam

154 1469 180 1497 in
196 1471 319 1506 precibus
333 1472 490 1508 plerumque
505 1475 576 1509 quod
597 1476 722 1510 expediat
741 1477 866 1512 ignoret?
881 1479 950 1512 Quid

153 1517 224 1544 enim
245 1526 363 1552 oremus,
387 1519 490 1555 inquit,
511 1522 721 1556 quemadmodum
745 1529 842 1559 Oportet
868 1525 948 1552 nesci-

153 1571 209 1591 mus
222 1563 317 1599 (Rom.
330 1566 356 1592 8.
368 1565 403 1593 26
415 1566 434 1601 ).
450 1566 505 1594 Nec
516 1575 579 1595 vero
594 1568 644 1596 hoe
658 1576 691 1596 eo
703 1569 840 1597 dumtaxat
852 1570 898 1604 ait,
920 1575 948 1598 nt

152 1610 292 1638 modestiae
304 1611 457 1647 opinionem
469 1613 593 1649 colligat;
606 1615 652 1642 sed
661 1615 740 1642 etiam
752 1617 879 1650 ostendit,
889 1617 947 1645 ubi-

153 1663 226 1690 nam,
241 1657 303 1691 quid
317 1658 342 1685 in
360 1658 484 1692 precibus
500 1660 563 1687 utile
576 1665 658 1694 esset,
675 1661 814 1697 ignorarit.
831 1662 945 1692 Ubinam

152 1705 239 1729 autem
253 1703 404 1738 ignoravit?
416 1704 518 1739 Nempe
531 1713 591 1732 cum
607 1707 728 1741 precibus
738 1715 753 1735 a
767 1707 822 1735 Deo
835 1713 946 1737 conten-

151 1747 242 1781 debat,
255 1753 284 1776 ut
294 1757 309 1777 e
322 1751 512 1778 teutationibus
524 1751 684 1786 eriperetur,
697 1752 738 1780 his
749 1754 837 1781 verbis
849 1759 943 1783 utens:

150 1793 234 1822 Datus
253 1800 289 1821 est
306 1795 370 1822 mihi
388 1796 504 1823 stimulus
518 1798 602 1824 carnis
616 1798 720 1833 angelus
735 1804 832 1826 satume
843 1800 887 1835 qui
905 1809 946 1827 me

151 1839 301 1874 colaphizet.
319 1840 429 1876 Propter
441 1842 508 1877 quod
523 1847 560 1869 ter
573 1842 713 1871 Dominum
726 1845 812 1880 rogavi
820 1853 830 1877 ;
842 1849 866 1872 et
880 1845 945 1872 dixit

150 1885 213 1912 mihi
227 1894 237 1913 :
251 1886 349 1922 Sufﬁcit
362 1888 405 1914 tibi
419 1889 501 1923 gratia
514 1897 585 1922 mea;
596 1891 673 1917 virtus
686 1891 752 1918 enim
766 1899 821 1918 mea
833 1891 860 1918 in
871 1892 945 1926 inﬁr-

149 1931 238 1958 mitate
251 1933 381 1966 perﬁcitur
397 1933 433 1969 (2.
449 1934 508 1961 Cor.
538 1935 581 1963 12.
595 1936 678 1972 7.-9).
703 1937 782 1965 Vides
795 1939 941 1973 quomodo,

148 1976 214 2012 quid
228 1984 260 2005 ex
276 1985 323 2005 nsu
334 1983 417 2010 esset,
430 1980 565 2014 postulare
578 1982 740 2010 nesciverit?
751 1983 790 2010 Ac
801 1989 942 2019 propterea

149 2030 202 2050 non
217 2024 331 2058 accepit,
343 2032 403 2051 cum
416 2029 503 2053 tamen
517 2034 588 2062 saepe
602 2028 773 2062 postulasset.
787 2029 831 2058 l8.
845 2029 942 2058 Fidelis

149 2072 234 2095 autem
246 2068 335 2102 Deus,
352 2071 410 2105 quia
425 2079 507 2098 sermo
522 2077 616 2107 uoster,
632 2074 676 2108 qui
689 2075 738 2109 [uit
761 2075 795 2102 ad
816 2083 876 2110 vos,
891 2085 942 2104 non

149 2114 198 2148 (uit
217 2114 264 2142 Eu
285 2121 309 2143 et
327 2115 400 2144 Non.
421 2118 592 2146 Exorientem
615 2120 791 2155 objectionem
813 2123 941 2157 praeclare

148 2160 266 2189 discutit.
283 2162 378 2191 Dicere
391 2164 461 2192 enim
478 2165 626 2200 potuiSSent
640 2176 647 2193 :
670 2166 697 2195 Si
711 2175 772 2195 cum
788 2169 846 2204 ipse
867 2174 892 2197 te
907 2170 940 2197 ad

147 2215 197 2236 nos
210 2213 352 2237 venturum
368 2212 502 2247 receperis
512 2233 519 2246 ,
542 2213 569 2240 id
584 2218 672 2242 tamen
692 2214 780 2243 facere
795 2217 938 2251 distulisti,

147 2258 226 2289 atque
239 2255 275 2282 ita
290 2263 343 2284 non
359 2260 400 2284 est
413 2258 482 2292 apud
497 2263 533 2292 te,
548 2258 595 2287 Est
609 2265 668 2294 est,
684 2260 741 2288 Non
758 2269 810 2289 non
822 2282 830 2295 ,
847 2271 939 2291 verum

147 2307 206 2334 quas
227 2308 301 2329 nunc
320 2302 404 2337 dicis,
422 2309 512 2338 postea
528 2306 660 2334 subvertis
671 2327 678 2340 ,
699 2307 768 2335 utin
783 2312 826 2336 tua
842 2309 874 2337 ad
890 2317 940 2338 nos

147 2345 311 2380 profectione
324 2347 426 2382 fecisti;
441 2357 480 2376 vae
500 2350 586 2385 nobis,
600 2352 622 2378 si
635 2351 685 2379 hoc
698 2360 803 2389 qu0que
817 2355 843 2382 in
855 2363 938 2383 evan-

146 2390 207 2424 gelii
221 2392 411 2426 praedicatione
426 2395 565 2431 contingit.
581 2396 615 2425 Ut
629 2405 692 2433 ergo
704 2397 762 2426 haec
776 2407 825 2427 nec
839 2401 940 2436 cogita-

147 2441 205 2464 rent
219 2444 269 2465 nec
281 2439 509 2474 perturbarentur,
520 2442 566 2475 ait,
584 2441 681 2470 Fidelis
697 2443 774 2478 Deus,
788 2447 847 2480 quia
857 2455 939 2475 sermo

146 2489 229 2511 uoster
241 2484 276 2512 ad
288 2493 331 2513 vos
344 2494 395 2513 non
408 2487 456 2522 fuit
471 2487 516 2516 Est
531 2494 555 2516 et
571 2489 643 2517 Non.
660 2490 716 2518 Hoc
729 2491 817 2526 enim,
833 2492 936 2529 inquit,

146 2529 171 2555 in
186 2530 375 2564 przcdicatione
386 2540 438 2560 non
452 2534 591 2571 contingit,
608 2536 655 2563 sed
670 2537 696 2564 in
710 2537 758 2565 viis
772 2545 803 2565 ac
816 2541 936 2575 peregri-

147 2576 298 2604 nationibus
313 2577 453 2606 dumtaxat
466 2588 472 2607 :
487 2587 547 2607 nam
562 2581 588 2608 in
602 2581 790 2616 praedicatione
807 2583 882 2612 ﬁrma
894 2591 936 2613 at-

144 2628 195 2656 que
210 2622 322 2650 immota
346 2629 456 2652 manent
478 2633 537 2661 quae
559 2626 684 2655 diximus.
711 2628 762 2657 Per
784 2637 936 2659 sermonem

143 2667 212 2694 enim
228 2667 279 2696 hoc
294 2669 354 2696 loco
368 2670 583 2705 praedicationem
597 2673 738 2708 signiﬁcat.
754 2674 850 2704 Postea
866 2676 935 2705 irre-

142 2711 249 2741 futabile
258 2721 446 2750 argumentum
459 2716 538 2752 hujus
549 2719 587 2746 rei
598 2719 686 2753 aflert,
696 2719 734 2747 ad.
742 2720 824 2748 Deum
836 2722 887 2750 hoc
901 2729 937 2751 too

143 2762 194 2785 tum
210 2759 342 2787 referens.
359 2760 436 2794 Quod
454 2767 543 2790 autem
558 2763 606 2797 ait,
622 2764 692 2793 hunc
705 2773 814 2794 sensum
835 2767 933 2797 habet:

141 2804 276 2834 Adventus
290 2807 345 2834 mei
367 2807 524 2842 pollicitatio
543 2817 603 2838 mea
622 2815 696 2844 erat,
720 2816 799 2848 atque
811 2821 860 2849 ego
874 2823 933 2843 mea

140 2856 232 2885 sponte
250 2852 277 2880 id
292 2853 487 2888 promiseram;
502 2859 530 2883 at
541 2855 696 2891 praedicatio
710 2865 762 2885 non
778 2867 836 2887 mea
856 2867 931 2894 erat,

139 2905 187 2926 nec
202 2898 321 2928 humana
333 2920 341 2935 ,
364 2899 411 2928 sed
436 2901 481 2930 Dei
497 2911 504 2930 :
520 2902 592 2938 quod
613 2908 702 2932 autem
722 2904 769 2933 Dei
789 2907 891 2943 est,.iu
906 2908 933 2936 id

731 173 764 201 ΙΝ
785 175 890 206 El’lST.
912 179 932 206 ΙΙ
961 181 1006 209 AD
1026 180 1101 210 (ΞΟΠ.
1123 183 1239 214 ΗΟΜΙΙ...
1261 186 1304 216 ill.

1768 202 1820 230 HO

1023 239 1191 269 mendacium
1210 244 1305 274 cadere
1319 248 1428 283 nequit:
1444 251 1514 279 unde
1527 252 1702 289 etianhdieit;
1720 256 1820 288 Fidelis

1022 290 1105 313 autem
1124 287 1211 322 Deus;
1227 291 1278 319 hoc
1293 298 1347 327 est,
1364 303 1455 324 verax.
1474 298 1652 332 Quamobrem
1675 303 1738 331 nihil
1759 311 1816 340 est,

1021 337 1071 358 cur
1084 339 1114 359 ea
1128 353 1135 366 ,
1159 342 1219 369 quae
1234 337 1304 366 illius
1325 345 1402 374 sunt,
1416 342 1492 371 vobis
1511 351 1634 381 suspectu
1658 348 1711 376 sint
1726 359 1733 377 :
1750 352 1815 380 nihil

1021 376 1092 404 enim
1117 379 1143 406 in
1167 380 1232 415 ipsis
1257 382 1401 414 humanum
1425 394 1476 416 est.
1501 391 1539 418 Ac
1561 398 1733 430 posteaquam
1758 405 1816 425 ser-

1020 428 1126 450 monem
1146 424 1230 459 dixit,
1254 427 1288 455 de
1302 437 1355 464 quo
1379 440 1504 462 sermone
1523 424 1668 472 loquatur,
1685 440 1814 478 deinceps

1019 469 1136 502 exponit.

1053 513 1079 540 4.
1100 514 1227 548 Quisnam
1249 518 1330 554 igitur
1351 521 1395 549 hic
1415 530 1504 553 sermo
1524 528 1586 556 est?
1607 529 1651 558 i9;
1675 530 1723 559 Dei
1744 534 1810 561 enim

1017 557 1102 586 Filius
1112 581 1118 592 ,
1132 562 1176 596 qui
1191 563 1219 590 in
1231 565 1300 607 vobis
1314 575 1360 602 per
1374 577 1420 596 nos
1434 572 1588 606 praedicatus
1598 580 1635 602 est
1647 596 1654 609 ,
1672 585 1717 612 por
1734 587 1774 607 me
1787 586 1812 608 et

1016 605 1149 635 Silvanum
1164 614 1188 636 et
1203 604 1370 648 Timotheum,
1387 604 1438 644 non
1452 618 1502 653 fuit
1515 620 1562 648 Est
1575 627 1598 648 et
1609 604 1680 651 Non:
1697 625 1737 654 0b
1750 634 1810 654 eaut

1015 652 1087 679 enim
1103 661 1210 683 causam
1224 658 1412 693 magistrorum
1427 652 1538 692 chorum
1554 666 1580 693 in
1595 669 1714 697 medium
1726 671 1810 700 addu-

1014 697 1060 730 cit,
1073 698 1133 727 hinc
1142 708 1254 737 quoque
1268 705 1421 734 testimonio
1434 715 1482 736 suo
1494 710 1573 739 ﬁdem
1587 713 1738 750 adstrueus,
1755 725 1808 745 non

1015 750 1062 777 per
1072 745 1208 775 auditores
1221 753 1333 784 tantum,
1348 752 1394 780 sed
1408 755 1488 782 etiam
1501 764 1550 792 per
1564 760 1715 794 magistros.
1728 745 1815 798 λιφιί-

1012 789 1134 826 discipuli
1152 794 1187 820 illi
1201 801 1287 830 erant,
1302 798 1348 826 sed
1362 789 1598 832 modestiae—studio
1608 789 1662 834 cos
1680 808 1706 835 in
1721 789 1807 844 magi-

1012 839 1128 865 strorum
1142 840 1231 868 album
1245 843 1336 871 refert.
1351 845 1419 879 Quid
1431 853 1519 876 autetu
1535 855 1594 883 est,
1613 850 1673 880 Non
1689 855 1737 889 fuit
1760 839 1813 883 Est.

1011 885 1034 908 et
1049 881 1134 910 Non?
1151 885 1211 914 Non
1232 895 1262 915 ea
1281 889 1418 926 subverti,
1440 893 1543 929 inquit,
1562 881 1622 931 quae
1639 881 1712 932 prius
1736 900 1807 929 inter

1010 929 1223 960 concionandum
1236 933 1291 962 dixi
1303 945 1310 962 :
1325 944 1378 964 non
1392 938 1471 966 modo
1487 940 1548 974 hoc,
1561 929 1645 971 modo
1656 945 1722 973 illud
1735 949 1804 982 apud

1010 981 1057 1001 vos
1070 974 1183 1005 disserui
1197 987 1205 1005 :
1219 979 1272 1008 hoc
1291 982 1362 1010 enitn
1385 992 1438 1012 non
1464 986 1525 1014 ﬁdei
1540 988 1635 1023 fuerit,
1652 993 1699 1019 sed
1722 974 1804 1022 animi

1008 1018 1167 1050 aberrantis.
1184 1023 1238 1052 Sed
1251 1025 1298 1053 Est
1310 1029 1337 1054 in
1351 1029 1395 1056 illo
1410 1031 1467 1065 fuit.
1485 1032 1541 1060 lloc
1555 1040 1612 1070 est,
1628 1018 1756 1067 immotus
1772 1048 1806 1068 ao

1008 1064 1101 1094 ﬁrmus
1116 1075 1206 1110 sermo
1220 1077 1320 1101 manet.
1335 1074 1380 1101 20.
1399 1076 1526 1113 Quotquot
1540 1081 1607 1108 enim
1624 1085 1813 1118 promissionw

1006 1109 1056 1138 Dei
1070 1117 1138 1146 sunt,
1152 1114 1179 1141 in
1194 1115 1238 1143 illo
1253 1116 1312 1152 Est,
1326 1124 1349 1146 et
1367 1121 1392 1147 iu
1406 1122 1462 1157 ipso
1472 1109 1565 1158 'Amen,
1582 1109 1637 1154 Deo
1647 1129 1681 1155 ad
1693 1130 1809 1164 gloriam:

1007 1164 1051 1205 per
1065 1165 1119 1205 nos.
1136 1159 1204 1193 Quid
1222 1167 1282 1197 est,
1300 1164 1427 1200 Quotquot
1447 1171 1626 1204 promissu/nes
1641 1159 1712 1203 Dei-7
1727 1177 1800 1205 Pro:-

1005 1202 1105 1232 dicatio
1129 1208 1283 1242 evangelica
1310 1211 1392 1239 multa
1425 1202 1619 1251 promittebat;
1645 1225 1726 1256 atque
1751 1223 1801 1258 ipsi

1005 1249 1087 1276 multa
1103 1250 1160 1279 hare
1173 1255 1366 1288 promittebant
1386 1266 1418 1286 ac
1434 1249 1626 1295 prmdicabant.
1644 1249 1711 1295 Nain
1725 1274 1751 1295 et
1761 1249 1799 1297 [de

1004 1297 1202 1327 resurrectione
1218 1301 1299 1329 verba
1324 1302 1463 1339 fecerant,
1478 1312 1506 1334 et
1519 1308 1553 1336 de
1573 1314 1758 1347 assumptione
1772 1320 1798 1342 et

1003 1340 1037 1369 de
1052 1342 1254 1380 incorruptione
1267 1353 1294 1376 et
1306 1348 1339 1376 de
1350 1352 1453 1386 magnis
1465 1356 1583 1388 przcmiis
1596 1361 1677 1392 atque
1689 1362 1796 1389 arcanis

1003 1388 1055 1416 illis
1071 1389 1160 1419 bonis.
1176 1392 1230 1421 Has
1245 1394 1326 1430 igitur
1339 1397 1546 1431 pollicitationes
1561 1388 1652 1431 ﬁrmas
1664 1412 1696 1433 ac
1712 1407 1797 1434 stahi-

1002 1433 1049 1467 les,
1065 1443 1175 1465 manere
1188 1439 1242 1472 ait;
1266 1445 1293 1468 et
1308 1449 1361 1470 non
1382 1442 1431 1471 fuit
1444 1444 1494 1473 Est
1506 1452 1533 1474 et
1546 1447 1604 1476 Non
1623 1450 1651 1477 in
1665 1451 1728 1479 illis.
1741 1452 1797 1481 lloc

1001 1485 1052 1532 est,
1067 1490 1120 1510 non
1131 1485 1291 1522 quandoque
1306 1496 1379 1523 vera,
1396 1498 1455 1526 qua:
1468 1491 1533 1526 dixi,
1548 1496 1709 1532 quandoque
1730 1499 1794 1528 falsa

1001 1526 1116 1560 fuerunt,
1134 1536 1162 1557 ut
1175 1539 1250 1560 meus
1264 1533 1297 1560 ad
1315 1541 1363 1562 vos
1376 1543 1501 1565 accessus
1511 1558 1519 1571 ,
1536 1540 1584 1567 sed
1603 1549 1710 1578 semper
1719 1552 1794 1572 vera.

1000 1572 1039 1626 de
1050 1574 1168 1626 rprimum
1184 1577 1290 1611 quidem
1305 1587 1354 1615 pro
1364 1581 1424 1609 iidei
1436 1582 1604 1618 dogmatibus
1617 1572 1795 1626 sermoneque

999 1617 1033 1645 de
1047 1618 1154 1647 Christo
1175 1623 1312 1651 contendit
1327 1625 1421 1655 dicens
1438 1636 1444 1655 :
1462 1617 1554 1658 Sermo
1568 1640 1639 1660 meus
1651 1638 1679 1661 et
1695 1617 1794 1670 praedi-

998 1664 1069 1691 catio
1089 1673 1148 1693 mea
1168 1675 1219 1695 non
1241 1669 1288 1705 fuit
1308 1670 1354 1698 Est
1370 1677 1392 1700 et
1413 1672 1474 1702 Non
1488 1681 1499 1703 :
1511 1675 1609 1706 deinde
1633 1687 1682 1714 pro
1695 1664 1799 1716 Iipsius.

998 1709 1235 1744 pollicitationibus
1251 1722 1350 1751 pugnat
1363 1726 1370 1747 :
1385 1718 1511 1755 Quotquot
1527 1723 1604 1757 enim,
1620 1709 1792 1762 atquin-pro-

998 1756 1131 1785 missiones
1145 1757 1194 1786 Dei
1207 1765 1276 1795 sunt,
1292 1762 1318 1789 in
1330 1762 1375 1790 illo
1390 1763 1445 1792 Est.
1460 1766 1537 1800 Quod
1550 1769 1572 1796 si
1586 1756 1665 1798 ﬁrma
1674 1756 1800 1801 accerta,

997 1807 1060 1829 sunt
1073 1811 1133 1839 quae
1148 1807 1283 1841 promisit,
1303 1817 1353 1837 nec
1366 1810 1477 1840 dubium
1495 1819 1537 1842 est
1550 1816 1617 1850 quin
1629 1825 1661 1845 ea
1679 1818 1801 1848 daturus-

997 1848 1042 1882 sit,
1059 1850 1143 1877 multo
1157 1852 1248 1887 tttique
1262 1855 1347 1890 magis
1361 1857 1428 1891 ipse,
1443 1865 1475 1885 ac
1489 1848 1579 1888 sermo
1589 1862 1634 1897 qui
1649 1863 1684 1891 de
1695 1872 1728 1892 eo
1741 1865 1790 1892 ha-

997 1893 1084 1928 betur,
1102 1895 1194 1924 ﬁrmus
1213 1905 1246 1926 ac
1260 1904 1349 1928 certus
1361 1906 1403 1929 est
1418 1911 1425 1934 ;
1448 1911 1535 1939 neque
1549 1893 1620 1935 istud
1635 1907 1687 1936 dici
1703 1915 1799 1945 potes»

996 1941 1066 1975 quod
1081 1949 1151 1970 nunc
1165 1943 1272 1978 quidem
1284 1947 1329 1980 sit,
1347 1956 1417 1976 nunc
1430 1955 1520 1978 autem
1535 1960 1589 1981 non
1602 1955 1647 1988 sit,
1661 1957 1711 1984 sed
1719 1965 1790 1986 sem-

996 1994 1044 2022 per
1054 1992 1104 2021 cst,
1120 1993 1200 2024 atque
1213 1991 1284 2019 idem
1301 1999 1351 2021 est.

1031 2032 1162 2062 Promissa
1186 2035 1233 2063 Dei
1248 2046 1323 2073 quam
1343 2041 1427 2075 ﬁrma.
1439 2043 1553 2078 ——Quid
1569 2051 1611 2074 est
1629 2053 1718 2076 autem
1730 2070 1738 2082 ,
1755 2050 1788 2078 In

994 2078 1040 2106 illo
1056 2079 1101 2108 Est
1111 2102 1117 2113 ,
1133 2087 1156 2108 et
1171 2082 1273 2111 Amen?
1287 2085 1333 2113 llis
1347 2087 1437 2115 verbis
1459 2089 1485 2117 id
1499 2091 1571 2126 quod
1588 2094 1697 2122 omnino
1718 2078 1790 2123 fulu-

995 2133 1054 2153 rum
1069 2131 1111 2154 est
1125 2128 1266 2163 signiﬁcat.
1283 2131 1479 2163 Promissiones
1493 2137 1565 2164 enim
1582 2139 1607 2165 in
1619 2139 1676 2174 ipso
1687 2148 1718 2169 ac
1733 2150 1786 2170 non

994 2169 1021 2198 in
1035 2171 1154 2207 homine,
1166 2174 1217 2202 hoc
1232 2176 1346 2211 habent,
1362 2183 1391 2206 ut
1403 2181 1560 2217 contingant
1574 2188 1601 2212 et
1615 2169 1784 2220 expleantur.

993 2217 1082 2251 Quare
1096 2219 1162 2246 nihil
1177 2225 1218 2247 est
1237 2222 1307 2257 quod
1322 2228 1444 2253 metuas:
1460 2233 1514 2255 non
1532 2228 1603 2256 enim
1623 2217 1703 2258 homo
1724 2237 1764 2260 est
1777 2253 1785 2265 ,

994 2267 1022 2290 ut
1035 2270 1189 2300 suspectum
1203 2275 1265 2295 eum
1279 2268 1380 2297 habere
1398 2272 1484 2306 possis
1495 2293 1502 2305 ,
1524 2273 1572 2301 sed
1588 2275 1658 2303 Deus
1672 2297 1679 2310 ,
1701 2278 1745 2312 qui
1759 2283 1788 2306 et

993 2309 1061 2338 dixit
1071 2315 1098 2339 et
1110 2312 1210 2348 explet.
1225 2314 1280 2342 Deo
1296 2316 1330 2342 ad
1343 2317 1451 2352 gloriam
1466 2327 1510 2354 per
1524 2328 1580 2348 nos.
1594 2321 1663 2356 Quid
1678 2309 1729 2358 est,
1745 2325 1794 2352 Ad‘

992 2356 1102 2393 gloriam
1124 2367 1169 2394 per
1191 2368 1237 2387 nos
1249 2362 1261 2388 ?
1275 2362 1327 2391 Eas
1342 2371 1390 2398 per
1408 2372 1458 2393 nos
1474 2367 1581 2401 explet;
1596 2369 1648 2397 hoc
1664 2375 1723 2404 est,
1738 2379 1785 2406 per

992 2403 1089 2431 collata
1103 2405 1129 2432 in
1145 2413 1195 2433 nos
1213 2406 1342 2436 beneﬁcia
1364 2410 1397 2438 ad
1419 2411 1530 2447 gloriam
1547 2414 1615 2442 Dei:
1640 2416 1691 2444 hoc
1713 2403 1794 2446 etiim.

991 2453 1050 2484 est,
1064 2449 1121 2478 Deo
1132 2451 1166 2478 ad
1180 2452 1298 2488 gloriam.
1314 2453 1341 2482 Si
1355 2461 1444 2485 autem
1461 2458 1495 2486 ad
1510 2458 1559 2488 Dei
1573 2461 1685 2496 gloriam
1698 2483 1706 2497 ,
1721 2465 1784 2500 quin

992 2495 1039 2523 ﬁat
1053 2503 1105 2524 non
1119 2502 1160 2525 est
1174 2498 1367 2535 dubitandum,
1385 2507 1439 2531 tum
1453 2506 1532 2540 quia,
1548 2495 1655 2535 etiamsi
1669 2495 1784 2538 saluiem

992 2546 1110 2570 nostram
1120 2546 1284 2580 contemptui
1295 2546 1417 2582 haberet,
1428 2557 1479 2577 non
1490 2554 1577 2579 tamen
1585 2552 1698 2588 gloriam
1709 2562 1785 2583 suam
1806 2578 1808 2582 τ

990 2593 1192 2624 contempturus
1203 2596 1263 2624 est;
1276 2596 1330 2620 tutu
1343 2594 1403 2628 quia
1416 2595 1578 2631 singularem
1586 2606 1648 2635 erga
1661 2599 1785 2628 homines

990 2633 1203 2664 benevolentiam
1220 2638 1297 2672 gerit.
1321 2639 1397 2667 Adde
1422 2641 1494 2676 quod
1518 2633 1708 2673 nostraﬁsalus
1722 2655 1782 2675 cum

989 2678 1072 2713 gloria
1087 2687 1129 2714 ea,
1143 2688 1202 2716 quae
1219 2682 1280 2710 hinc
1304 2683 1343 2711 ad.
1358 2685 1444 2719 ipsum
1466 2687 1536 2714 redit
1547 2708 1555 2722 ,
1571 2689 1715 2725 conjuncta
1729 2698 1780 2720 est.

989 2723 1048 2757 Quo
1063 2724 1108 2758 ﬁt,
1124 2731 1153 2753 ut
1167 2734 1228 2755 cum
1243 2730 1436 2763 promissiones
1450 2732 1484 2760 ad
1498 2733 1581 2770 ipsius
1593 2736 1704 2771 gloriam
1720 2745 1782 2771 per-

989 2769 1091 2798 tineant
1101 2792 1108 2804 ,
1124 2771 1235 2801 dubium
1251 2782 1311 2803 esse
1326 2784 1380 2804 non
1394 2778 1497 2813 possit,
1510 2780 1573 2815 quin
1588 2769 1661 2809 salus
1672 2769 1779 2818 qquuo

989 2821 1079 2844 nostra
1093 2824 1281 2854 consequatur.
1295 2821 1370 2855 Quod
1381 2823 1461 2851 etiam
1476 2825 1502 2852 in
1516 2826 1634 2861 Epistola
1644 2827 1677 2855 ad
1688 2828 1780 2863 Ephe-

988 2863 1042 2890 sios
1056 2863 1150 2891 crebro
1164 2865 1278 2894 inculcat
1292 2867 1383 2896 dicens
1399 2878 1408 2898 ;
1424 2870 1457 2896 tu
1478 2872 1667 2905 acquisitionem
1687 2874 1778 2909 glorite

990 2910 1068 2944 ipsius
1084 2910 1190 2946 (Ep/tes.
1207 2912 1232 2940 -Ι,
1250 2913 1304 2949 id).
1320 2915 1406 2951 Atque
1429 2916 1526 2952 ubique
1548 2918 1619 2947 istud
1641 2921 1788 2955 ponit,.ttt.
