1984 3126
244 168 292 196 Ml

243 224 366 252 ostendat
386 223 412 250 id
433 222 584 249 necessario
596 224 752 247 eventurum
767 227 773 245 :
789 218 858 254 quod
875 219 954 245 etiam
977 218 1028 246 hoc

245 271 305 298 loco
318 270 369 302 ait,
388 276 483 303 nempe
500 267 568 302 quod
595 266 679 301 ipsius
702 264 1028 301 pollicitationesminime

245 317 347 344 fallant.
373 315 462 350 Neque
483 314 552 341 enim
574 312 650 340 nobis
671 312 808 339 dumtaxat
829 311 958 343 salutem,
981 309 1029 337 sed

246 362 296 396 ipsi
310 369 413 396 quoque
426 360 536 395 gloriam
556 358 679 386 afferunt.
703 357 741 384 Ne
762 363 827 392 ergo
851 356 916 382 illud
941 361 1028 383 tecum

245 413 362 442 reputes,
377 405 446 441 quod
460 413 507 440 per
522 412 570 432 nos
591 404 640 431 ista
665 405 794 438 promissa
816 403 888 435 sint,
901 410 951 430 nec
970 410 1031 437 pro-

247 458 334 486 pterea
349 452 382 479 de
400 452 432 479 iis
447 451 552 478 dubites
567 459 573 477 :
591 458 676 485 neque
690 449 760 477 enim
776 457 823 484 per
837 457 885 476 nos
896 470 903 481 ,
919 448 966 475 sed
983 456 1032 483 per

244 506 307 526 eum
326 498 483 532 explentur;
499 502 526 525 et
548 497 739 532 promis-siones
763 503 809 530 per
832 496 917 530 ipsum
942 498 1028 525 sunt;

246 552 298 570 non
311 543 383 571 enim
397 547 488 570 nostra
501 563 509 575 ,
533 542 578 569 sud
597 549 654 577 quae
668 541 713 568 Dei
730 546 801 572 sunt,
817 540 892 567 vobis
905 540 1029 567 diximus.

245 589 292 616 21.
309 589 359 622 Qui
377 594 460 615 autem
476 588 608 622 conﬁrmat
628 595 673 613 nos
686 586 812 613 vobiscum
827 587 851 612 in
867 585 966 613 Christo
979 605 988 615 ,
1008 590 1032 611 et

245 635 287 670 qui
301 635 370 661 unin
390 643 446 666 nos,
464 633 549 664 Deus;
561 633 606 660 2‘2.
628 633 672 667 qui
689 637 712 658 et
726 632 832 667 signavit
847 639 889 658 vos
900 651 906 662 ,
926 635 949 657 et
964 630 1033 656 dedit

247 680 337 716 pignus
373 679 486 713 Spiritus
521 679 547 704 in
576 677 693 704 cordibus
720 678 822 703 nostris.
849 676 962 703 Rursum
984 683 1032 710 per

246 725 379 759 praeterita
396 724 474 751 ﬁdem
500 723 593 750 futuris
613 723 747 749 conciliat.
770 721 836 749 Nam
858 721 879 748 si
899 721 955 755 ipse
970 724 1030 752 est,

246 771 291 806 qui
305 778 353 797 nos
367 770 392 797 in
408 770 513 797 Christo
528 769 686 800 conﬁrmat,
702 767 753 794 hoc
764 772 815 800 cst,
830 767 874 802 qui
890 774 937 793 nos
952 773 965 791 a
982 765 1033 792 ﬁde

247 823 306 850 quin
330 816 355 842 in
369 815 502 842 Christum
518 818 556 842 est
573 813 701 840 dimoveri
718 820 771 840 non
785 812 867 844 sinit;
883 815 961 846 atque
977 810 1033 845 ipse

247 862 327 888 etiam
343 865 403 894 est,
419 861 464 895 qui
488 868 536 887 nos
550 860 644 893 unxit,
662 858 842 893 Spiritumque
862 857 888 884 in
908 856 1033 883 cordibus

249 908 345 934 nostris
363 906 435 934 dedit
450 915 456 933 :
471 906 604 941 quomodo
625 913 676 932 non
700 905 784 931 futura
800 910 904 938 quoque
924 903 1033 929 daturus

248 952 309 980 est?
322 952 386 979 Nam
400 960 460 979 cum
477 951 605 986 principia
626 956 654 978 et
676 950 815 977 materiam
833 957 865 976 ac
877 948 993 975 radicem
1008 951 1034 974 et

248 999 357 1031 fontem,
371 998 421 1025 hoc
436 1002 486 1030 est,
504 1005 592 1024 verum
608 997 691 1031 ipsius
705 995 883 1031 cognitionem
905 1001 935 1021 ac
948 993 1033 1028 Spiri-

249 1050 291 1070 tus
305 1043 535 1079 participationem
550 1043 661 1077 largitus
673 1042 708 1069 sit
724 1050 731 1068 :
747 1041 789 1076 qui
810 1040 868 1068 ﬁeri
883 1044 990 1075 potest,
1005 1043 1035 1065 ut

251 1098 302 1116 non
323 1098 354 1117 ea
369 1090 448 1116 etiam
467 1090 594 1124 largiatur
606 1110 612 1120 ,
634 1096 693 1124 quae
705 1095 737 1115 ex
754 1088 795 1114 his
809 1086 953 1114 oriuntur?
967 1086 1033 1113 Nam

250 1144 310 1161 eum
325 1135 367 1162 illa
383 1135 476 1162 horum
487 1142 565 1162 causa
580 1134 712 1162 donentur
723 1154 731 1166 ,
748 1134 832 1160 multo
846 1133 929 1167 magis
943 1133 975 1164 is,
990 1132 1034 1167 qui

250 1181 307 1207 iure
322 1180 405 1212 dedit,
424 1180 467 1207 illa
482 1187 588 1215 quoque
602 1179 731 1215 prmbebit
746 1188 752 1205 ι
767 1183 865 1206 etcum
882 1178 938 1205 tunc
948 1178 1035 1205 adhuc

251 1225 371 1252 hostibus
381 1225 494 1256 dederit.
507 1226 589 1252 multo
603 1225 687 1260 magis
700 1225 743 1252 illa
757 1224 850 1252 amicis
864 1224 983 1252 donabit.
996 1225 1035 1251 Ac

249 1271 362 1306 proinde
384 1279 418 1299 ne
435 1271 562 1306 Spiritum
581 1272 688 1307 quidem
713 1271 871 1305 simpliciter
885 1271 971 1303 dixit,
987 1271 1035 1298 sed

250 1315 344 1352 pignus
360 1317 516 1354 nominavit,
531 1322 560 1345 ιιι
575 1325 623 1352 per
632 1317 683 1362 hoc
697 1317 731 1344 de
744 1322 800 1345 toto
813 1317 935 1344 ﬁduciam
946 1317 1036 1344 conci-

250 1362 318 1399 pias.
333 1361 424 1398 Neque
434 1363 504 1389 enim
519 1363 542 1390 si
558 1367 640 1390 totum
657 1362 766 1390 daturus
778 1371 830 1389 non
844 1367 925 1396 esset,
940 1363 1035 1398 pignus

250 1407 380 1442 praebere,
396 1415 427 1434 ac
437 1408 533 1435 frustra
547 1413 573 1435 et
586 1412 685 1435 temere
699 1408 810 1442 perdere
824 1408 849 1434 in
861 1409 978 1435 animum
993 1408 1034 1434 in-

249 1455 378 1481 duxisset.
400 1454 438 1481 Ac
453 1454 531 1485 vide,
553 1461 652 1488 quaso,
675 1453 749 1481 Pauli
775 1453 943 1488 probitatem.
966 1453 1034 1486 Quid

250 1500 332 1531 enim,
349 1499 443 1534 inquit,
457 1500 546 1526 dicere
556 1499 660 1530 attinet,
677 1499 882 1532 promissionum
897 1499 1034 1526 veritatem

250 1546 277 1572 in
291 1544 367 1571 nobis
388 1544 498 1571 minime
515 1545 591 1571 sitam
607 1544 687 1572 esse?
703 1545 757 1571 imo
769 1544 820 1571 hoc
835 1545 920 1579 ipsum
934 1565 942 1577 ,
965 1544 1034 1580 quod

251 1599 298 1618 vos
314 1591 380 1624 ﬁrmi
395 1595 475 1625 atque
491 1591 641 1618 immobiles
661 1591 737 1618 statis
750 1611 757 1623 ,
773 1598 826 1618 non
842 1591 868 1618 in
883 1590 960 1618 nobis
971 1595 1012 1618 est
1025 1612 1034 1624 ,

252 1636 298 1663 Sed
312 1636 357 1663 Dei
377 1635 533 1663 beneﬁcium
549 1640 589 1663 est
604 1644 611 1663 :
628 1635 679 1668 Qui
693 1636 763 1663 enim
777 1636 909 1671 conﬁrmat
924 1645 980 1670 vos,
997 1637 1036 1663 in-

251 1682 319 1717 quit,
334 1682 402 1709 Deus
415 1686 460 1709 est.
475 1681 533 1709 Non
554 1689 615 1716 ergo
633 1689 682 1709 nos
703 1689 794 1709 sumus
806 1702 814 1714 ,
828 1683 872 1717 qui
888 1689 935 1709 vos
956 1682 1034 1709 fulci-

253 1735 311 1754 mus
325 1737 331 1754 :
349 1735 409 1754 nam
424 1727 472 1762 ipsi
486 1735 593 1762 quoque
610 1727 791 1755 conﬁrmantis
802 1735 853 1762 ope
875 1728 1033 1763 indigemus.

251 1772 380 1805 Quocirca
400 1780 453 1799 non
466 1777 523 1805 est,
537 1772 606 1807 quod
621 1773 760 1808 quisquam
777 1773 992 1808 praediCationem
1008 1774 1034 1800 in

253 1818 327 1846 nobis
341 1818 483 1853 periclitari
499 1819 633 1846 existimet
648 1827 654 1845 :
671 1819 728 1854 ipse
744 1823 826 1847 totum
843 1819 893 1847 hoc
908 1821 933 1847 in
953 1828 982 1848 se
994 1828 1036 1847 re-

251 1863 331 1898 cepit,
346 1864 393 1899 ipsi
409 1864 490 1891 tntius
505 1864 602 1898 negotii
618 1871 681 1891 cura
696 1868 746 1892 est.

287 1911 313 1937 5.
333 1910 400 1943 Quid
415 1915 502 1938 autem
516 1915 566 1943 est,
583 1910 633 1944 Qui
647 1911 718 1937 unxit
731 1916 754 1938 et
767 1911 898 1946 signavit?
911 1911 967 1939 Hoc
982 1916 1033 1944 est,

252 1957 295 1990 qui
309 1956 434 1990 Spiritum
450 1956 532 1990 dedit,
549 1963 595 1991 per
609 1963 687 1991 quem
702 1960 844 1991 utrumque
859 1956 954 1984 horum
969 1957 1035 1984 cﬁ'e-

251 2002 297 2034 cit,
314 2001 438 2028 nimirum
454 2001 531 2029 simul
546 2007 573 2029 et
587 2001 731 2036 prophetas
743 2006 768 2029 et
783 2002 936 2029 sacerdotes
951 2007 977 2029 et
992 2009 1035 2030 re-

251 2054 298 2082 ges
312 2046 430 2074 efﬁciens
445 2056 452 2074 :
467 2047 599 2082 siquidem
623 2047 679 2074 hinc
698 2048 836 2074 hominum
850 2055 948 2083 genera
971 2048 1034 2076 olim

252 2093 427 2127 angebantur.
448 2093 481 2119 At
496 2100 544 2120 nos
558 2100 609 2119 non
624 2099 702 2119 unam
715 2113 723 2125 ,
744 2092 789 2120 sed
807 2097 861 2120 tres
875 2093 939 2120 istas
950 2093 1035 2128 digni-

252 2144 320 2168 tates
344 2138 529 2175 praestantiore
551 2138 704 2166 conditione
725 2138 877 2166 obtinemus
899 2148 905 2166 :
928 2147 988 2166 nam
1009 2144 1036 2167 et

252 2193 334 2220 regno
348 2184 454 2219 potituri
473 2191 576 2216 sumus,
592 2187 629 2216 et,
645 2191 705 2210 cum
721 2184 835 2211 victima:
849 2184 907 2212 loco
922 2192 1034 2220 corpora

251 2235 341 2258 nostra
350 2229 495 2261 olferimus,
505 2229 659 2256 sacerdotes
669 2228 809 2262 efﬁcimur;
820 2229 942 2258 Exhibete
951 2232 1032 2265 enim,

250 2275 345 2310 inquit,
361 2274 471 2302 membra
497 2279 578 2301 vestra
602 2275 711 2301 hostium
731 2275 873 2308 viventem,
896 2277 1034 2311 placentem

250 2321 304 2349 Deo
315 2321 402 2355 (Rom.
416 2320 459 2348 l2.
472 2320 518 2356 t);
533 2323 613 2355 atque
625 2321 734 2356 insuper
746 2321 882 2357 prophetae
894 2322 1034 2350 constitui-

250 2374 320 2394 mnr.
333 2366 397 2399 Qua:
409 2366 474 2393 enim
488 2366 577 2393 oculus
591 2373 642 2392 non
656 2366 728 2397 vidit,
744 2374 788 2392 nec
801 2366 871 2393 auris
883 2367 989 2400 audivit,
1005 2376 1035 2395 ea

249 2412 320 2439 nobis
335 2412 462 2447 patefacta
475 2416 534 2439 sunt
547 2411 585 2448 (l.
600 2411 660 2440 Cor.
677 2411 706 2438 2.
719 2411 761 2447 9).
777 2411 941 2447 Quamquam
955 2414 1033 2441 etiam

248 2459 300 2486 alia
311 2458 414 2486 ratione
428 2465 505 2493 reges
518 2458 650 2485 efﬁcimur
660 2479 667 2490 ,
687 2458 710 2485 si
726 2458 854 2494 improbis
865 2460 1034 2495 cogitationi-

248 2505 299 2533 bus
312 2504 444 2540 imperare
466 2504 639 2531 voluerimus.
659 2503 725 2531 Nam
739 2505 810 2539 quod
823 2505 847 2532 is
860 2496 907 2541 qui
924 2506 985 2534 talis
999 2507 1035 2534 sit

248 2555 353 2586 regnet,
363 2554 392 2578 et
403 2549 508 2585 quidem
519 2551 614 2586 magis,
625 2557 704 2585 quam
717 2551 761 2585 qui
771 2550 922 2580 diademate
931 2552 1034 2580 cinctus

248 2601 299 2629 est,
315 2596 415 2631 liquido
423 2596 476 2631 jam
490 2595 567 2623 vobis
576 2596 775 2624 demonstrabo.
792 2597 889 2626 Multos
901 2598 945 2626 ille
957 2606 1033 2626 exer-

246 2643 315 2669 citus
329 2642 424 2674 habet;
444 2646 472 2668 at
496 2648 545 2669 nos
558 2649 663 2677 quoque
678 2643 768 2677 plures
788 2643 842 2671 illis
856 2644 1032 2679 cogitationes

246 2687 376 2715 habemus
388 2696 396 2714 :
409 2695 495 2722 neque
510 2687 579 2714 enim
595 2687 696 2714 inﬁnita
711 2688 911 2723 cogitationum,
927 2697 986 2724 qua:
1005 2690 1033 2718 in

247 2734 326 2762 nobis
347 2737 428 2766 sunt,
448 2733 590 2760 multitudo
609 2734 761 2761 enumerari
782 2739 876 2769 potest.
899 2735 954 2763 Nec
969 2743 1032 2764 vero

249 2779 444 2807 multitudinem
457 2778 598 2806 dumtaxat
610 2778 706 2806 intueri
722 2779 794 2813 licet,
809 2780 855 2807 sed
869 2779 949 2808 etiam
963 2780 1032 2811 mul-

246 2836 288 2856 tos
308 2829 334 2856 in
350 2829 400 2857 hac
415 2828 604 2864 cogitationum
619 2827 696 2862 copia
708 2827 806 2859 duces,
823 2826 942 2855 tribunos
954 2848 961 2858 .
977 2832 1033 2855 tur-

245 2883 348 2903 marum
370 2874 522 2910 pra-tectos,
544 2873 711 2910 sagittarios,
732 2872 935 2900 fundibularios.
958 2873 1027 2907 Quid

606 164 634 192 S.
653 162 790 192 JOANNIS
807 161 1043 190 CHRYSOSTOMI
1063 161 1219 189 AllClllEP.
1231 162 1495 192 CONSTANTINOP.

1815 167 1867 198 M2

1080 217 1150 245 aliud
1161 222 1211 251 est,
1223 219 1292 254 quod
1307 227 1395 255 regem
1409 221 1527 249 efﬁciat?
1540 227 1662 251 vestesne
1672 224 1685 250 ἵ
1699 226 1733 252 At
1746 225 1790 254 hic
1801 235 1866 261 quo.

1081 271 1132 298 que
1145 263 1246 290 meliori
1261 272 1293 292 ac
1308 267 1484 298 priestantiori
1502 272 1574 295 veste
1593 269 1707 296 amictus
1719 275 1771 303 est,
1786 279 1864 306 quam

1081 316 1130 335 nec
1145 309 1213 336 tinea
1227 315 1318 342 exest,
1334 318 1384 337 nec
1396 316 1513 340 vetustas
1525 313 1641 340 conﬁcit.
1657 315 1725 348 Quin
1739 317 1867 351 multipli-

1081 360 1140 380 cem
1153 361 1256 388 quoque
1277 362 1402 383 coronam
1417 356 1516 391 habet,
1532 366 1626 394 nempe
1640 361 1734 394 gloria:
1748 367 1776 388 et
1789 364 1868 389 inise-

1082 399 1212 426 rationum
1227 400 1272 426 Dei
1286 409 1294 427 ι
1308 401 1418 428 Benedic
1432 403 1514 433 enim,
1529 404 1613 438 inquit
1623 425 1631 438 ,
1647 407 1734 432 anima
1747 415 1802 433 mea
1815 407 1869 434 Do-

1083 445 1150 470 mino
1160 465 1169 477 ,
1182 446 1224 479 qui
1239 451 1342 472 coronat
1356 452 1379 473 te
1397 448 1423 474 in
1442 449 1615 476 misericordia
1631 456 1654 477 et
1667 452 1868 480 miserationibus

1083 489 1167 524 (Paul.
1184 490 1243 517 l02.
1258 491 1285 518 2.
1303 492 1328 527 4)
1347 502 1353 519 :
1378 498 1404 520 et
1418 494 1527 528 gloriae;
1547 495 1634 523 Gloria
1651 499 1721 524 enim
1732 519 1740 531 ,
1762 499 1846 534 inquit
1860 520 1867 533 ,

1083 540 1105 561 et
1119 535 1213 563 [tortore
1226 539 1353 564 coronaati
1365 547 1422 565 eum
1438 539 1522 572 (Psal.
1537 541 1564 568 8.
1578 541 1626 576 6):
1642 547 1668 570 et
1684 544 1760 571 bona:
1776 545 1870 572 volun-

1084 582 1144 608 tatis
1158 591 1165 611 ;
1183 581 1216 609 Ut
1230 588 1302 610 scuto
1320 585 1391 611 enim
1402 606 1409 617 ,
1426 586 1527 620 inquit,
1551 587 1624 615 boum
1643 590 1780 618 voluntati:
1794 600 1869 618 coro-

1084 628 1149 654 nusti
1164 636 1208 656 nos
1223 629 1308 662 (Psal.
1318 630 1345 657 5.
1359 631 1402 666 15)
1419 640 1426 658 :
1438 636 1464 658 et
1476 633 1637 667 gratiarum;
1650 635 1776 663 Coronam
1785 638 1868 669 enim,

1085 673 1188 708 inquit,
1214 676 1353 709 gratiarum
1375 677 1482 713 accipies
1501 679 1576 713 cupiti
1596 685 1641 707 tuo
1661 680 1760 715 (Prov.
1782 684 1806 710 Ι.
1822 684 1867 718 9).

1075 717 1199 746 'Vidcsne
1219 728 1296 754 quam
1318 722 1389 749 varie
1412 726 1511 750 textum
1538 730 1689 760 quantoque
1712 729 1823 762 gratius,
1837 717 1870 757 ac

1085 766 1220 792 venustius
1233 766 1268 793 sit
1281 767 1350 794 istud
1361 768 1482 795 diadema
1494 769 1506 795 ?
1520 770 1616 798 Verum
1632 772 1711 800 altius
1725 782 1829 802 rursum
1843 781 1868 804 et

1085 811 1233 838 accuratius
1256 811 1350 839 horum
1372 821 1463 848 regum
1486 819 1584 843 statum
1606 818 1799 852 expendamus.
1825 821 1870 849 llle

1085 853 1256 888 stipatoribus
1272 857 1327 884 suis
1340 857 1493 886 dominatur
1507 865 1533 887 et
1552 862 1654 889 cunctis
1670 863 1799 898 imperat,
1814 874 1870 893 οιιι-

1086 907 1186 934 nesque
1203 901 1250 936 ipsi
1263 907 1392 936 parentet
1405 904 1587 940 obsequuntur
1601 916 1608 934 :
1624 913 1651 935 at
1665 916 1715 944 ego
1727 910 1771 938 hic
1785 913 1871 946 majus

1086 947 1307 981 praestantiusque
1320 947 1461 983 imperium
1478 951 1523 977 tibi
1535 953 1658 980 ostendo.
1670 954 1735 982 Nam
1751 958 1870 985 inultitn-

1085 989 1120 1016 do
1131 990 1235 1024 quidem
1252 999 1300 1026 par
1313 998 1352 1020 est
1363 1014 1369 1024 ,
1384 999 1428 1021 aut
1442 995 1522 1023 etiam
1539 998 1652 1033 amplior
1666 1008 1673 1031 ;
1690 1007 1812 1035 superest
1824 1011 1872 1030 au-

1088 1039 1141 1062 tem
1172 1042 1200 1063 ut
1220 1038 1410 1072 subjectioncm
1432 1041 1516 1076 ipsam
1542 1044 1753 1074 consideremus.
1775 1049 1814 1076 Ac
1839 1058 1872 1078 ne

1088 1081 1150 1108 mihi
1168 1090 1214 1109 eos
1237 1083 1262 1110 in
1275 1077 1399 1113 ‘medium
1419 1087 1556 1121 proferas,
1581 1090 1625 1124 qui
1653 1092 1723 1126 regia
1745 1077 1874 1129 dignitate

1087 1128 1152 1163 lapsi
1171 1134 1233 1156 sunt
1244 1151 1251 1161 ,
1266 1135 1345 1166 atque
1360 1133 1393 1160 ab
1411 1134 1531 1168 ipsisniet
1549 1137 1706 1165 satellitibus
1719 1128 1872 1169 suisrtruci-

1087 1173 1150 1201 dati.
1163 1175 1210 1208 Ne,
1226 1176 1343 1211 inquam,
1355 1185 1401 1205 eos
1413 1179 1437 1205 in
1449 1180 1563 1208 medium
1580 1182 1766 1218 producamus,
1779 1194 1874 1214 verum

1087 1228 1132 1247 eos
1145 1222 1332 1257 conquiramus
1347 1243 1354 1255 ,
1378 1224 1422 1258 qui
1446 1226 1555 1259 pulchre
1571 1227 1595 1254 in
1613 1234 1723 1264 utraque
1738 1237 1812 1265 parte
1827 1241 1872 1260 rc-

1087 1274 1166 1301 gnntn
1182 1268 1412 1297 administrarunt.
1429 1272 1467 1298 Ac
1482 1276 1509 1298 tu
1524 1274 1630 1307 quidem
1644 1295 1651 1306 ,
1668 1284 1733 1309 quos
1749 1278 1855 1306 libuerit
1866 1300 1874 1311 ,

1089 1320 1172 1346 pone;
1191 1321 1240 1348 ego
1250 1319 1338 1342 autem
1355 1316 1531 1350 patriarcham
1546 1327 1625 1346 unum
1640 1322 1743 1349 cunctis
1755 1331 1875 1359 oppono.

1123 1358 1232 1386 Abraha:
1243 1359 1305 1393 ﬁdes
1316 1365 1340 1386 et
1353 1361 1439 1389 virtus.
1449 1375 1482 1382 -ι
1494 1363 1558 1390 Nam
1572 1372 1632 1392 cum
1648 1367 1704 1401 ipse
1718 1358 1801 1396 ﬁliuni
1819 1379 1879 1397 ma-

1087 1410 1160 1432 ctare
1174 1405 1313 1440 juberctur
1328 1406 1407 1442 (Gen.
1426 1408 1461 1435 22
1473 1409 1482 1440 )
1496 1429 1504 1441 ,
1519 1411 1620 1445 cogites
1644 1413 1721 1440 velim
1746 1421 1878 1449 quoniam

1088 1453 1142 1476 tum
1156 1450 1284 1478 adversus
1298 1459 1358 1478 eum
1379 1454 1554 1487 cogitationes
1569 1456 1770 1486 insnrrexerint.
1789 1460 1823 1487 Et
1835 1466 1877 1487 ta-

1088 1503 1148 1521 men
1164 1502 1257 1523 omnes
1277 1497 1390 1532 subegit,
1405 1504 1484 1534 atque
1495 1508 1588 1528 omnes
1609 1510 1670 1530 eum
1689 1505 1773 1539 magis
1795 1515 1878 1541 quam

1087 1548 1177 1576 regem
1192 1542 1319 1570 satellites
1339 1544 1561 1578 pertimescebant
1579 1556 1585 1574 :
1602 1555 1633 1574 ac
1651 1549 1690 1576 vel
1707 1551 1765 1577 solo
1779 1552 1878 1579 obtutu

1087 1593 1180 1613 omnes
1193 1588 1396 1623 comprimebat,
1411 1590 1445 1617 ita
1458 1595 1487 1618 ut
1497 1599 1530 1619 ne
1540 1592 1643 1622 hiscere
1656 1595 1764 1630 quidem
1780 1605 1877 1625 earum

1087 1631 1140 1659 ulla
1154 1632 1281 1666 auderet;
1298 1641 1389 1662 verum
1411 1642 1513 1664 cuncta:
1534 1643 1612 1673 caput
1637 1640 1828 1670 submitterent
1846 1652 1879 1672 ac

1088 1678 1159 1705 velut
1173 1679 1228 1713 regi
1239 1681 1376 1714 cederent,
1392 1683 1512 1716 quamvis
1524 1683 1620 1719 alioqui
1636 1687 1775 1715 acerrima:
1786 1696 1881 1718 essent

1087 1727 1167 1758 atque
1179 1724 1310 1759 imprimis
1322 1726 1436 1754 acerba).
1450 1727 1540 1764 Neque
1551 1731 1621 1757 enim
1633 1731 1769 1760 hastarum
1784 1736 1880 1767 cnspi-

1087 1769 1134 1796 des
1147 1773 1200 1796 tam
1215 1770 1354 1798 horrendae
1368 1778 1440 1807 sunt,
1452 1781 1510 1800 cum
1522 1781 1537 1801 a
1550 1775 1639 1803 multis
1652 1777 1780 1806 militibus
1793 1781 1882 1808 surri-

1086 1819 1194 1849 guntur,
1203 1823 1281 1850 quam
1294 1820 1348 1843 tum
1360 1816 1538 1847 formidabiles
1547 1826 1622 1847 erant
1631 1821 1681 1849 illae
1688 1824 1881 1858 cogitationes.

1087 1861 1183 1888 Annon
1198 1861 1269 1888 enim
1284 1861 1367 1890 hastis
1382 1864 1498 1891 atrocior
1520 1870 1578 1892 erat
1591 1866 1636 1893 illa
1646 1887 1655 1898 .
1678 1875 1758 1903 quam
1781 1875 1881 1898 natura

1087 1905 1183 1939 ciebat,
1198 1907 1460 1936 commiseratioiAc
1471 1911 1581 1944 proinde
1603 1913 1718 1941 animam
1730 1915 1805 1942 illam
1821 1924 1882 1943 ma-

1087 1951 1137 1986 gis.
1149 1959 1226 1986 quatn
1241 1958 1372 1988 praeacuta
1385 1955 1490 1989 cuspis,
1501 1957 1656 1986 exscindere
1670 1964 1810 1994 poterant.
1825 1962 1883 1990 Nec

1087 1998 1158 2024 enim
1171 1998 1223 2025 ulla
1237 1999 1311 2026 hasta
1322 2003 1376 2027 tam
1389 2007 1466 2028 acula
1481 2010 1604 2038 umquam
1619 2012 1679 2032 esse
1689 2012 1781 2041 queat,
1799 2016 1883 2043 quam

1087 2044 1275 2079 cogitationum
1287 2045 1389 2073 illarum
1398 2048 1494 2081 aculei,
1509 2049 1555 2083 qui
1567 2050 1600 2076 ab
1613 2050 1713 2080 intimis
1728 2053 1883 2082 visceribus

1087 2091 1249 2118 acuebantur
1259 2100 1290 2119 ac
1304 2093 1512 2128 surrigebantur,
1527 2095 1590 2130 justi
1602 2096 1649 2124 viri
1660 2097 1779 2126 animam
1792 2105 1886 2128 trans—

1088 2137 1212 2172 ﬁgebant.
1227 2137 1292 2165 Nam
1308 2138 1351 2166 hic
1365 2144 1392 2166 et
1408 2144 1527 2175 tempore
1539 2146 1566 2168 et
1578 2143 1689 2170 consilio
1703 2149 1731 2172 et
1746 2145 1828 2181 plaga
1857 2151 1885 2173 et

1088 2182 1181 2211 dolore
1191 2191 1258 2218 opus
1273 2189 1328 2217 est;
1345 2192 1376 2213 ac
1400 2190 1454 2212 tum
1469 2194 1542 2214 mors
1560 2189 1679 2223 sequitur
1694 2198 1700 2215 :
1718 2190 1774 2218 illic
1789 2197 1885 2220 autem

1087 2231 1153 2258 nihil
1169 2231 1262 2258 horum
1279 2232 1479 2267 requirebatur;
1503 2232 1570 2261 adeo
1590 2238 1643 2262 tum
1663 2236 1808 2271 celeriora,
1827 2243 1886 2266 tum

1086 2277 1189 2304 acriora
1205 2277 1313 2305 vulnera
1327 2283 1413 2305 erant.
1433 2277 1467 2305 Et
1483 2284 1581 2312 tamen,
1597 2287 1657 2308 cum
1671 2281 1808 2310 adversus
1820 2290 1885 2312 eum

1087 2323 1260 2358 cogitationes
1282 2331 1354 2351 arma
1369 2324 1526 2358 induissent,
1542 2325 1634 2361 ingens
1652 2332 1709 2354 erat
1725 2330 1887 2364 tranquilli-

1088 2373 1138 2401 tas,
1152 2376 1299 2403 omnesque
1319 2369 1468 2404 composite
1489 2370 1611 2402 stabant,
1638 2377 1765 2400 ornantes
1793 2376 1887 2409 potius

1087 2414 1172 2449 ipsum
1197 2421 1275 2449 quam
1291 2420 1393 2442 terrore
1404 2414 1562 2443 allicientes.
1580 2415 1646 2443 Eum
1670 2417 1742 2444 enim
1756 2420 1886 2454 gladium

1086 2460 1275 2488 attendentem
1289 2465 1351 2488 ante
1364 2461 1456 2488 oculos
1475 2461 1520 2489 tibi
1536 2469 1616 2496 pone,
1631 2470 1662 2490 ac
1676 2471 1744 2498 quos
1757 2466 1887 2494 volueris

1086 2513 1172 2541 reges,
1188 2508 1332 2542 Augustos,
1347 2507 1477 2541 Ctesa’res,
1500 2507 1526 2535 in
1551 2508 1667 2536 medium
1688 2510 1794 2544 profer.
1811 2512 1887 2540 Nihil

1085 2553 1156 2581 enim
1169 2553 1257 2581 simile
1269 2553 1377 2586 dixeris,
1391 2561 1440 2581 nec
1447 2554 1562 2588 speciem
1574 2554 1652 2582 ullam
1663 2555 1802 2589 ejusmodi
1816 2563 1888 2586 tam-

1085 2607 1137 2634 que
1160 2599 1275 2634 amplam
1291 2603 1319 2627 et
1332 2599 1464 2634 insignem
1477 2607 1508 2627 ac
1521 2600 1594 2628 ctelis
1608 2600 1715 2635 dignam
1729 2604 1888 2632 Ostendet-0

1086 2646 1196 2681 poteris.
1211 2645 1278 2674 Tum
1293 2646 1364 2673 enim
1376 2646 1416 2673 vir
1426 2646 1472 2673 ille
1484 2646 1570 2680 justus
1584 2646 1617 2674 de
1631 2648 1825 2682 potentissima
1842 2655 1888 2686 ty-

1086 2692 1196 2720 rannide
1208 2691 1368 2726 triumphum
1379 2691 1449 2726 egit:
1459 2691 1523 2719 nihil
1536 2692 1606 2720 enim
1614 2697 1655 2719 est
1664 2693 1735 2727 quod
1745 2696 1887 2730 majorem

1087 2737 1252 2773 tyrannidem
1262 2736 1367 2769 habeat,
1379 2744 1458 2771 quam
1468 2741 1571 2764 natura.
1581 2738 1667 2771 Atque
1679 2743 1708 2765 ut
1717 2746 1875 2769 sexcentos

1086 2774 1130 2818 qui
1156 2790 1250 2816 necem
1274 2782 1394 2818 tyrannis
1407 2782 1554 2815 intulerint,
1571 2782 1701 2817 proferas,
1716 2785 1830 2813 nullum
1846 2793 1890 2814 ta-

1086 2820 1146 2854 men
1171 2827 1299 2862 ejusmodi
1315 2827 1391 2854 nobis
1405 2827 1565 2854 ostenderis.
1582 2827 1686 2858 Etenim
1711 2827 1773 2855 lucc
1792 2831 1888 2864 palma

1086 2873 1171 2908 angeli
1198 2873 1286 2900 verius
1309 2881 1388 2907 quam
1415 2872 1529 2902 hominis
1549 2877 1610 2900 tunc
1624 2877 1691 2900 erat.
1716 2874 1762 2901 Sic
1778 2877 1889 2913 quipr
