2021 3117
163 146 214 176 ιιι

158 211 208 258 νυν
226 203 310 258 τρῦτσ
333 206 474 244 ἐννοήσῃς,
491 210 532 238 ὅτι
557 213 590 240 δι’
611 214 689 250 ἡμῶν
713 218 924 258 ἐπηγγέλθησαν
937 243 945 255 ,

157 252 206 278 καὶ
236 253 366 291 διστάσῃς
380 265 387 271 ·
402 258 434 283 ού
455 257 510 294 γὰρ
525 259 558 286 δὶ¹
575 261 654 297 ήμῶν
679 252 846 301 πληροῦνται
857 252 871 301 ,1
880 252 947 298 ἀλλά

156 300 193 327 δυ
208 301 308 328 αὐτοῦ⁹
325 304 373 330 καὶ
400 305 428 332 αἱ
448 306 610 342 ἐπαγγελίαι
627 311 656 337 δὲ
678 313 712 340 δι’
724 300 808 342 αὐτοῦ
819 325 826 332 ·
846 319 876 345 οὐ
893 319 947 355 γὰρ

155 350 190 404 τὰ
208 351 330 404 ἡμέτερα
342 373 349 385 ,
366 354 436 382 άλλά
451 357 485 384 τὰ
505 359 588 387 αὑτοῦ
606 362 674 397 πρὸς
693 363 765 399 ὑμᾶς
782 350 945 404 εἰρήκαμεν.

161 399 193 425 '0
209 399 244 426 δὲ
256 401 390 432 βεϐαιῶν
406 403 486 439 ἡμᾶς
498 425 505 437 ,
521 408 584 434 σὺν
594 410 665 444 ’ὑμῖν
684 413 727 445 εἰς
741 399 946 452 Χριᾶτόνξκαὶ

155 449 267 482 χρίσας
297 450 393 484 ἡμᾶς,
413 453 503 487 Θεός·
521 456 571 483 καὶ
599 461 846 496 σφραγισάμενος
858 484 865 494 ,
896 449 946 492 καί

153 496 229 529 δοὺς
244 498 299 525 τὸν
313 499 472 533 ἁρῤαϐῶνα
483 504 536 530 τοῦ
547 506 721 542 Πνεύματος
739 510 774 536 ἐν
788 512 853 545 ταῖς
871 521 944 547 καρ-

152 545 232 578 δίαις
260 547 355 581 ἡμῶν.
377 549 462 576 [ῐάλιν
482 551 537 578 ἀπὸ
555 553 609 580 τῶν
623 556 812 590 παρελθόντων
830 560 864 586 τὰ
879 545 930 596 μέλ

157 592 236 620 λοντα
261 595 430 629 βεὸαιοῦται.
457 599 488 625 Εἰ
513 601 569 637 γὰρ
587 604 668 636 αὐτός
695 606 770 633 ἐστιν
789 608 803 634 6
825 608 943 643 βεϐαιῶν

156 643 228 677 ἡμᾶς
245 645 285 676 είς
299 646 429 680 Χριστὸν,
446 649 596 683 τουτέστιν,
615 652 629 678 6
646 653 682 688 μὴ
700 654 752 681 ἐῶν
767 656 840 692 ἡμᾶς
854 666 943 693 παρα-

155 691 320 720 σαλεύεσθαι
341 695 373 721 ἐκ
397 696 448 731 τῆς
470 697 588 730 πίστεως
605 700 656 735 τῆς
674 701 714 734 εἰς
729 703 774 730 τὸν
802 691 921 739 Χριστδν
933 727 940 739 ,

153 740 199 766 καὶ
219 741 300 774 αὐτὸς
314 743 328 769 6
347 744 443 779 χρίσας
460 746 534 782 ἡμᾶς
547 769 553 780 ,
568 749 614 775 καὶ
646 749 707 782 δοὺς
724 751 755 778 τὸ
776 753 888 788 Πνεῦμα
912 755 941 782 ὲν

150 789 211 819 ταῖς
233 790 358 825 καρδίαις
382 793 461 828 ἡμῶν
476 803 482 809 ·
503 795 562 827 πῶς
582 797 617 823 τὰ
639 797 769 831 μέλλοντα
791 802 824 828 οὐ
839 802 939 836 δώσεις

150 836 182 862 Εἰ
202 837 257 872 γὰρ
270 839 320 870 τὰς
345 840 433 875 ἀρχὰς
446 843 553 876 καὶτὰς
567 845 710 879 ὑποθέσεις
722 848 806 875 ἔδωκε
824 851 871 877 καὶ
891 851 940 886 τὴν

150 883 229 918 ῥίζαν
251 886 299 912 καὶ
313 887 362 923 τὴν
384 890 486 926 πηγὴν,
511 889 568 918 οἷον
585 893 632 928 τὴν
661 895 748 931 ἀληθῆ
775 898 840 933 περὶ
855 883 938 925 αὑτοῦ

149 933 250 967 γνῶσιν
260 955 267 967 ,
286 936 336 971 τὴν
349 937 396 964 τοῦ
418 939 576 974 Πνεύματος
599 943 752 978 μετάληψιν
765 953 772 959 ’
787 946 846 978 πῶς
859 947 894 973 τὰ
907 948 940 974 ἐκ

148 982 252 1009 τούτων
268 984 298 1011 οὐ
311 985 409 1020 δώσει;
427 988 457 1014 El
473 990 526 1024 γὰρ
540 990 636 1017 ἐκεῖνα
651 992 695 1018 διὰ
708 993 796 1021 ταῦτα
810 995 936 1029 δίδονται,

149 1029 242 1065 πολλῷ
251 1032 349 1066 μᾶλλον
357 1034 462 1062 όταῦτα
470 1036 540 1068 δοὺς,
554 1039 598 1065 καὶ
611 1039 703 1067 ἐκεῖνα
710 1042 833 1076 παρέξει·
851 1045 899 1070 καὶ
913 1046 937 1072 εἰ

147 1078 235 1106 ταῦτα
257 1080 366 1116 ἐχθροῖς
389 1080 465 1110 οὖσιν
482 1084 566 1112 ἔδωκε
581 1106 588 1118 ,
610 1088 700 1123 πολλῷ
720 1090 820 1124 μᾶλλον
844 1092 937 1120 ἐκεῖνα

147 1127 235 1176 φίλοις
256 1130 413 1165 γενομένοις
436 1135 580 1168 χαριεῖται.
597 1136 646 1162 Διὰ
656 1136 735 1164 τοῦτο
752 1139 816 1169 οὐδὲν
825 1141 936 1176 Πνεῦμα

147 1173 225 1203 εἶπεν
251 1177 356 1212 ἁπλῶς,
381 1179 439 1206 ἀλλ’
459 1181 608 1217 ἀῤῥαὸῶνα
633 1184 787 1221 ὠνόμασεν,
810 1187 853 1214 ἵνα
880 1173 935 1216 ἀπὸ

145 1224 241 1252 τούτου
254 1226 302 1253 καὶ
317 1227 381 1263 περὶ¹
398 1228 445 1255 τοῦ
460 1230 562 1262 παντὸς
576 1231 697 1268 θαρρῇς.
714 1235 751 1261 Οὐ
769 1235 840 1271 γὰρ,
856 1237 880 1263 εί
896 1237 934 1273 μὴ

145 1271 242 1308 ἔμελλε
253 1273 284 1300 τὸ
297 1275 352 1301 πᾶν
365 1275 475 1309 διδόναι,
492 1277 578 1305 εἵλετο
592 1279 625 1306 ἂν
632 1281 677 1308 τὸν
693 1281 769 1318 [448]
783 1271 933 1320 ἀρραϐῶνα

146 1323 297 1357 παρασχεῖν
312 1343 320 1355 ,
332 1323 380 1351 καὶ
399 1323 532 1352 ἀπολέσαι
545 1327 607 1363 εικῆ
627 1329 675 1356 καὶ
689 1330 789 1365 μάτην.
810 1332 866 1359 Καὶ
883 1333 934 1368 ὅρα

144 1372 354 1409 εὐγνωμοσύνην
377 1375 481 1403 Παύλου
494 1377 537 1404 ,Τί
557 1377 611 1414 γὰρ
620 1379 660 1405 δεῖ
674 1379 773 1415 λέγειν,
789 1383 880 1417 φησὶν,
892 1383 934 1410 ὅτι

143 1420 194 1446 οὐκ
207 1421 237 1447 ἐν
251 1421 318 1456 ἡμῖν
330 1423 346 1458 ή
368 1423 423 1450 τῶν
438 1424 611 1459 ἐπαγγελιῶν
631 1426 745 1463 ἀλήθεια
756 1437 764 1462 ;
774 1429 841 1456 αὐτὸ
852 1428 933 1458 τοῦτο

142 1468 173 1495 τὸ
186 1469 298 1496 ἑστάναι
318 1470 528 1507 ἀπεριτρέπτως
543 1475 589 1501 καὶ
597 1476 753 1511 πεπηγέναι
774 1477 848 1513 ὑμᾶς
858 1499 865 1512 ,
881 1481 932 1507 οὐκ

142 1516 173 1544 ἐν
186 1517 251 1552 ἡμῖν
262 1538 270 1551 ,
289 1518 358 1546 ἀλλὰ
371 1520 418 1546 καὶ
433 1520 512 1548 τοῦτο
519 1522 567 1549 τοῦ
582 1522 649 1550 Θεοῦ
662 1532 669 1538 ·
689 1524 715 1551 '0
726 1526 782 1562 γὰρ
799 1527 932 1559 ,βεϐαιῶν

140 1563 229 1598 ὑμᾶς,
254 1565 333 1601 φησι,
354 1568 436 1601 Θεός.
452 1568 509 1596 Οὐκ
530 1569 585 1606 ἄρα
600 1572 684 1607 ἡμεῖς
701 1573 784 1609 ἐσμεν
796 1575 821 1601 οἱ
835 1574 931 1611 στηρί-

142 1613 235 1646 ζοντες
259 1615 352 1650 ὑμᾶς·
374 1617 420 1643 καὶ
446 1617 501 1654 γὰρ
524 1619 571 1645 καὶ
594 1621 676 1656 ἡμεῖς
691 1622 809 1657 δεόμεθα
822 1623 869 1650 τοῦ
886 1624 931 1659 βε-

142 1661 294 1695 ὃαιοῦντος.
310 1664 392 1691 Ὥστε
410 1665 504 1702 μηδεὶς
516 1668 545 1694 ἐν
554 1669 620 1703 ἡμῖν
632 1670 765 1705 νομιζέτω
776 1671 931 1699 κινδυνεύε-

142 1709 204 1737 σθαι
227 1711 257 1737 τὸ
275 1712 407 1749 κήρυγμα
420 1722 427 1729 ·
445 1715 526 1748 αὐτὸς
546 1717 576 1743 τὸ
598 1718 652 1744 πᾶν
671 1718 833 1755 ἀνεδέξατο,
853 1721 929 1757 αύτῷ

142 1759 217 1794 μέλει
232 1760 279 1788 τοῦ
292 1761 406 1794 παντός.

174 1875 206 1899 ε’.
222 1872 255 1898 τι
271 1873 299 1900 δέ
315 1873 383 1905 ἐστι,
399 1875 522 1909 Χρίσας,
544 1876 591 1903 καί
606 1879 871 1914 σφραγισάμενος;
893 1881 930 1908 Τὸ

139 1921 253 1956 Πνεῦμα
267 1921 338 1954 δοὺς,
352 1923 386 1950 δι’
398 1921 429 1950 οὖ
445 1924 532 1953 ταῦτα
544 1926 687 1962 ἀμφότερα
703 1928 843 1964 ἐποίησεν.
859 1930 929 1966 ὁμοῦ

139 1971 283 2006 προφήτας
310 1972 358 1999 καὶ
386 1973 469 2008 ἱερεῖς
498 1975 546 2001 καὶ
566 1974 693 2009 βασιλέας
715 1977 900 2013 ἐργαζόμενος
917 1987 924 1995 ·

138 2018 227 2046 ταῦτα
249 2019 304 2055 γὰρ
320 2020 350 2047 τὺ
367 2021 482 2048 παλαιὸν
502 2023 608 2058 ἐχρίετο
627 2024 662 2050 τὰ
672 2024 750 2060 γένη.
765 2025 835 2052 Ἀλλ’
848 2027 930 2062 ἡμεῖς

138 2068 189 2103 οὐχ
215 2067 245 2094 ἓν
257 2089 266 2101 ,
279 2068 349 2095 ἀλλὰ
363 2069 397 2096 τὰ
429 2070 493 2106 τρια
513 2071 573 2106 μεθ’
582 2072 720 2108 ὑπεροχῆς
731 2073 830 2109 ἔχομεν
845 2075 928 2108 ἀξιώ-

141 2124 216 2151 ματα
228 2115 294 2144 νῦν·
316 2117 364 2144 καὶ
381 2117 436 2154 γὰρ
452 2118 590 2153 βασιλείας
605 2120 739 2156 μέλλομεν
761 2122 927 2157 ἀπολαύειν,

138 2164 187 2191 καὶ
200 2165 284 2200 ἱερεῖς
297 2165 428 2201 γινόμεθα
443 2168 643 2204 προσφέροντες
655 2170 750 2197 θυσίαν
762 2171 796 2198 τὰ
813 2171 929 2208 σώματα

136 2213 226 2248 ἡμῶν.
246 2214 465 2249 Παραστήσατε
488 2217 542 2253 γὰρ
564 2218 600 2246 τὰ
622 2219 702 2254 μέλη
733 2220 817 2255 ὑμῶν
842 2241 850 2253 ,
881 2224 930 2250 θυ-

138 2261 210 2288 σίαν
222 2260 330 2296 ζῶσαν,
350 2263 516 2298 εὐάρεστον
530 2266 571 2299 τῷ
585 2265 654 2300 Θεῷ,
673 2268 740 2303 φησί
754 2276 762 2284 ⁸
782 2270 832 2296 καὶ
853 2271 925 2305 μετά

137 2310 243 2338 τούτων
258 2311 305 2338 καὶ
318 2313 457 2348 προφῆται
470 2313 674 2350 καθιστάμεθα’
694 2317 728 2344 Ἀ
743 2316 798 2352 τὰρ
817 2317 925 2352 ὀφθαλ-

135 2360 192 2394 μὸς
205 2361 263 2388 οὐκ
281 2358 359 2394 εἶδε,
379 2361 429 2389 καί
443 2360 497 2396 οὖς
512 2364 568 2391 οὐκ
583 2364 716 2399 ἤκουσε,
731 2365 827 2393 ταῦτα
843 2366 928 2394 ἐκκε-

137 2408 317 2443 καλυμμένα
342 2409 418 2444 ἡμῖν
442 2411 519 2439 ἐστι.
546 2412 602 2439 Καὶ
632 2412 721 2444 ἄλλως
745 2413 774 2440 δὲ
806 2413 928 2449 βασιλεῖς

135 2456 269 2492 γινόμεθα
281 2477 289 2489 ,
303 2457 351 2484 ἐὰν
367 2458 545 2495 βουληθῶμεν
567 2461 677 2496 κρατεῖν
692 2460 747 2488 τῶν
758 2461 869 2489 ἀτόπων
883 2462 928 2489 λο-

135 2505 256 2540 γισμῶν.
269 2506 332 2532 Ὅτι
347 2506 401 2542 γὰρ
413 2508 427 2534 6
437 2507 559 2540 τοιοῦτος
573 2508 722 2543 βασιλεύει,
737 2509 785 2536 καὶ
797 2510 898 2544 μᾶλλον
910 2510 927 2547 ἢ

136 2551 150 2578 6
163 2553 193 2579 τὸ
211 2552 332 2588 διάδημα
352 2555 554 2590 περικείμενος,
571 2555 621 2592 ἠδη
637 2555 717 2583 τοῦτο
731 2557 928 2593 ποιήσωδῆλον

137 2599 214 2634 ὑμῖν
226 2599 317 2626 Πολλά
330 2599 386 2635 ἔχει
404 2601 573 2636 στρατόπεδα
587 2602 701 2634 ἐκεῖνος,
710 2602 776 2631 ἀλλὰ
789 2603 836 2632 καὶ
847 2603 928 2639 ἡμεῖς

134 2647 239 2674 τούτων
276 2648 387 2681 πλείους
415 2649 515 2686 ἔχομεν
535 2651 700 2686 λογισμούς·
721 2651 752 2680 ού
773 2652 829 2687 γὰρ
851 2651 927 2679 ἐστιν

135 2695 290 2732 ἀριθμῆσαι
311 2697 342 2724 τὸ
361 2698 475 2734 ἄπειρον
494 2698 549 2726 τῶν
571 2699 680 2726 ἐννοιῶν
702 2699 805 2735 πλῆθος
829 2700 884 2729 τῶν
897 2700 926 2728 ἐν

135 2744 211 2778 ἡμῖν.
235 2745 274 2772 Οὐ
299 2745 402 2781 πλῆθος
429 2746 457 2773 δὲ
479 2747 560 2781 μόνον
583 2747 657 2774 ἐστιν
683 2747 758 2781 ἰδεῖν,
786 2748 855 2776 ἀλλὰ
878 2749 925 2777 καὶ

135 2792 252 2825 πολλοὺς
281 2794 311 2820 ἐν
337 2794 376 2829 τῷ
405 2794 502 2831 πλήθει
528 2795 616 2832 τούτῳ
645 2796 701 2823 τῶν
726 2796 863 2832 λογισμῶν
878 2799 926 2825 καὶ

135 2843 311 2879 στρατηγοὺς
330 2843 378 2870 καὶ
394 2843 558 2880 ταξιάρχους
571 2845 617 2872 καὶ
630 2845 762 2880 λοχαγοὺς
787 2846 835 2873 καὶ
847 2846 918 2879 τοεό-

133 2899 186 2926 τας
207 2892 256 2920 καὶ
278 2892 473 2929 σφενδονήτας.
489 2893 522 2920 Τί
538 2894 632 2930 ἕτερον
648 2895 721 2921 ποιεῖ
739 2894 850 2930 βασιλέα
860 2905 874 2930 ;,
890 2897 924 2924 τὰ

699 157 733 185 IN
754 158 861 188 EPIST.
878 160 901 189 ΙΙ
917 162 962 189 AD
981 163 1058 192 COR.
1081 166 1198 198 IIOMlh.
1215 169 1260 198 Ill.

1737 175 1789 202 ιη

1005 226 1125 262 ἱμάτια;
1152 230 1234 258 Ἀλλά
1256 232 1303 258 καὶ
1333 228 1411 265 οὗτος
1433 233 1530 268 βελτίω
1559 233 1714 270 περίκειται
1741 235 1789 262 καὶ

1003 275 1107 309 ἀμείνω
1134 278 1241 314 στολὴν,
1266 280 1299 316 ἢν
1331 281 1393 308 οὔτε
1425 282 1475 317 σὴς
1494 282 1591 315 ἐσθίει,
1612 282 1674 309 οὔτε
1692 282 1789 317 χρόνος

1001 322 1123 360 δαπανᾷ·
1142 327 1188 353 καὶ
1207 327 1339 362 στέφανον
1358 329 1415 365 ἔχει
1432 329 1553 356 ποικίλον
1565 330 1611 356 τὸν
1636 330 1686 366 τῆς
1698 330 1787 365 δόξης,

1000 371 1046 397 τὸν
1059 372 1113 399 τῶν
1127 374 1279 411 οἰκτιρμῶν
1297 377 1343 403 τοῦ
1359 378 1437 404 Θεοῦ·
1448 379 1575 413 Εὺλόγει
1589 378 1654 414 γὰρ,
1666 378 1685 412 ἡ
1700 379 1786 412 ψυχή

997 428 1068 453 μου,
1087 422 1174 457 φησὶ,
1195 424 1249 450 τόν
1272 426 1393 459 Κύριον,
1406 427 1460 453 τὸν
1472 426 1683 461 στεφανοῦν-τά
1695 434 1732 453 σε
1753 427 1788 453 ἐν

999 467 1078 494 ἐλέει
1104 469 1155 496 καί
1174 472 1357 506 οὶκτιρμοῖζ²
1380 473 1426 500 καῖ¹
1447 474 1494 500 τὸν
1510 475 1560 509 τῆς
1582 474 1682 508 δόξης·
1708 474 1786 508 Δόξῃ

999 516 1055 550 γὰρ
1077 518 1128 544 καί
1147 519 1217 553 τιμῇ
1236 520 1452 555 ἐστεφάνωσας
1468 523 1580 549 αὐτόν·
1600 522 1647 549 καὶ
1663 521 1719 557 [τὸν
1735 523 1788 556 τῆς

997 563 1133 600 εὐδοκίας]
1143 574 1149 580 ·
1166 566 1213 599 Ὠς
1222 567 1306 600 ὅπλῳ
1317 568 1458 602 εὐδοκίας
1469 569 1683 604 ἐστεφάνωσας
1695 570 1784 604 ἡμᾶς·

998 613 1044 638 καὶ
1059 613 1103 639 τὸν
1123 623 1176 640 των
1190 615 1309 650 χαρίτων
1318 624 1324 630 ·
1337 612 1490 651 Στέφανον
1503 619 1558 654 γὰρ
1572 620 1700 653 χαρίτων
1711 619 1785 654 δέξῃ

997 660 1039 694 σῇ
1073 662 1201 696 κεφαλῇ.
1229 661 1308 696 Εἶδες
1336 665 1507 692 πολύπλοκον
1542 667 1588 692 καὶ
1609 667 1786 703 χαριέστερον

996 709 1072 735 τουτὶ
1084 709 1114 736 τὸ
1123 710 1258 746 διάδημα;
1271 712 1345 747 Πλὴν
1357 713 1414 740 ἀλλ’
1424 713 1526 740 ἄνωθεν
1540 715 1611 741 αὺτὰ
1625 716 1785 751 ἁκριὸέστε-

999 764 1044 790 ρον
1070 757 1244 794 ἐξετάσωμεν
1272 760 1356 787 πάλιν
1384 762 1418 788 τὰ
1431 761 1485 788 τῶν
1509 762 1641 797 βασιλέων
1668 763 1782 790 τούτων.

1002 805 1121 839 Ἐκεῖνος
1132 810 1229 843 κρατεῖ
1240 809 1294 837 τῶν
1309 810 1466 846 δορυφόρων
1478 811 1526 837 καὶ
1535 812 1616 838 πᾶσιν
1632 812 1782 844 ἐπιτάττει,

996 855 1043 881 καὶ
1057 856 1158 889 πάντες
1175 858 1344 886 ὑπακούουσι
1364 862 1411 887 καὶ
1433 861 1604 888 διακονοῦσιν
1620 861 1710 896 αὐτῷ·
1725 861 1782 888 ἀλλ’

994 902 1049 936 ἐγὼ
1062 904 1187 941 δείκνυμι
1202 906 1314 942 μείζονα
1327 908 1443 935 ἐνταῦθα
1452 909 1500 945 τὴν
1513 910 1610 945 ἀρχὴν.
1622 909 1658 936 Τὸ
1668 909 1717 945 μὲν
1729 910 1783 945 γὰρ

996 950 1097 986 πλῆθος
1121 952 1191 985 ἴσον,
1208 954 1224 989 ἢ
1242 956 1288 981 καὶ
1306 955 1397 982 πλεῖον
1407 966 1414 972 ·
1429 957 1523 984 λοιπὸν
1535 957 1563 983 δὲ
1574 966 1607 983 πε
1611 958 1640 994 ρὶ
1651 958 1700 993 τῆς
1713 959 1782 984 ὑπο-

992 1000 1080 1033 ταγῆς
1109 1001 1248 1034 ἐξετάζειν
1267 1004 1315 1030 δεῖ.
1334 1005 1388 1030 Καὶ
1411 1006 1447 1041 μή
1464 1015 1508 1040 μοι
1522 1007 1562 1038 εἰς
1575 1007 1658 1041 μέσον
1673 1007 1781 1042 ἀγάγῃς

993 1048 1057 1079 τοὺς
1079 1049 1247 1082 ἐκπεσόντας
1268 1051 1317 1086 τῆς
1333 1051 1485 1086 βασιλείας,
1503 1054 1551 1080 καὶ
1568 1054 1724 1088 σφαγέντας
1735 1054 1781 1081 ὑπ’

991 1097 1080 1122 αὐτῶν
1096 1097 1151 1123 τῶν
1171 1099 1425 1133 σωματοφυλάκων.
1442 1100 1488 1136 Μὴ
1503 1101 1592 1127 τοίνυν
1607 1101 1720 1133 τούτους
1739 1101 1780 1133 εἰς

991 1144 1074 1178 μέσον
1109 1144 1234 1180 ἄγωμεν,
1260 1146 1327 1173 ἀλλά
1348 1147 1413 1179 τοὺς
1438 1148 1530 1180 καλῶς
1558 1148 1587 1175 ἐν
1614 1149 1780 1184 ἀμφοτέροις

990 1193 1039 1228 τὴν
1054 1194 1160 1220 ἐαυτῶν
1176 1194 1364 1229 διοικήσαντας
1383 1195 1523 1231 βασιλείαν
1537 1196 1711 1232 ζητήσωμεν.
1724 1196 1818 1223 Καὶ·-

990 1241 1022 1268 σὺ
1044 1242 1111 1277 μὲν,
1131 1241 1177 1274 οὒς
1195 1242 1294 1278 βούλει,
1307 1243 1395 1270 τίθεν
1407 1244 1462 1279 ἐγὼ
1482 1244 1509 1271 δέ
1526 1253 1566 1271 σοι
1579 1244 1625 1271 τὸν
1640 1244 1777 1280 πατριάρ-

988 1299 1040 1326 χην
1054 1291 1204 1318 ἀντιτάττω
1220 1293 1313 1319 πᾶσιν.

1023 1372 1087 1399 Ὅτε
1104 1371 1157 1409 γὰρ
1170 1372 1216 1400 τὸν
1229 1373 1286 1400 υἱὸν
1301 1373 1444 1401 ἐκελεύετο
1459 1374 1623 1409 σφαγιάσαι,
1647 1375 1776 1410 ἐννόησον

987 1420 1062 1457 [449]
1077 1420 1155 1448 πόσοι
1171 1421 1231 1448 τότε
1253 1422 1441 1458 ἐπανέστησαν
1459 1422 1535 1458 αύτῷ
1558 1423 1700 1459 λογισμοίθ
1717 1423 1775 1450 ἀλλ’

986 1470 1061 1505 ὅμως
1082 1471 1186 1502 πάντας
1202 1471 1328 1504 ὑπέταξε,
1353 1471 1400 1497 καὶ
1429 1471 1531 1509 πάντες
1559 1472 1643 1498 αὑτὸν
1658 1472 1775 1508 ἔτρεμον

988 1518 1099 1554 μᾶλλον,
1112 1519 1130 1553 ἢ
1146 1519 1257 1553 βασιλέα
1268 1520 1292 1545 οἱ
1309 1510 1463 1556 δορυφόροι,
1482 1522 1529 1546 καὶ
1544 1520 1681 1555 βλέμματι
1701 1520 1778 1555 μόνῳ

988 1566 1093 1599 πάντας
1109 1567 1282 1600 κατέστελλε,
1301 1568 1348 1594 καὶ
1358 1567 1420 1594 ούδέ
1433 1568 1533 1603 γρύξαι
1550 1569 1652 1605 ἐτόλμα
1670 1568 1777 1596 τούτων

985 1615 1083 1647 οὐδεὶς,
1099 1615 1157 1642 ἀλλ’
1171 1616 1338 1648 ὑπέκυπτον,
1360 1616 1408 1642 καλ⁵
1422 1616 1460 1648 ὡς
1474 1616 1579 1652 βασιλεῖ
1597 1616 1776 1652 παρεχώρουν

987 1663 1116 1696 ἅπαντες,
1128 1663 1217 1690 καίτοι
1231 1673 1262 1698 γε
1277 1663 1402 1696 ὀξύτατοι
1414 1664 1491 1697 ὄντες
1514 1665 1561 1692 καὶ
1586 1665 1691 1700 σφόδρα
1705 1664 1775 1692 ἀπό-

985 1719 1071 1746 τομοι.
1087 1712 1154 1738 Οὑδέ
1171 1712 1225 1747 γὰρ
1236 1711 1323 1743 οὕτως
1339 1713 1409 1739 εἰσὶν
1425 1713 1453 1738 αἱ
1470 1713 1525 1739 τῶν
1540 1713 1662 1748 δοράτων
1675 1712 1778 1747 αἰχμαὶ

984 1764 1111 1800 φοϐεραὶ,
1122 1764 1201 1800 ὀρθαὶ
1214 1764 1267 1791 ὑπὸ
1278 1764 1382 1791 πολλῶν
1395 1764 1576 1800 ἀνιστάμεναι
1588 1764 1775 1800 στρατιωτῶν,

984 1816 1022 1848 ὡς
1036 1817 1136 1843 ἐκεῖνοι
1151 1816 1211 1843 τότε
1232 1822 1245 1837 α
1265 1815 1336 1852 ἦσαν
1351 1816 1464 1852 φοϐεροὶ
1484 1817 1514 1843 οἱν
1525 1816 1661 1851 λογισμοί.
1679 1817 1716 1843 Οὐ
1730 1816 1774 1842 δο-

987 1864 1075 1900 ράτων
1100 1862 1135 1900 ἦν
1160 1864 1339 1899 χαλεπωτέρα
1364 1865 1381 1900 ἡ
1407 1865 1457 1900 τῆς
1474 1863 1582 1899 φύσεως
1595 1864 1771 1899 συμπάθεια;

984 1914 1030 1940 Διὸ
1046 1914 1093 1940 καὶ
1106 1914 1209 1949 αἰχμῆς
1219 1913 1392 1950 ὴκονημένης
1410 1913 1514 1948 μᾶλλον
1522 1913 1632 1948 τέμνειν
1642 1912 1775 1947 ἠδύναντο

984 1963 1034 1998 τὴν
1049 1963 1159 1990 ἐκείνου
1170 1963 1270 1998 ψυχήν.
1285 1963 1323 1989 Οὐ
1338 1963 1393 1998 γὰρ
1408 1963 1495 1994 οὕτως
1517 1962 1564 1995 ὀξὺ
1588 1962 1651 1997 δόρυ
1672 1962 1772 1996 γένοιτ’

983 2012 1016 2039 ἂν
1035 2021 1110 2044 ποτε,
1122 2011 1160 2043 ὡς
1174 2012 1287 2038 ἐκείνων
1301 2011 1355 2038 τῶν
1371 2011 1509 2046 λογισμῶν
1522 2011 1554 2037 τὰ
1573 2012 1672 2047 κέντρα
1684 2011 1772 2038 κάτω-

984 2063 1030 2090 θεν
1045 2062 1099 2089 άπὸ
1113 2062 1166 2089 τῶν
1181 2062 1344 2097 σπλάγχνων
1358 2062 1508 2097 όξυνόμενά
1520 2071 1549 2089 τε
1560 2062 1607 2088 καὶ
1619 2061 1771 2097 όρθούμενα

983 2111 1103 2146 διέπειρε
1118 2110 1165 2137 τοῦ
1178 2110 1282 2137 δικαίου
1297 2110 1345 2146 τὴν
1364 2110 1493 2137 διάνοιαν.
1511 2109 1642 2138 Ἐνταῦθα
1655 2110 1703 2146 μὲν
1717 2110 1771 2145 γὰρ

983 2161 1032 2188 καὶ
1046 2160 1143 2196 χρόνου
1163 2159 1203 2186 δεῖ
1224 2159 1271 2187 καὶ
1288 2159 1385 2195 βουλῆς
1400 2160 1449 2187 καὶ
1467 2160 1576 2195 πληγῆς
1596 2160 1642 2186 καὶ
1664 2159 1770 2194 ὀδύνης,

983 2209 1032 2235 καὶ
1044 2208 1104 2234 τότε
1124 2209 1138 2234 6
1158 2207 1273 2239 θάνατος
1292 2208 1399 2235 ἕπεται·
1425 2209 1484 2234 ἐκεῖ
1502 2208 1530 2234 δέ
1549 2207 1655 2239 οὐδενὸς
1667 2207 1772 2234 τούτων

983 2257 1045 2283 ἐδει-
1063 2256 1133 2283 οῦτω
1144 2256 1279 2292 ταχύτερα
1295 2256 1342 2283 καὶ
1357 2256 1507 2292 δριμύτερα
1521 2254 1554 2292 ἦν
1568 2256 1603 2283 τὰ
1614 2255 1770 2292 τραύματα.

989 2305 1059 2331 Ἀλλ’
1082 2304 1157 2340 ὅμως
1179 2304 1313 2331 τοσούτων
1331 2304 1392 2331 τότε
1414 2304 1598 2332 ὁπλισθέντων
1612 2304 1672 2331 κατ’
1686 2304 1785 2331 αὐτοῦ.

982 2353 1132 2390 λογισμῶν,
1149 2353 1235 2389 πολλὴ
1249 2351 1283 2390 ἦν
1299 2352 1410 2388 ἡσυχία,
1429 2353 1477 2379 καὶ
1495 2353 1595 2384 πάντες
1609 2352 1771 2388 εἱστήκεσαν

982 2403 1131 2433 εὐτάκτως,
1149 2401 1319 2437 κοσμοῦντες
1345 2401 1445 2436 μᾶλλον
1468 2401 1558 2433 αὐτὸν,
1573 2401 1591 2436 ἢ
1611 2400 1768 2436 φοϐοῦντες.

982 2458 1054 2494 Ὅρα
1065 2457 1131 2492 γοῦν
1145 2457 1196 2493 τὴν
1207 2457 1346 2493 μάχαιραν
1360 2457 1441 2484 αὐτὸν
1453 2457 1617 2490 ἐκτείνοντα,
1634 2457 1681 2483 καὶ
1690 2456 1774 2488 ὅσους

982 2506 1072 2542 βούλει
1100 2506 1170 2533 τίθει
1198 2506 1319 2542 βασιλεῖς
1333 2506 1374 2538 εις
1397 2506 1428 2533 τὸ
1459 2505 1552 2541 μέσον,
1583 2505 1783 2539 Δύγούστουςμ

981 2555 1133 2590 Καίσαρας.
1163 2554 1233 2581 Ἀλλ’
1250 2554 1327 2581 οὐδὲν
1355 2554 1481 2581 τοσοῦτον
1508 2555 1591 2589 ἐρεῖς,
1615 2553 1676 2580 οὐδὲ
1700 2554 1771 2586 ἕξεις

982 2604 1077 2639 σχῆμα
1099 2603 1185 2636 δεῖξαι
1199 2603 1331 2635 τοιοῦτον,
1351 2602 1422 2629 οὕτω
1446 2602 1619 2639 μεγαλοφυές
1644 2602 1692 2629 καὶ
1714 2602 1770 2629 τῶν

979 2653 1104 2690 οὐρανῶν
1128 2652 1212 2685 ἄξιον.
1235 2653 1314 2679 Κατὰ
1328 2653 1383 2688 γὰρ
1398 2652 1556 2688 τυραννίδος
1574 2651 1769 2686 δυνατωτάτης

980 2702 1078 2738 ἔστησε
1095 2702 1226 2738 τρόπαιον
1246 2702 1261 2728 6
1274 2701 1378 2733 δίκαιος
1395 2701 1457 2727 τότε
1481 2702 1600 2732 ἐκεῖνος·
1619 2700 1696 2727 οὐδὲν
1714 2698 1768 2733 γὰρ

980 2750 1088 2786 φύσεως
1103 2749 1337 2786 τυραννικώτερον
1350 2758 1356 2764 ·
1374 2750 1427 2776 κᾶν
1447 2749 1560 2785 μυρίους
1576 2748 1653 2783 τιθῇς
1667 2755 1768 2783 τυραν-

979 2799 1131 2832 νοκτόνους,
1149 2798 1244 2826 οὐδένα
1262 2798 1382 2826 τοιοῦτον
1399 2797 1534 2833 ἐπιδείξῃς
1551 2798 1626 2832 ἡμῖν.
1643 2796 1698 2823 Καὶ
1711 2795 1778 2830 γάεη

1010 2901 1022 2914 ⁸
1035 2898 1165 2933 Legebalur
1173 2899 1248 2924 ποτέ..
