1984 3126
135 179 183 208 H5

135 236 270 265 considera
287 245 294 262 :
311 241 404 263 natura
419 243 478 263 cum
491 235 572 262 armis
592 235 657 266 suis,
677 241 736 262 cum
758 232 915 261 militaribus

133 282 256 310 omnibus
265 282 350 315 copiis
359 281 414 308 suis
428 281 501 308 bumi
513 280 633 315 iacebat;
649 280 704 314 ipse
718 283 807 306 autem
828 277 916 306 subat

133 331 237 354 extenta
253 334 344 359 manu,
356 335 409 354 non
423 334 559 359 coronam,
576 325 623 353 sed
637 325 754 361 gladium
765 325 859 359 quavis
871 331 917 350 co-

133 380 197 400 roaa
212 373 383 400 illustriorem
404 377 510 400 tenente
526 381 532 398 :
547 376 626 407 atque
645 371 800 406 angelorum
823 376 918 405 agmen

133 418 320 452 spplaudebat,
334 426 365 445 ac
380 418 450 445 Deus
464 426 479 445 e
493 417 565 445 cadis
579 417 705 444 victorem
717 424 777 444 eum
797 422 917 450 pronun-

134 463 225 491 tiabat.
235 463 365 498 Quoniam
372 464 442 490 enim
451 464 476 490 in
488 462 561 490 czelis
568 462 734 490 conversatio
741 465 810 493 erat,
821 460 919 487 idcirco

134 509 234 536 cmlesti
247 516 354 544 quoque
367 509 500 543 prazconio
510 507 705 536 celebrabatur.
719 506 850 541 Quidnam
866 505 918 532 hoc

134 552 319 587 splendidius?
334 554 386 580 imo
399 553 523 588 quidnam
537 560 597 581 cum
625 553 675 580 hoc
691 556 790 586 tropaeo
803 549 918 578 conferri

135 600 232 633 queat?
244 598 311 626 Nam
326 599 359 631 si,
373 606 433 626 cum
445 598 544 626 athleta
556 598 672 630 vicisset,
691 605 744 625 non
761 603 848 632 pra:co
860 595 918 631 qui-

136 644 195 672 dam
208 652 241 672 ex
254 644 373 672 inferiori
385 645 453 676 loco,
468 644 515 672 sed
528 651 575 672 rex
589 645 646 679 ipse
656 651 671 671 e
681 643 818 678 superiore
829 649 919 669 assur-

135 697 199 724 gens
215 690 323 717 victoris
336 689 426 717 laudes
440 689 596 725 praedicaret
605 697 613 722 ;
623 696 712 716 annon
723 688 773 715 hoc
784 688 828 715 ille
840 695 919 715 coro-

137 735 177 761 nis
190 734 255 769 ipsis
265 733 482 762 honoriﬁcentius
492 733 542 761 sibi
550 741 610 762 esse
619 734 736 765 duceret,
748 734 919 766 omniumque

137 784 315 814 spectatorum
330 780 423 807 oculos
447 779 479 806 ad
502 786 532 807 se
558 779 747 807 converteret?
761 779 826 806 Cum
842 778 920 813 igitur

139 832 189 852 non
202 823 329 854 mortalis
337 825 465 860 quispiam
478 833 534 858 rex,
546 825 593 852 sed
606 825 674 852 Deus
685 825 752 859 ipse,
763 831 815 851 non
830 824 855 851 in
869 823 920 851 hoc

140 870 251 903 theatro,
264 870 311 898 sed
325 875 381 898 toto
395 870 460 898 orbe
475 870 648 905 inspectante,
667 873 746 903 atque
768 869 920 904 angelorum

139 922 165 944 et
177 917 396 952 archangelorum
406 924 496 952 grege,
512 917 565 944 alta
579 924 643 943 voce
658 916 690 943 de
708 916 773 943 ca'lo
785 916 901 942 clamans
911 933 919 948 ,

140 963 264 990 victorem
278 963 364 997 ipsum
380 963 548 997 pronuntiet,
572 962 688 995 ubinam,
703 969 802 996 qureso,
820 960 921 995 justum

140 1009 212 1035 illum
226 1008 435 1036 collocabimus?
453 1008 534 1041 Quin,
547 1009 569 1035 si
583 1008 668 1043 placet
678 1027 687 1040 ,
703 1014 796 1034 vocem
815 1013 921 1042 quoque

140 1054 222 1088 ipsam
231 1054 378 1081 audiamus.
388 1054 514 1088 Quasnam
522 1061 585 1089 ergo
593 1053 651 1081 bam:
660 1061 708 1080 vox
717 1058 758 1081 est
765 1053 776 1080 t
784 1053 921 1085 Abraham,

141 1100 276 1132 Abraham,
289 1108 339 1126 non
354 1099 473 1127 extendas
487 1107 589 1126 manum
610 1104 679 1125 tuam
703 1099 728 1125 in
756 1097 851 1131 Isaac,
877 1105 922 1124 nec

141 1146 218 1180 facias
231 1146 271 1173 illi
280 1146 426 1180 quidquam.
440 1145 516 1172 Nunc
525 1146 591 1172 enim
604 1145 707 1180 cognovi
719 1145 785 1180 quod
797 1149 823 1171 tu
835 1145 923 1171 timeas

144 1191 287 1225 Dominum,
301 1192 419 1228 quoniam
429 1200 478 1219 non
502 1191 635 1226 pepercisti
648 1191 774 1226 unigenito
800 1190 854 1224 filio
879 1194 923 1217 tuo

142 1242 242 1273 propter
253 1245 293 1265 nte
305 1236 386 1273 (Gen.
397 1237 442 1264 ⁸22.
456 1237 490 1264 12
499 1237 520 1272 ).
536 1236 604 1270 Quid
623 1242 712 1263 autem
724 1235 793 1263 hoc?
808 1235 864 1262 isne
878 1234 923 1269 qui

142 1284 229 1311 omnia
242 1283 315 1310 novit
328 1287 467 1318 antequam
482 1282 612 1315 oriantur,
627 1289 696 1309 nunc
709 1280 814 1308 demum
824 1287 923 1315 cogno-

143 1330 194 1356 vit‘!
205 1330 286 1365 Atqui
298 1329 447 1356 hominibus
455 1336 560 1364 quoque
571 1332 706 1362 perspecta
712 1327 766 1362 jam
775 1331 831 1354 erat
842 1325 925 1360 ipsius

141 1377 226 1412 pietas
240 1386 248 1404 :
264 1382 303 1405 tot
318 1384 374 1404 sum
386 1384 448 1412 erga
463 1376 545 1404 Deum
560 1375 753 1403 benevolentia:
768 1377 924 1409 argumenta

141 1423 267 1456 dederat;
281 1431 341 1450 cum
351 1423 421 1451 Dens
430 1422 462 1450 ad
475 1429 535 1450 eum
544 1421 664 1453 dixisset,
679 1420 803 1456 Egredere
815 1419 847 1446 de
859 1424 925 1445 terra

143 1473 196 1502 tua,
212 1473 236 1496 et
245 1469 276 1495 de
287 1469 435 1504 cognatione
447 1473 490 1495 tua
502 1467 512 1504 (
520 1467 583 1494 Gen.
600 1466 642 1494 l2.
655 1466 667 1493 l
679 1467 688 1501 )
703 1473 780 1493 :cum
791 1465 825 1492 ob
838 1464 924 1500 ipsum

142 1518 223 1549 atque
235 1513 343 1541 honoris
359 1513 441 1548 ipsius
453 1519 531 1539 causa
542 1512 631 1546 nepoti
644 1518 692 1538 suo
703 1511 818 1546 primatu
830 1509 926 1537 cessis-

141 1563 183 1586 set
199 1568 207 1587 :
221 1565 282 1586 cum
297 1566 357 1586 eum
372 1566 388 1585 e
402 1562 440 1585 tot
457 1557 590 1592 tantisque
604 1556 729 1591 periculis
743 1555 902 1583 extraxisset
916 1563 923 1581 :

141 1612 203 1631 cum
215 1599 240 1632 in
254 1603 397 1639 Egyptum
412 1603 494 1640 ipsius
500 1603 576 1639 jussu
587 1602 721 1638 profectus
731 1601 833 1634 fuisset,
846 1604 926 1635 atque

142 1657 228 1678 uxore
239 1649 290 1677 sibi
304 1649 427 1684 adempta
440 1657 492 1676 non
517 1648 723 1683 indignationem
739 1645 906 1681 concepisset
916 1666 925 1680 ,

139 1695 247 1731 aliaque
261 1695 341 1722 multa
355 1695 469 1722 fecisset.
486 1694 586 1728 Quibus
600 1701 631 1721 ex
645 1693 724 1721 rebus
737 1692 817 1719 homo
834 1692 925 1726 etiam,

139 1747 169 1769 ut
185 1742 244 1777 jam
268 1741 332 1774 dixi,
348 1740 473 1776 pietatem
487 1740 567 1775 ipsius
581 1743 743 1774 compertam
768 1738 864 1766 habere
879 1745 927 1772 po-

140 1789 254 1821 tuisset,
269 1787 366 1815 nedum
379 1786 449 1814 Deus
460 1807 468 1820 ,
484 1786 529 1822 qui
540 1794 592 1813 non
603 1788 741 1820 exspectat
755 1789 782 1811 ut
795 1792 841 1819 per
856 1784 927 1818 ipsas

138 1841 185 1862 res
200 1834 283 1861 ﬁnem
294 1837 395 1860 noscat.
414 1831 533 1866 Quonam
546 1836 633 1859 autem
647 1829 726 1858 modo
739 1830 814 1857 illum
825 1829 926 1865 justqu

139 1880 359 1915 pronuntiasset,
374 1878 395 1905 si
410 1879 496 1921 ipsum
515 1875 682 1913 ignorasset?
707 1875 818 1902 Credidit
837 1876 925 1909 enim,

137 1925 415 1998 inﬂuit,‘dbgt;ltam,
436 1928 459 1951 et
485 1927 627 1958 reputation
650 1927 686 1948 est
697 1921 746 1956 ipsi
760 1921 793 1948 ad
800 1921 927 1956 iustitiam

173 2008 203 2035 ϐ.
221 2007 290 2042 Quid
305 2006 384 2041 igitur
396 2009 437 2033 est
454 2004 535 2038 istud,
547 2004 622 2032 Num:
636 2004 758 2040 cognovi!
770 2004 853 2040 Syrus
865 2003 926 2038 qui-

136 2054 199 2081 dem
218 2053 259 2081 sic
275 2051 364 2084 habet,
378 2050 455 2078 Nunc
469 2050 613 2083 declarasti,
624 2049 747 2082 subaudi,
763 2049 926 2076 hominibus.

133 2099 204 2127 Nam
217 2100 279 2134 ipse
286 2098 445 2134 jampridem
454 2102 533 2132 atque
540 2102 602 2125 ante
611 2097 699 2124 omnia
706 2097 778 2131 jussa
789 2096 814 2123 id
823 2103 926 2123 noram.

133 2146 191 2173 Cur
199 2150 294 2172 autem
306 2152 371 2171 nunc
381 2151 486 2179 quoque
497 2142 665 2170 hominibus?
674 2149 762 2168 annon
777 2142 820 2169 illa
834 2141 866 2168 ad
882 2141 928 2169 de-

131 2191 295 2220 clarandam
312 2190 394 2225 ipsius
407 2197 469 2224 erga
486 2189 567 2217 Deum
587 2188 798 2216 benevolentiam
813 2187 928 2216 sufﬁcie-

130 2238 218 2266 bant?
234 2236 409 2265 Sufﬁciebant
423 2242 504 2266 sane;
518 2241 612 2262 verum
625 2234 676 2261 hoc
690 2238 762 2261 tanto
781 2234 825 2261 illa
839 2235 927 2261 omnia

129 2283 326 2314 antecellit,ut
338 2289 392 2317 pra:
403 2288 436 2309 eo
448 2280 514 2308 nihil
527 2288 634 2316 prorsus
645 2280 689 2307 illa
705 2287 764 2307 esse
779 2280 926 2308 videantur.

127 2330 334 2365 Quamobrem,
350 2334 378 2355 ut
393 2329 549 2364 praeclarum
571 2328 620 2355 hoc
630 2327 731 2355 facinus
743 2327 926 2362 ampliﬁcaret,

127 2383 213 2412 atque
225 2375 471 2410 reliquisomnibus
477 2374 710 2410 praestantiusesse
718 2373 879 2407 ostenderet,
887 2373 928 2401 bis

126 2425 223 2452 verbis
234 2429 305 2450 usus
313 2425 363 2448 est.
374 2421 480 2449 Etenim
491 2421 540 2448 hoc
549 2420 627 2448 etiam
637 2420 661 2446 in
671 2419 807 2446 hominum
819 2426 928 2446 consue-

126 2471 225 2497 tudine
236 2469 357 2504 positum
366 2473 417 2498 est,
428 2471 455 2493 ut
464 2467 489 2494 in
501 2467 605 2494 eximiis
615 2474 646 2493 ac
659 2466 873 2501 praecellentibus
884 2473 928 2494 re-

124 2517 177 2544 bus
188 2515 370 2551 palmamque
380 2512 561 2540 obtinentibus
567 2511 601 2539 ad
616 2512 685 2538 hunc
696 2510 803 2538 modum
815 2510 928 2545 loquan-

125 2569 169 2591 tur
181 2573 188 2591 :
206 2561 290 2589 verbi
302 2560 397 2595 gratia,
409 2567 469 2586 cum
483 2560 542 2593 quis
554 2559 639 2594 majus
649 2565 728 2593 quam
739 2563 817 2585 antea
832 2566 928 2586 munus

122 2619 138 2637 a
153 2609 287 2646 quodam
300 2606 407 2641 accipit,
418 2613 489 2640 smpe
502 2606 538 2633 ita
553 2605 668 2640 loquitur
682 2614 689 2632 :
703 2605 778 2632 Nunc
792 2605 926 2640 perspexi,

122 2656 198 2692 quod
215 2662 266 2681 me
280 2652 326 2679 ille
334 2655 406 2679 amet
417 2659 423 2677 :
436 2658 487 2677 non
502 2650 552 2677 hoc
565 2650 655 2678 dicens
664 2650 738 2685 quasi
749 2657 779 2676 ea
792 2658 851 2684 qua:
862 2657 929 2684 prte-

121 2702 257 2731 cedentis
286 2698 413 2733 temporis
426 2702 500 2724 erant
515 2697 634 2731 ignoret;
656 2695 703 2724 sed
719 2700 747 2723 ut
761 2696 811 2723 hac
825 2696 927 2723 rati0ne

121 2748 275 2778 ostendat,
293 2751 390 2771 munus
404 2742 472 2769 istud
486 2750 537 2777 quo
550 2750 620 2769 nunc
633 2741 744 2768 aﬁ'ectus
756 2745 808 2773 est,
824 2740 929 2768 caeteris

120 2794 260 2822 omnibus
279 2794 420 2825 praestare.
442 2788 485 2816 Sic
511 2788 580 2815 Deus
600 2794 705 2822 quoque
719 2786 835 2814 humano
854 2794 928 2814 more

120 2842 258 2877 loquens,
281 2835 373 2866 Nunc,
387 2834 482 2869 inquit,
495 2832 699 2868 cognovimihil
720 2832 794 2860 hisce
820 2832 927 2866 verbis,

119 2893 206 2924 quam
221 2880 392 2913 certaminis
405 2880 610 2915 magnitudinem
623 2899 630 2912 ,
653 2878 803 2914 exprimere
817 2879 909 2907 volens
920 2898 927 2910 .

681 177 714 206 IN
733 176 840 205 EPIST.
860 175 883 204 ll
912 176 959 204 AD
977 175 1054 204 COR.
1075 174 1190 203 HOMIL.
1209 174 1254 204 nt.

1699 177 1750 206 ιιι

972 239 1025 260 non
1041 237 1129 260 autem
1142 233 1212 268 quod
1226 237 1281 260 tum
1300 231 1449 265 dumtaxat,
1470 237 1513 260 aut
1529 233 1650 260 timorem
1664 238 1710 261 aut
1721 235 1754 261 ti-

971 278 1053 305 moris
1074 278 1282 313 magnitudinem
1294 282 1476 313 cognosceret.
1497 278 1562 305 Nam
1585 279 1665 306 etiam
1691 286 1752 306 cum

970 324 1017 357 ait,
1037 323 1124 351 Venite
1136 324 1315 351 descendant”
1328 322 1411 360 (Gen.
1428 324 1471 351 ll.
1486 325 1518 360 7)
1544 332 1576 352 ac
1596 325 1752 358 videamus,

971 376 1023 395 non
1036 368 1135 396 idcirco
1147 368 1198 396 bac
1211 370 1314 396 ratione
1336 369 1427 402 utitur,
1452 370 1523 404 quod
1544 370 1672 397 descensu
1686 378 1754 405 opus

971 413 1080 447 habeat;
1096 414 1194 449 quippe
1207 414 1250 449 qui
1265 414 1353 441 omnia
1364 415 1481 449 impleat,
1491 420 1569 450 atque
1579 416 1666 442 omnia
1678 424 1753 451 aper-

972 460 1072 488 tissime
1081 464 1239 495 cognoscat;
1254 460 1299 488 scd
1308 465 1337 487 ut
1349 460 1412 487 hinc
1425 461 1569 495 discamus,
1581 461 1614 488 de
1625 469 1655 489 re
1665 462 1753 497 aliqua

972 513 1023 532 non
1038 510 1138 533 temere
1151 505 1333 540 pronuntiare.
1347 507 1432 540 Atque
1451 507 1524 540 item,
1535 514 1595 534 cum
1616 508 1654 534 ait
1678 507 1753 535 Scri-

972 554 1064 584 plura,
1092 550 1160 578 Deus
1185 551 1217 577 de
1230 551 1292 578 mlo
1316 552 1442 585 prospexit
1467 551 1557 586 (Psal.
1580 553 1622 580 l3.
1638 552 1692 588 2),
1707 560 1754 587 per

972 595 1153 630 metaphoram
1164 595 1197 622 ab
1209 595 1360 624 hominibus
1371 596 1486 629 ductam,
1501 598 1694 625 exactissimam
1709 605 1754 625 co-

972 641 1115 676 gnitionem
1128 641 1258 677 intelligit.
1274 642 1374 670 Eodem
1394 643 1474 670 modo
1492 644 1534 670 hic
1547 651 1663 679 quoque,
1679 644 1755 671 Nune

961 688 1076 722 cognovi
1086 708 1094 720 ,
1109 688 1147 715 ait
1162 697 1168 714 :
1181 693 1209 715 ut
1223 688 1274 715 hoc
1283 689 1409 716 omnibus
1424 690 1557 724 prioribus
1571 691 1655 725 majus
1668 691 1755 718 excel-

973 732 1123 768 lentiusque
1145 741 1205 761 esse
1226 734 1401 762 demonstret.
1418 736 1474 763 Hoc
1497 737 1530 763 ita
1544 744 1603 763 esse
1617 737 1711 771 probat
1723 745 1755 764 ex

972 785 1016 811 eo,
1038 778 1108 813 quod
1130 779 1259 814 deinceps
1281 780 1432 815 subjungit,
1457 781 1523 814 Quia
1547 789 1597 808 non
1625 783 1775 817 νιφετώδη·

973 823 1026 857 ﬁlio
1039 827 1081 850 tuo
1091 823 1181 851 dilecto
1195 829 1297 859 propter
1310 834 1359 852 me.
1370 825 1427 853 Non
1447 826 1583 854 dumtaxat
1597 827 1673 861 dixit,
1688 826 1756 854 Filio

973 874 1029 903 tuo,
1042 870 1100 903 sed,
1118 870 1185 898 Filio
1206 872 1306 899 dilecto.
1321 871 1379 899 Non
1400 873 1470 900 enim
1493 873 1622 901 adversus
1635 879 1757 902 naturam

973 919 1085 947 tantum.
1099 916 1146 943 sed
1161 917 1244 944 etiam
1259 917 1388 945 adversus
1401 917 1595 946 benevolentiae
1609 919 1734 947 aﬁeclum
1746 941 1756 954 ,

973 962 1017 995 qui
1031 966 1085 988 tum
1107 962 1141 988 ob
1157 963 1277 997 proprios
1297 971 1403 996 mores,
1429 968 1483 991 tum
1499 965 1533 991 ob
1546 972 1666 1000 magnam
1685 967 1757 1000 pueri

974 1006 1096 1034 virtutem
1111 1008 1203 1042 ingens
1223 1013 1290 1041 erat,
1316 1009 1477 1043 intrepidum
1491 1018 1521 1037 se
1536 1011 1659 1045 prmbuit.
1682 1012 1758 1045 Quod

974 1053 1007 1084 si,
1023 1061 1056 1081 ne
1068 1058 1096 1081 ut
1109 1054 1244 1089 improbos
1256 1055 1362 1089 quidem
1387 1055 1456 1083 ﬁlios
1468 1062 1655 1091 aspernentur,
1683 1058 1760 1086 facile

974 1098 1068 1126 adduci
1084 1104 1206 1134 parentes
1221 1105 1330 1134 queunt,
1346 1108 1438 1128 verum
1456 1109 1503 1128 eos
1515 1109 1621 1136 quoque
1636 1102 1760 1138 lacrymis

976 1149 1173 1179 prosequuntur
1189 1153 1196 1172 :
1210 1152 1269 1172 cm
1281 1150 1308 1172 et
1321 1145 1390 1173 ﬁlius
1412 1145 1501 1179 fuerit,
1514 1151 1541 1174 et
1566 1155 1717 1182 germanus,
1734 1155 1761 1176 et

976 1189 1137 1224 unigenitus.
1149 1194 1176 1217 et
1186 1190 1309 1222 dilectus,
1324 1195 1352 1219 et
1367 1191 1450 1224 lsaac,
1464 1196 1491 1219 et
1508 1193 1542 1220 ab
1557 1193 1615 1227 ipso
1631 1198 1704 1227 patre
1715 1194 1759 1228 ju-

975 1235 1106 1269 gulandus
1117 1235 1162 1268 sit,
1171 1236 1291 1270 quisnam
1299 1236 1480 1264 incredibilem
1488 1237 1557 1265 illam
1568 1238 1760 1273 philosophiam

976 1281 1064 1308 verbis
1074 1282 1213 1315 complecti
1224 1282 1328 1317 possit?
1339 1282 1469 1310 Nimirum
1483 1283 1534 1311 hoc
1544 1288 1678 1311 certamen
1690 1285 1762 1313 mille

976 1325 1128 1353 diademata
1139 1330 1219 1361 atque
1234 1327 1389 1355 innumeras
1401 1335 1515 1356 coronas
1526 1329 1669 1363 splendore
1682 1338 1761 1364 supe-

976 1375 1026 1398 rat.
1043 1371 1146 1398 Etenim
1159 1372 1194 1403 ei,
1207 1372 1252 1407 qui
1271 1380 1397 1400 coronam
1412 1373 1483 1400 illam
1503 1375 1581 1409 gerit,
1605 1376 1761 1411 plerumque

977 1419 1004 1442 et
1018 1423 1091 1443 mors
1100 1417 1290 1450 superveniens
1304 1418 1399 1446 infesta
1412 1423 1463 1451 est,
1475 1424 1500 1448 et
1514 1420 1588 1448 mille
1607 1421 1687 1448 etiam
1701 1428 1764 1449 anno

978 1465 1090 1489 mortem
1107 1470 1195 1489 rerum
1212 1463 1314 1491 insidia:
1329 1473 1336 1491 :
1350 1464 1402 1492 hoc
1416 1469 1504 1492 autem
1518 1465 1668 1494 diademate
1688 1469 1762 1502 quis-

977 1507 1039 1541 quis
1051 1507 1189 1535 redimitus
1202 1508 1291 1542 fuerit,
1307 1509 1333 1536 id
1348 1509 1373 1536 ei
1389 1517 1423 1537 ne
1439 1515 1498 1545 past
1519 1515 1631 1538 mortem
1656 1512 1762 1547 quidem

978 1553 1117 1588 quisquam
1133 1553 1237 1588 eripere
1249 1554 1357 1590 poterit,
1372 1562 1425 1583 non
1446 1563 1554 1583 suorum
1565 1577 1573 1590 ,
1599 1565 1651 1584 non
1664 1559 1764 1585 alieno-

978 1607 1047 1626 rum.
1061 1600 1148 1634 Atque
1166 1600 1246 1627 etiam
1268 1601 1490 1635 pretiosissimum
1516 1602 1593 1637 hujus
1607 1604 1763 1632 diadematis

978 1644 1092 1680 lapidem
1104 1645 1250 1680 perspicias
1263 1646 1353 1675 velim.
1365 1646 1478 1675 Utenim
1492 1648 1624 1683 pretiosus
1636 1649 1710 1684 lapis,
1725 1648 1763 1677 sic

978 1698 1039 1718 eum
1054 1690 1087 1717 ad
1102 1695 1252 1718 extremum
1264 1692 1355 1727 cingit.
1375 1692 1506 1726 Quidnam
1523 1699 1610 1721 autem
1634 1695 1684 1723 hoc
1705 1701 1763 1729 est,

978 1735 1088 1771 Propter
1099 1738 1158 1765 me?
1169 1737 1261 1773 Neque
1273 1738 1342 1765 enim
1356 1738 1406 1766 hoc
1420 1743 1471 1771 est,
1482 1740 1551 1774 qnod
1562 1740 1763 1771 admirationem

979 1787 1107 1816 meretur,
1121 1790 1217 1819 nempe
1227 1784 1296 1819 quod
1312 1792 1364 1811 non
1381 1786 1529 1819 pepercerit
1541 1806 1548 1817 ,
1562 1787 1609 1813 sed
1620 1788 1688 1821 quod
1704 1795 1765 1822 pro-

979 1833 1039 1863 pter
1053 1836 1124 1856 eum.
1138 1829 1160 1857 0
1173 1830 1309 1857 dexteram
1324 1830 1427 1858 beatam
1437 1851 1444 1864 ,
1469 1831 1541 1865 quali
1559 1832 1646 1866 gladio
1667 1833 1764 1860 donata

979 1874 1035 1902 eStl
1051 1881 1068 1901 ο
1082 1873 1266 1902 admirandum
1286 1876 1413 1911 gladium,
1437 1876 1509 1911 quali
1523 1876 1630 1904 dextera
1651 1878 1763 1907 donatus

979 1919 1038 1946 est!
1054 1927 1070 1947 ο
1083 1920 1187 1947 beatum
1199 1920 1305 1955 inquam
1318 1921 1444 1956 gladium,
1460 1921 1492 1948 ad
1508 1922 1577 1956 quod
1589 1922 1762 1951 ministerium

981 1965 1088 1999 paratus
1111 1966 1168 1993 est!
1184 1966 1256 2001 quod
1269 1974 1366 1993 munus
1381 1966 1473 1999 obivit,
1487 1971 1514 1993 et
1527 1967 1570 1994 cui
1593 1967 1684 2002 ﬁgura:
1698 1969 1762 1995 sub-

980 2010 1107 2038 servivit!
1122 2018 1236 2046 quonam
1252 2016 1328 2046 pacto
1341 2019 1437 2039 cruore
1449 2012 1546 2040 tinctus
1561 2018 1611 2045 est,
1626 2019 1655 2042 et
1668 2021 1763 2043 cruore

980 2064 1033 2084 non
1046 2062 1087 2084 est
1102 2057 1216 2085 tinctus!
1232 2057 1324 2092 Neque
1337 2058 1418 2092 enim,
1429 2066 1483 2093 quo
1498 2060 1579 2086 verbo
1593 2064 1662 2094 utar,
1686 2062 1743 2088 scio
1755 2071 1763 2089 :

980 2102 1048 2130 adeo
1060 2103 1225 2130 tremendum
1239 2103 1308 2130 istud
1333 2102 1488 2139 mysterium
1514 2109 1580 2132 erat.
1605 2104 1664 2132 Non
1688 2107 1764 2141 pueri

980 2148 1076 2182 pellem
1092 2147 1188 2183 attigit,
1201 2156 1249 2175 nec
1262 2150 1345 2175 sancti
1362 2149 1432 2176 illius
1442 2154 1532 2184 guttur
1543 2151 1699 2184 penetravit,
1714 2158 1765 2178 nec

978 2193 1042 2228 justi
1057 2201 1153 2221 cruore
1165 2193 1271 2221 rubuit:
1285 2194 1339 2221 imo
1351 2201 1414 2221 vero
1437 2199 1464 2222 et
1474 2195 1560 2229 attigit
1574 2199 1600 2222 et
1618 2197 1763 2229 penetravit

981 2243 1009 2267 et
1019 2247 1113 2267 cruore
1126 2240 1223 2272 rubuit,
1240 2244 1266 2267 et
1281 2240 1420 2266 immersus
1434 2244 1484 2270 est,
1499 2245 1525 2267 et
1545 2247 1596 2267 non
1613 2241 1763 2269 immersus.

981 2285 1077 2312 Mentis
1091 2293 1182 2312 errore
1197 2285 1264 2312 afﬁci
1278 2286 1389 2311 fortasse
1400 2286 1474 2311 vobis
1486 2285 1588 2317 videor,
1607 2287 1650 2320 qui
1667 2287 1699 2313 ita
1714 2294 1764 2321 pu-

980 2331 1086 2366 gnantia
1103 2331 1206 2366 loquar.
1219 2331 1253 2358 Et
1266 2336 1338 2359 certe
1349 2331 1462 2364 afﬁcior,
1475 2332 1537 2358 dum
1548 2331 1613 2367 justi
1627 2333 1697 2360 illius
1711 2333 1763 2360 mi-

981 2377 1099 2405 raculum
1121 2376 1211 2403 animo
1237 2376 1414 2411 contemplor,
1440 2384 1490 2404 nec
1515 2380 1601 2404 tamen
1623 2379 1764 2412 pugnantia

981 2422 1085 2457 loquor.
1102 2420 1206 2449 Etenim
1219 2420 1282 2456 justi
1295 2420 1343 2448 viri
1358 2428 1450 2448 manus
1460 2429 1520 2448 eum
1533 2422 1558 2448 in
1574 2423 1646 2456 pueri
1659 2428 1765 2457 gutture

982 2467 1091 2499 deﬁxit;
1107 2471 1134 2493 at
1147 2466 1217 2493 Deus
1231 2466 1310 2492 etiam
1334 2465 1445 2492 inﬁxum
1467 2474 1520 2493 non
1545 2468 1666 2502 permisit
1690 2469 1764 2503 pueri

981 2519 1078 2540 cruore
1091 2511 1273 2539 contaminari.
1284 2510 1375 2544 Neque
1387 2511 1457 2538 enim
1472 2511 1605 2538 Abraham
1616 2512 1689 2540 solus
1703 2522 1763 2541 eum

983 2557 1101 2588 tenebat,
1114 2556 1161 2584 sed
1173 2556 1253 2583 etiam
1270 2555 1339 2583 Deus
1354 2565 1361 2583 :
1375 2556 1419 2583 ille
1433 2564 1481 2590 per
1491 2557 1652 2585 voluntatem
1668 2558 1763 2594 impel—

982 2605 1070 2638 lebat,
1086 2604 1129 2631 hie
1153 2610 1201 2638 per
1215 2609 1307 2629 vocem
1328 2602 1501 2637 reprimebat.
1524 2603 1589 2631 Nam
1605 2604 1697 2632 eadem
1712 2613 1761 2632 vox

982 2651 1102 2678 dextram
1118 2648 1188 2676 illius
1199 2652 1225 2676 et
1239 2647 1351 2675 armavit
1364 2652 1391 2675 et
1404 2649 1580 2683 compescuit,
1597 2655 1675 2684 atque
1691 2650 1763 2682 Deo,

982 2701 1114 2729 tamquam
1123 2693 1218 2721 bellico
1225 2693 1328 2720 cuidam
1340 2693 1504 2728 imperatori.
1512 2694 1626 2723 subdita.
1637 2694 1668 2721 ad
1681 2695 1764 2728 ipsius

983 2744 1075 2767 nutum
1086 2739 1174 2766 omnia
1184 2739 1388 2774 exsequebatur,
1398 2744 1545 2774 cunctaque
1553 2740 1584 2767 ad
1597 2740 1666 2767 illitis
1673 2747 1763 2767 vocent

982 2784 1243 2813 administrabantur.
1256 2784 1299 2812 Sic
1311 2785 1381 2811 enim
1396 2784 1534 2812 considera
1548 2793 1554 2811 :
1568 2785 1642 2815 dixit,
1655 2784 1764 2816 Occide,

983 2839 1014 2859 ac
1026 2831 1115 2858 statim
1140 2830 1292 2858 amabatur
1306 2839 1314 2857 :
1329 2829 1413 2863 dixit,
1427 2828 1467 2858 Ne
1486 2829 1609 2862 occidas,
1625 2837 1657 2856 ac
1675 2830 1764 2856 statim

988 2885 1060 2906 arma
1073 2876 1222 2912 deponebat
1239 2885 1247 2905 :
1261 2876 1391 2911 siquidem
1410 2875 1499 2903 omnia
1510 2879 1600 2910 parata
1611 2874 1664 2909 jam
1678 2879 1763 2901 erant.
