2021 3117
202 165 256 193 115

202 222 242 249 Ac
256 225 348 256 postea
367 219 438 248 Deus
461 216 573 246 militem
586 225 663 245 suum
676 223 708 244 ac
722 215 818 244 ducem
833 214 892 242 orbi
905 217 996 242 osten-

201 266 251 301 dit,
265 266 393 294 victorem
404 265 559 300 angelorum
570 263 686 296 theatro,
697 261 772 289 illum
783 260 891 296 inquam
904 267 995 288 sacer-

201 313 310 345 dotem,
335 313 409 340 illum
428 318 535 346 regem,
559 309 649 345 gladio
669 308 754 343 magis
772 314 852 343 quam
867 306 922 334 ullo
935 305 994 333 dia-

202 359 308 388 demate
317 361 484 390 coronatum,
498 356 572 383 illum
584 359 686 390 tropaeo
699 356 881 390 praestantem,
895 359 927 380 ac
935 352 994 379 sine

200 404 326 433 conflictu
359 404 499 430 victorem.
527 401 763 435 Quemadmodum,
785 400 857 427 enim
886 399 908 426 si
934 398 993 434 quis

202 450 347 484 imperator
357 448 571 475 strenuissimum
592 447 703 475 militem
723 446 828 478 habeat,
844 445 924 472 etiam
937 446 993 479 ipsa

200 494 378 531 gerendorum
392 501 528 521 armorum
541 493 711 526 dexteritate,
724 493 779 527 ipsa
793 491 918 523 statione,
935 490 993 525 ipso

201 541 301 576 impetu
313 560 320 574 ,
337 540 442 568 hostem
467 545 541 567 metu
556 539 679 575 percellit
694 548 700 566 :
722 539 761 566 sic
778 539 846 566 Deus
861 538 916 566 sola
928 537 992 572 justi

199 587 249 614 viri
265 587 401 614 voluntate
414 607 421 619 ,
438 586 496 613 solo
510 590 604 621 gestu,
627 585 684 613 sola
712 585 828 620 denique
855 583 970 611 statione
981 603 990 617 ,

199 640 370 660 communem
382 632 501 660 omnium
517 636 637 659 nostrum
658 631 762 658 hostem
784 630 920 658 diabolum
945 637 991 656 ex-

200 678 296 706 terruit
309 683 388 713 atque
401 678 426 704 in
444 678 533 713 fugam
548 677 637 705 vertit.
651 676 718 704 Nam
733 680 760 703 et
779 676 852 702 illum
869 675 992 703 existimo

200 729 257 753 tum
281 724 484 753 tremebundam
514 723 670 752 recessisse.
697 723 749 755 At,
769 721 866 748 dixerit
879 721 992 748 fortasse

199 771 307 806 aliquis,
320 778 402 806 quare
422 771 494 798 Deus
509 770 631 798 dextram
646 768 779 795 cruentari
795 774 848 794 non
864 766 992 801 permisc-

199 817 251 849 rit,
264 824 296 844 ac
310 821 402 852 postea
416 821 561 843 mactatum
576 814 732 849 repentelad
749 813 829 840 vitam
844 811 992 840 revocarit?

199 862 330 896 Quoniam
346 863 384 890 fas
397 870 450 889 non
478 866 537 889 erat
561 861 644 889 Deum
659 859 812 895 lmjusmodi
836 859 991 894 sanguinem

199 915 312 942 capere;
326 908 373 935 sed
389 907 530 942 pestiferos
543 906 678 934 dmmones
696 912 787 932 mensa
803 904 859 932 haec
869 904 989 932 decebat.

201 956 288 989 Atque
302 954 345 981 hic
363 959 505 988 utrumque
518 953 721 985 declarabatur,
737 959 832 986 nempe
845 956 872 978 et
888 950 991 978 Domini

198 1000 349 1035 benignitas
374 1005 401 1028 et
425 1001 496 1028 servi
518 1000 648 1035 probitas.
669 999 708 1026 Ae
734 999 808 1034 prius
830 998 936 1033 quidem
957 997 992 1025 de

198 1050 269 1074 terra
281 1054 327 1073 sua
342 1054 466 1081 egressus
481 1046 583 1078 fuerat;
607 1049 661 1072 tum
686 1052 751 1072 vero
765 1044 798 1071 ab
817 1045 873 1079 ipsa
886 1050 992 1078 quoque

198 1097 291 1120 natura
306 1093 429 1120 excessit.
460 1092 554 1126 quue
568 1091 678 1119 nomine
692 1095 793 1118 sortem
809 1097 868 1118 cmn
890 1090 991 1117 [tenore

198 1139 314 1173 accepit,
327 1138 408 1173 idque
420 1138 563 1165 admodum
576 1137 672 1165 merito
690 1146 696 1164 :
712 1137 795 1172 patris
809 1136 879 1163 enim
894 1143 990 1163 nomen

198 1185 324 1212 amittere
338 1185 451 1216 maluit,
468 1191 547 1219 quam
570 1191 584 1210 a
611 1183 686 1218 probi
710 1183 780 1210 servi
803 1182 892 1209 officio
918 1188 992 1208 recc-

197 1229 272 1257 dere.
290 1229 330 1256 Eo
343 1229 442 1256 factum
456 1234 507 1262 est,
521 1233 550 1256 ut
572 1236 625 1256 non
640 1228 720 1255 modo
734 1232 821 1262 pater,
845 1226 892 1255 sed
910 1227 990 1254 etiam

197 1275 324 1303 sacerdos
338 1275 497 1308 exsisteret;
523 1280 550 1302 et
569 1275 631 1309 quia
655 1274 702 1301 Dei
718 1281 798 1301 causa
812 1273 891 1301 etiam
906 1280 921 1300 a
936 1273 991 1300 suis

196 1321 383 1353 abscesserat,
405 1322 504 1349 idcirco
519 1321 589 1348 Deus
604 1321 654 1356 ipsi
670 1328 730 1348 cum
743 1320 796 1347 illis
817 1328 865 1347 sua
886 1327 992 1354 quoque

197 1367 308 1402 largitus
323 1372 373 1395 est.
393 1368 432 1395 Ac
444 1367 552 1402 quidem
567 1368 641 1402 ipse,
662 1374 724 1394 cum
737 1367 772 1394 ab
787 1366 910 1394 hostibus
924 1366 991 1393 insi-

197 1413 248 1441 dias
261 1418 402 1448 creantur,
417 1414 498 1442 etiam
522 1421 605 1449 usque
628 1414 660 1442 ad
677 1422 734 1441 rem
749 1414 833 1449 ipsam
853 1414 990 1449 progredi-

200 1465 259 1493 tur,
274 1468 305 1488 ac
319 1461 447 1488 miracula
458 1461 531 1494 edit;
546 1466 575 1488 ut
585 1461 611 1488 in
623 1460 732 1488 fornace
742 1481 750 1494 ,
765 1467 797 1488 ac
810 1460 931 1488 leonibus
942 1468 990 1487 usu

197 1507 368 1539 venit(Dan.
394 1508 420 1535 3.
437 1512 460 1534 et
478 1508 534 1543 6):
550 1515 611 1535 cum
634 1512 723 1534 autem
747 1507 860 1543 ipsemet
886 1512 927 1535 est
946 1507 991 1542 qui

197 1553 321 1589 imperat,
335 1555 404 1581 intra
415 1555 496 1581 animi
509 1554 747 1589 promptitudinem
759 1554 898 1589 imperium
912 1561 991 1581 suum

197 1601 279 1633 sistit.

234 1647 260 1673 7.
274 1647 382 1674 Abraluo
393 1647 544 1674 constantia.
554 1662 590 1667 â€”
600 1647 667 1680 Quid
680 1647 762 1682 enim,
774 1647 840 1675 heus
855 1652 894 1681 tu,
907 1647 933 1675 in
947 1647 991 1675 illa

197 1693 279 1720 animi
303 1692 459 1720 fortitudine
477 1701 508 1720 ac
526 1694 679 1728 praestantia
699 1693 753 1728 jam
768 1693 992 1722 desiderabatur?

198 1749 262 1768 num
271 1740 405 1767 Abraham
417 1741 486 1776 quod
497 1745 656 1768 eventurum
666 1745 732 1772 erat,
742 1741 917 1776 przesciebat?
928 1749 990 1769 num

198 1787 245 1815 Dei
259 1786 470 1814 misericordiam
485 1786 539 1813 ullo
559 1786 673 1813 artificio
688 1787 831 1821 captabat?
845 1786 909 1814 Nam
929 1787 992 1815 licet

199 1833 327 1868 propheta
342 1837 423 1865 esset.
441 1837 467 1860 at
483 1833 610 1868 propheta
624 1841 677 1860 non
692 1833 781 1860 omnia
801 1834 885 1862 novit.
900 1833 992 1869 Itaque

197 1886 397 1914 supervacanea
414 1878 469 1913 jam
492 1886 525 1905 ac
542 1879 596 1906 Deo
620 1878 727 1914 indigna
749 1879 891 1908 trucidatio
910 1880 991 1908 exsti-

198 1927 283 1954 tisset.
296 1925 372 1960 Quod
383 1926 405 1953 si
419 1925 484 1953 illud
497 1933 585 1961 operae
595 1926 707 1960 pretium
720 1925 806 1953 fuerat
818 1926 897 1959 scire,
907 1926 992 1954 Deum

197 1976 318 2000 mortuos
331 1971 364 1998 ad
379 1971 458 1999 vitam
472 1978 599 1999 revocare
616 1979 705 2006 posse,
728 1972 814 1999 multo
827 1972 930 2000 scilicet
942 1972 991 2000 ad-

197 2018 347 2046 mirabilius
365 2018 390 2046 id
407 2018 440 2046 ab
454 2018 546 2046 uxoris
560 2018 637 2046 vulva
658 2019 840 2053 intellexerat,
855 2020 910 2048 imo
930 2026 992 2049 ante

198 2064 267 2092 hanc
279 2071 386 2099 queque
404 2064 672 2098 demonstrationem,
689 2065 775 2100 utqui
797 2065 850 2094 ï¬de
865 2066 992 2101 przeditus

197 2115 280 2138 esset.
295 2110 334 2137 Tu
350 2118 414 2137 vero
433 2110 535 2145 justum
559 2110 632 2138 illum
657 2118 711 2138 non
731 2112 817 2139 solum
837 2113 990 2149 admireris,

197 2156 246 2184 sed
258 2156 337 2184 etiam
351 2156 464 2183 imiteris
479 2164 486 2183 :
501 2164 615 2191 cumque
632 2164 693 2184 eum
706 2157 731 2184 in
746 2162 819 2185 tanto
834 2159 948 2187 tumultu
960 2168 993 2188 ac

199 2206 271 2229 tanta
286 2201 414 2228 fluctuum
436 2205 595 2236 tempeState
613 2210 665 2229 non
685 2209 761 2230 secus
777 2208 856 2239 atque
877 2204 902 2232 in
917 2209 991 2233 tranâ€”

198 2246 330 2282 quillitate
345 2246 516 2281 navigantem
532 2247 630 2280 cernis,
643 2247 684 2275 fac
695 2248 775 2275 etiam
790 2255 819 2276 ut
830 2249 992 2279 obedientize

198 2297 226 2320 et
240 2291 404 2319 fortitudinis
417 2292 521 2319 clavum
533 2292 656 2328 arripias.
668 2292 723 2321 Nec
737 2294 801 2321 mihi
816 2294 878 2322 illud
891 2300 991 2324 tantum

198 2345 390 2372 connuemora,
403 2338 473 2373 quod
486 2338 571 2366 altare
583 2339 746 2366 exstruxerit
758 2344 785 2368 et
796 2340 866 2375 ligna
877 2342 990 2376 pararit;

199 2384 248 2412 sed
263 2383 338 2419 pueri
349 2391 455 2419 quoque
470 2391 563 2412 vocem
586 2385 613 2412 in
634 2389 751 2413 mentem
765 2393 875 2421 revoca,
889 2391 992 2416 tecum-

198 2438 251 2466 que
265 2429 329 2457 illud
344 2434 449 2465 reputa,
463 2435 562 2466 quanta
571 2431 735 2459 exercituum
749 2433 853 2468 agmina
864 2433 992 2468 impetum

199 2479 226 2506 in
243 2485 305 2506 eum
318 2477 442 2511 fecerint,
457 2479 509 2514 ipsi
524 2486 651 2514 pavorem
673 2480 831 2514 injicientia,
852 2488 912 2509 cum
928 2489 993 2516 pue-

199 2531 258 2551 rum
272 2524 405 2552 dicentem
417 2524 529 2558 audivit,
543 2524 632 2558 Pater,
644 2526 745 2553 ubinam
758 2531 794 2553 est
806 2526 906 2554 victima
915 2527 989 2563 (Gen.

197 2569 244 2598 2â€˜2.
259 2570 307 2605 7)?
320 2570 513 2604 animadverte,
527 2576 592 2606 quot
603 2576 659 2599 tum
667 2572 843 2607 cogitationes
852 2578 993 2602 commotte

198 2616 263 2650 sint,
283 2624 337 2644 non
350 2616 434 2651 ferro,
450 2617 498 2645 sed
513 2617 597 2653 igneis
613 2617 697 2646 hastis
711 2623 833 2653 armatze,
847 2625 928 2656 atque
943 2628 993 2648 un-

198 2662 279 2698 dique
291 2669 352 2690 eum
366 2667 514 2699 pungentes
533 2668 560 2691 et
574 2664 791 2694 conseindentes.
804 2665 872 2694 Nam
883 2666 905 2694 si
919 2674 991 2694 nunc

198 2716 306 2745 quoque
328 2709 428 2743 multi,
447 2710 528 2738 etiam
549 2711 595 2746 qui
617 2715 707 2746 patres
727 2719 781 2740 non
803 2717 875 2747 sunt,
897 2713 992 2742 dolore

197 2754 367 2791 franguntur,
381 2759 409 2783 et
428 2755 677 2792 collacrymassent,
695 2757 746 2785 nisi
760 2758 800 2786 rei
815 2759 916 2787 exitum
931 2767 992 2794 per-

197 2805 318 2837 spectum
333 2802 479 2835 haberent;
492 2802 546 2830 imo
559 2803 640 2830 etiam
653 2804 817 2839 complures,
829 2812 989 2840 quamquam

198 2846 272 2874 Illum
294 2847 394 2881 norint,
414 2847 594 2884 lacrymantes
615 2853 704 2876 tamen
725 2848 850 2877 intueor:
865 2858 918 2885 quo
934 2856 990 2878 tau-

198 2890 261 2920 dem
274 2893 392 2921 cruciatu
413 2893 535 2922 atlâ€˜cctum
549 2902 610 2922 cum
623 2893 705 2922 fuisse
724 2895 860 2931 probabile
876 2901 925 2932 est,
945 2897 988 2932 qui

555 159 586 190 Î’.
604 159 744 189 Î¹Î¿Î‘ÎÎÎ¹Îµ
761 154 998 186 CllllYSOSTOMl
1018 154 1173 184 ARClllEP.
1196 157 1464 186 CONSTANTINOP.

1791 159 1840 187 H6

1049 212 1136 248 ipsum
1151 219 1290 249 genuerat,
1312 215 1356 250 qui
1379 215 1550 247 educaverat,
1575 215 1620 250 qui
1641 215 1668 242 in
1691 220 1841 249 senectute,

1047 260 1093 295 qui
1106 260 1193 288 solum
1208 260 1334 295 habebat,
1349 262 1393 296 qui
1408 261 1500 295 talem,
1517 261 1560 297 qui
1572 262 1711 295 cernebat,
1728 263 1773 298 qui
1789 271 1840 290 ao-

1048 306 1148 340 diebat,
1171 307 1217 342 qui
1233 307 1343 342 jamjam
1358 308 1393 336 de
1407 308 1496 335 medio
1511 308 1663 335 sublaturus
1679 309 1761 336 erat?
1776 309 1842 342 Quae

1047 351 1189 380 verborum
1200 352 1363 387 prudentia?
1375 361 1435 388 qua:
1448 354 1633 388 responsionis
1645 355 1842 382 mansuetudo?

1047 399 1112 433 Quis
1126 404 1214 427 autem
1238 405 1294 427 tum
1314 400 1500 435 operabatur?
1520 401 1688 436 diabolusne,
1712 407 1742 430 ut
1769 402 1842 431 faces

1045 445 1174 481 quasdam
1190 450 1292 474 natura:
1306 446 1481 475 admoveret?
1496 448 1604 476 Minime
1623 458 1630 476 :
1647 457 1740 476 verum
1758 449 1840 484 Deus,

1046 496 1075 518 ut
1092 499 1200 519 auream
1220 492 1284 527 justi
1298 492 1413 520 animam
1436 493 1521 529 magis
1542 494 1704 529 exploraret.
1733 495 1841 523 Etenim

1046 545 1107 566 cum
1128 537 1188 566 Jobi
1207 546 1278 566 uxor
1296 539 1376 566 verba
1397 539 1506 573 faceret,
1521 539 1644 568 diabolus
1657 541 1840 576 operabatur;

1045 584 1099 612 tale
1113 585 1211 620 quippe
1223 585 1286 612 illud
1299 585 1440 613 consilium
1453 591 1511 614 erat
1525 595 1532 612 :
1547 587 1590 614 hic
1605 595 1668 614 vero
1680 587 1745 615 nihil
1758 589 1841 623 impie

1046 630 1204 665 loquebatur
1216 652 1224 664 ,
1244 631 1291 659 sed
1318 639 1445 667 perquam
1469 632 1512 667 pie
1531 636 1559 660 et
1578 633 1793 669 circumspecte:
1807 642 1839 662 ac

1045 676 1128 703 multa
1143 681 1269 704 venustas
1282 677 1309 704 in
1323 677 1411 705 verbis
1425 677 1573 711 efflorebat,
1588 686 1736 713 magnaque
1750 679 1839 707 mellis

1045 723 1120 757 copia
1136 730 1152 750 e
1166 723 1335 751 sermonibus
1348 724 1483 757 manabat,
1498 732 1512 751 a
1527 725 1669 760 tranquilla
1682 726 1725 753 illa
1739 731 1764 753 et
1778 727 1837 761 pla-

1045 768 1103 795 cida
1121 769 1209 796 anima
1225 768 1311 797 fluens
1324 778 1331 796 :
1343 775 1422 804 atque
1437 774 1536 797 tantam
1553 770 1606 797 vim
1622 770 1679 798 haec
1691 772 1771 799 verba
1788 772 1836 799 ha-

1045 814 1152 847 bebant,
1167 820 1197 842 ut
1209 815 1250 843 vel
1265 823 1375 843 saxeum
1392 821 1483 851 pectus
1505 817 1626 845 emollire
1642 823 1761 852 possent.
1782 818 1835 846 Nec

1046 864 1133 887 tamen
1153 861 1321 888 adamantem
1337 861 1409 888 illum
1426 862 1606 896 perculerunt,
1635 863 1689 891 imo
1705 871 1754 891 nec
1773 871 1837 891 con-

1045 912 1203 939 cusserunt;
1219 914 1268 934 nec
1279 907 1356 941 dixit,
1374 907 1442 941 Quid
1459 913 1560 942 patrem
1577 915 1667 942 vocas,
1692 909 1737 944 qui
1757 910 1837 943 paulo

1044 957 1104 987 post
1114 957 1190 988 pater
1201 958 1260 981 tuus
1274 953 1379 981 futurus
1395 961 1446 981 non
1458 959 1508 988 est,
1520 955 1618 990 quique
1626 955 1681 990 jam
1695 955 1773 991 hujus
1790 955 1837 983 lto-

1044 1000 1118 1026 noris
1131 999 1262 1034 jacturam
1287 999 1368 1028 fecit?
1390 1000 1510 1034 Quanam
1528 1009 1607 1036 porro
1630 1001 1663 1029 de
1676 1009 1755 1030 causa
1773 1010 1836 1037 puer

1043 1052 1150 1080 qttoque
1162 1045 1332 1073 sciscitatur?
1345 1045 1425 1073 Certe
1439 1053 1490 1073 non
1500 1045 1570 1082 quod
1584 1047 1740 1075 curiositate
1754 1047 1836 1076 duce-

1044 1096 1129 1124 retur,
1144 1091 1190 1118 sed
1205 1091 1276 1126 quod
1291 1091 1324 1119 de
1347 1091 1391 1124 iis,
1411 1099 1471 1127 qua:
1491 1092 1625 1127 proposita
1644 1098 1722 1120 erant
1733 1114 1741 1126 ,
1758 1094 1837 1121 anxio

1043 1145 1075 1164 ac
1089 1137 1205 1165 sollicito
1226 1138 1317 1165 animo
1336 1142 1418 1166 esset.
1433 1137 1476 1166 Sic
1491 1138 1562 1166 enim
1578 1145 1669 1166 secum
1690 1139 1836 1175 cogitabat,

1045 1183 1094 1210 nisi
1108 1188 1185 1218 pater
1199 1191 1259 1211 eum
1281 1183 1435 1218 participem
1459 1191 1550 1212 earum
1574 1193 1663 1212 rerum
1683 1193 1743 1220 qu:e
1757 1193 1835 1221 gere-

1043 1228 1140 1256 bantur
1152 1228 1279 1256 adhibere
1294 1229 1440 1262 voluisset,
1465 1229 1576 1257 minimc
1596 1230 1727 1258 facturum
1743 1231 1834 1263 fuisse,

1043 1281 1074 1303 ut
1087 1277 1171 1304 servis
1183 1276 1250 1304 infra
1262 1284 1371 1304 manere
1380 1277 1472 1312 jussis,
1483 1277 1568 1312 ipsum
1578 1277 1663 1305 solmu
1675 1283 1834 1306 assumeret.

1043 1323 1084 1350 Ob
1097 1323 1176 1358 idque
1190 1328 1245 1350 tum
1261 1323 1376 1359 denique
1401 1324 1486 1358 ipsum
1513 1324 1673 1358 interrogat,
1697 1331 1758 1352 eum
1779 1324 1834 1358 jam

1043 1369 1094 1396 soli
1106 1373 1206 1402 essent,
1217 1376 1267 1396 nec
1277 1369 1419 1404 quisquam
1432 1376 1463 1397 ea
1476 1377 1535 1404 qum
1546 1368 1702 1397 dicebantur
1714 1370 1834 1397 audiret:

1044 1418 1117 1442 tanta
1143 1415 1217 1450 pueri
1232 1414 1372 1450 prudcntia
1388 1419 1455 1443 erat.
1479 1415 1576 1443 Annon
1597 1422 1700 1448 onmes,
1717 1421 1769 1443 tam
1785 1416 1834 1443 viri

1043 1469 1123 1497 quam
1145 1469 1257 1494 uxores,
1282 1461 1452 1489 incoluistis?
1475 1469 1563 1489 annon
1587 1462 1767 1497 unusquisque
1790 1469 1834 1495 ve-

1043 1512 1128 1535 strum
1143 1515 1255 1543 puerum
1272 1507 1345 1535 illum
1359 1508 1448 1535 animo
1461 1507 1659 1543 complectitur,
1680 1512 1707 1535 et
1720 1502 1834 1536 exoscu-

1044 1553 1124 1586 latur,
1150 1553 1372 1589 prudentiamque
1394 1554 1516 1589 suscipit,
1530 1558 1611 1589 atque
1634 1554 1718 1589 ipsius
1736 1554 1834 1589 pietate

1043 1603 1238 1633 commovetur,
1254 1607 1307 1635 qua
1327 1599 1408 1628 tiebat
1428 1604 1467 1632 ut,
1484 1607 1544 1628 cum
1565 1600 1646 1627 etiam
1665 1600 1836 1636 colligaretur

1043 1653 1075 1673 ac
1088 1653 1153 1681 rogo
1166 1645 1359 1681 imponeretur,
1373 1653 1425 1674 non
1441 1650 1513 1674 metu
1526 1651 1715 1674 concuteretur
1729 1654 1778 1674 nec
1788 1654 1832 1674 1'0-

1043 1691 1129 1719 siliret
1143 1699 1192 1719 nec
1206 1696 1308 1726 patrem
1322 1696 1351 1719 ut
1365 1691 1456 1720 furore
1470 1693 1600 1727 percitum
1615 1698 1771 1726 accusaret;
1787 1701 1835 1720 vc-

1043 1745 1102 1765 rum
1123 1741 1151 1765 et
1164 1737 1278 1765 vinculis
1297 1738 1491 1773 astringeretur
1503 1742 1532 1766 et
1553 1738 1693 1767 tolleretur
1704 1746 1735 1767 ac
1750 1739 1835 1774 impo-

1044 1788 1162 1818 neretur,
1176 1788 1334 1819 cunctaque,
1343 1784 1417 1812 velut
1430 1791 1515 1820 agnus
1525 1784 1667 1820 quispiam,
1680 1785 1723 1814 vel
1737 1786 1834 1821 potius,

1044 1835 1073 1859 ut
1087 1831 1236 1858 communis
1250 1831 1368 1858 omnium
1383 1831 1510 1859 Dominus
1520 1851 1528 1864 ,
1545 1831 1652 1860 silentio
1671 1832 1774 1861 ferret?
1789 1833 1837 1860 Et-

1046 1877 1119 1904 enim
1130 1876 1202 1904 illius
1212 1876 1443 1905 mansuetudinem
1457 1877 1618 1910 imitabatur,
1628 1885 1660 1906 ac
1671 1878 1782 1914 figuram
1796 1883 1836 1906 te-

1044 1923 1135 1951 nebat.
1149 1922 1292 1958 Tamquam
1306 1923 1358 1950 ovia
1372 1924 1454 1955 enim,
1467 1924 1562 1959 inquit,
1577 1924 1614 1951 ad
1627 1925 1777 1952 occisionem
1790 1925 1837 1952 du-

1045 1973 1099 1996 ctus
1113 1973 1160 2002 est,
1179 1974 1202 1996 et
1225 1969 1298 2005 quasi
1318 1977 1400 2005 agnus
1421 1978 1507 1997 coram
1528 1970 1647 1998 tondente
1668 1979 1695 1998 se
1714 1971 1837 1998 obmutuit

1045 2015 1121 2052 (Î™ÎµÎ±á½¶.
1136 2015 1225 2051 53.7).
1238 2015 1318 2050 Atqui
1333 2016 1456 2050 loquutus
1471 2016 1588 2049 estiste;
1605 2024 1665 2044 nam
1674 2022 1702 2044 et
1710 2017 1836 2045 Dominus

1044 2069 1151 2097 quoque
1175 2061 1259 2097 ipsius
1279 2061 1404 2096 loquutus
1430 2066 1471 2089 est
1493 2070 1632 2097 :quonam
1657 2063 1737 2099 igitur
1754 2063 1838 2091 modo

1045 2107 1198 2135 obmutuit?
1212 2107 1269 2135 Hoc
1281 2111 1335 2141 est,
1350 2107 1415 2135 nihil
1429 2115 1568 2144 arrogans,
1584 2109 1650 2136 nihil
1666 2117 1791 2144 asperum
1804 2110 1839 2136 lo-

1045 2158 1144 2189 quutus
1157 2158 1208 2188 est,
1221 2154 1268 2182 sed
1281 2154 1376 2181 blanda
1393 2155 1482 2182 omnia
1496 2159 1524 2183 et
1538 2161 1695 2188 mansueta;
1710 2163 1743 2183 ac
1757 2155 1837 2183 verba

1046 2199 1102 2234 ipsa
1118 2200 1176 2235 plus
1197 2199 1410 2227 mansuetudinis
1429 2207 1484 2236 prae
1505 2207 1534 2227 se
1554 2199 1692 2233 ferebant,
1714 2208 1794 2236 quam
1815 2201 1837 2228 si

1046 2247 1182 2275 tacuisset.
1199 2246 1420 2282 Quandoquidem
1437 2247 1518 2274 etiam
1533 2245 1655 2275 Christus
1673 2247 1789 2281 dicebat,
1808 2247 1839 2275 Si

1045 2294 1111 2321 male
1125 2293 1242 2327 loquntur
1257 2301 1313 2320 sum
1324 2313 1333 2328 ,
1349 2293 1516 2322 testimonium
1535 2293 1638 2328 perltibe
1656 2293 1687 2320 de
1709 2294 1799 2327 malo;
1817 2295 1840 2323 Îµá¼°

1045 2345 1129 2367 autem
1144 2340 1214 2374 bene,
1230 2339 1291 2374 quid
1311 2348 1351 2367 me
1370 2339 1447 2367 taedis
1464 2339 1554 2374 (Jaatt.
1568 2340 1613 2367 l8.
1627 2339 1691 2375 23)?
1708 2344 1736 2367 et
1750 2344 1839 2367 tamen

1045 2386 1084 2413 sic
1101 2385 1333 2413 mansuetudinem
1348 2392 1424 2413 suam
1439 2385 1523 2421 magis
1535 2385 1697 2418 declaravit,
1717 2393 1797 2421 quam
1817 2386 1840 2413 si

1045 2432 1153 2459 silentio
1165 2439 1230 2459 usus
1244 2431 1347 2459 fuisset.
1365 2431 1398 2459 Et
1413 2435 1441 2458 ut
1457 2430 1500 2459 hic
1514 2431 1581 2466 patri
1593 2439 1626 2459 ex
1640 2431 1731 2465 altari,
1746 2431 1786 2459 sic
1796 2431 1841 2460 ille

1045 2478 1125 2505 etiam
1141 2485 1157 2505 e
1175 2484 1256 2505 cruce
1276 2477 1403 2513 loquitur,
1420 2476 1510 2510 Pater,
1527 2477 1625 2504 dimitte
1637 2477 1699 2510 illis,
1717 2478 1778 2512 quia
1795 2486 1841 2504 ne-

1046 2525 1128 2552 sciunt
1140 2524 1201 2560 quid
1214 2524 1311 2560 faciunt
1326 2523 1402 2560 (Luc.
1418 2523 1464 2551 25.
1477 2524 1534 2559 54).
1555 2523 1624 2557 Quid
1644 2523 1724 2559 igitur
1742 2524 1776 2551 ad
1790 2523 1840 2551 ista

1045 2571 1217 2607 patriarcha?
1232 2571 1304 2598 Deus
1317 2571 1454 2607 providebit
1466 2571 1513 2598 sibi
1531 2571 1657 2598 victimam
1670 2572 1697 2598 in
1715 2572 1840 2599 [uolutau-

1046 2623 1123 2652 stum,
1138 2618 1177 2652 ï¬li
1188 2617 1265 2653 (Gen.
1280 2617 1326 2645 22.
1340 2617 1501 2654 8).Uterque
1515 2622 1615 2646 natura:
1623 2618 1752 2646 vocabula
1764 2626 1842 2646 usur-

1045 2669 1110 2700 pat:
1126 2665 1172 2692 ille
1186 2664 1303 2697 Patrem,
1317 2664 1361 2692 blc
1373 2664 1455 2691 tilium
1467 2668 1554 2691 vocat.
1567 2664 1607 2691 Ac
1617 2671 1697 2699 grave
1706 2664 1841 2699 utrimque

1045 2710 1146 2739 bellum
1160 2710 1302 2743 excitatur,
1318 2715 1398 2745 atque
1411 2710 1505 2745 ingens
1522 2714 1685 2744 tempestas;
1708 2717 1840 2744 nusquam

1046 2762 1136 2785 tamen
1158 2755 1322 2792 naufragium
1338 2763 1346 2783 :
1367 2755 1536 2791 philosophia
1551 2756 1622 2783 enim
1638 2755 1729 2783 omnia
1746 2755 1839 2782 \â€˜incit.

1045 2803 1147 2832 Deinde
1160 2807 1189 2831 ut
1203 2803 1249 2830 Dei
1271 2809 1369 2830 nomen
1385 2801 1497 2834 audivit,
1514 2802 1617 2830 nullum
1637 2802 1707 2830 ultra
1727 2804 1838 2830 verbum

1045 2849 1157 2883 addidit,
1171 2856 1221 2877 nec
1231 2848 1362 2876 curiosius
1374 2848 1512 2883 inquisivit
1525 2856 1532 2875 :
1548 2855 1632 2883 usque
1641 2848 1709 2876 adeo
1724 2848 1841 2884 prudens

1047 2901 1104 2924 erat
1119 2896 1161 2924 hic
1175 2903 1250 2932 puer,
1265 2895 1345 2931 idque
1365 2895 1392 2923 in
1411 2895 1469 2930 ipso
1481 2895 1568 2923 aetatis
1582 2894 1658 2923 ï¬‚ore.
1681 2894 1763 2923 Vides
1776 2899 1839 2930 quot
