2021 3117
167 166 221 196 M5

168 226 258 253 πᾶντα
273 225 306 261 τῇ
321 225 425 252 ἐκείνου
434 227 509 262 φωνῇ
524 226 689 262 διηκόνηται.
702 228 802 255 Σκόπει
811 228 840 254 δέ
850 237 856 245 ·
874 226 952 260 Εἶπε,

167 271 284 307 Σφάξον,
300 272 348 298 καὶ
378 271 480 303 εὐθέως
499 271 634 304 ὡπλίζετο
647 281 653 287 ·
675 271 746 305 εἷπε,
770 274 816 309 Μὴ
838 274 952 310 σφάξῃς,

167 320 214 345 καὶ
229 318 330 350 εὐθέως
350 318 535 352 ἀφωπλίζετο·
557 319 604 346 καὶ
620 319 674 354 γὰρ
688 316 722 355 ἦν
734 320 822 346 πάντα
838 321 954 355 ἀπηρτι-

167 364 264 399 σμένα.
290 364 343 390 Καὶ
366 364 470 390 ἐδείκνυ
497 364 589 390 λοιπὸν
603 365 617 391 6
640 365 706 396 Θεὸς
721 365 765 392 τὸν
784 366 952 401 στρατιώτην

165 411 214 437 καὶ
234 410 387 446 στρατηγὸν
416 411 449 445 τῇ
471 410 631 447 οἰκουμένῃ.
659 411 705 437 τὺν
730 411 894 446 στεφανίτην
914 411 953 447 τῷ

165 457 273 492 θεάτρῳ
288 456 341 482 τῶν
367 456 502 490 ἀγγέλων,
518 456 564 483 τὸν
580 457 665 492 ἱερέα,
687 457 733 484 τὸν
760 457 882 492 βασιλέα,
906 457 952 483 τὸν

163 503 328 538 διαδήματος
353 502 451 537 μᾶλλον
468 504 500 537 τῇ
519 503 640 539 μαχαίρᾳ
661 502 888 538 στεφανούμενον,
906 502 950 529 τὸν

163 548 357 584 τροπαιοῦχον,
374 548 419 574 τὸν
447 548 573 584 ἀριστέα,
591 549 636 575 τὸν
659 550 744 584 χωρὶς
759 548 897 583 συμϐολῆς
911 557 951 575 νι-

165 596 263 631 κητήν.
277 595 332 622 Καὶ
351 595 406 629 γὰρ
423 594 517 631 ὥσπερ
531 594 564 621 ἂν
577 594 604 621 εί
619 604 661 626 τις
675 595 827 629 στρατηγὸς
840 595 950 630 ἄριστον

164 640 235 675 ἔχων
252 639 431 676 στρατιώτην,
445 639 499 666 ἀπὸ
511 640 560 675 τῆς
571 640 738 673 όπλοδεξιᾶς,
753 640 809 666 ἀπὸ
822 640 872 676 τῆς
884 639 950 666 στά-

165 686 313 718 σεως,ἀπὺ
334 686 383 719 τῆς
411 685 506 720 ῥώμης
524 685 706 720 καταπλήξειε
730 686 776 712 τὸν
797 686 949 712 ἀντίδικον·

163 730 294 758 οὕτωκαὶ
316 731 331 757 6
351 730 426 762 Θεὸς,
446 731 500 758 ἀπὸ
511 731 562 766 τῆς
574 731 696 766 γνώμης.
712 731 765 758 ἀπὸ
774 731 821 758 τοῦ
840 732 949 767 σχήμα-

163 785 220 810 τος,
235 776 290 803 ἀπὸ
301 777 350 812 τῆς
365 777 486 808 στάσεως
507 777 590 812 μόνης
605 777 652 803 τοῦ
667 777 772 804 δικαίου
792 777 836 804 τὸν
861 779 949 804 κοινὸν

164 823 292 849 ἁπάντων
302 822 382 858 ἡμῶν
397 822 493 858 ἐχθρὸν
509 822 632 850 διάϐολον
646 822 800 858 κατέπληξε
815 824 863 850 καὶ
882 824 949 858 ἐφυ-

162 868 286 902 γάδευσε.
295 869 350 896 Καὶ
361 868 414 904 γὰρ
425 867 500 903 οἶμαι
517 869 642 895 κάκεῖνον
655 869 716 895 τότε
737 869 869 904 φρίξαντα
882 870 948 896 ἀνα-

163 915 296 951 χωρῆσαι.
324 915 354 941 Εί
379 915 408 942 δὲ
431 915 505 949 λέγοι
523 923 577 946 τις’
608 915 664 942 Καὶ
688 915 760 947 τίνος
786 915 879 942 ἕνεκεν
897 916 949 942 οὐκ

163 963 238 988 εἴασε
254 961 434 997 βαπτισθῆναι
445 961 494 996 τὴν
507 960 607 994 δεξιὰν,
621 959 680 988 εἶτα
697 961 794 997 ἀθρόον
813 962 947 998 ἀνέστησε

161 1007 208 1033 τὸν
221 1006 436 1042 σφαγιασθέντα;
453 1006 514 1033 Ὀτι
538 1006 597 1042 Θεῷ
612 1007 694 1042 θέμις
710 1007 760 1034 οὐκ
784 1004 819 1043 ἦν
843 1007 948 1043 αἵματα

159 1051 287 1088 δέχεσθαι
301 1051 423 1084 τοιαῦτα,
434 1051 502 1079 ἀλλά
517 1051 592 1088 [452]
606 1052 765 1088 ἀλαστόρων
782 1052 917 1088 δαιμόνων
929 1054 946 1089 ἠ

161 1097 271 1134 τοιαύτη
289 1097 422 1133 τράπεζα.
437 1098 568 1125 Ἐνταῦθα
583 1098 612 1125 δὲ
632 1098 776 1134 ἀμφότερα
796 1099 945 1133 ἐδείκνυτο,

161 1144 209 1170 καὶ
223 1144 239 1178 ή
253 1142 299 1169 τοῦ
315 1143 449 1170 Δεσπότου
472 1142 664 1178 φιλανθρωπία
684 1143 730 1170 καὶ
748 1143 764 1178 ή
786 1143 833 1169 τοῦ
852 1143 945 1170 δούλου

161 1187 364 1224 εὐγνωμοσύνη.
376 1188 430 1215 Καὶ
442 1187 574 1223 πρότερον
584 1187 632 1223 μὲν
641 1187 752 1222 ἐξῆλθεν
761 1187 814 1214 ἀπὸ
821 1187 870 1222 τῆς
883 1187 945 1222 γῆς·

158 1235 221 1262 τότε
245 1235 274 1261 δὲ
291 1235 344 1262 ἀπὸ
361 1235 411 1270 τῆς
423 1233 532 1269 φύσεως
548 1234 633 1268 αὐτῆς
650 1233 819 1269 ἀνεχώρησε.
834 1233 881 1259 Διὸ
898 1233 946 1260 καὶ

160 1280 240 1308 ἔλαϐε
255 1280 325 1316 μετά
341 1278 422 1306 τόκου
437 1279 468 1306 τὺ
480 1278 638 1314 κεφάλαιον·
654 1278 702 1306 καὶ
723 1279 795 1314 μάλα
812 1278 925 1310 εἰκότως
936 1285 944 1292 ’

160 1326 247 1353 είλετο
263 1326 318 1362 γὰρ
336 1326 373 1360 μή
388 1325 522 1360 κληθῆναι
535 1325 637 1361 πατὴρ,
654 1324 725 1351 ὥστε
739 1324 832 1356 δοῦλος
844 1323 946 1358 εὐγνώ-

162 1381 220 1407 μων
235 1373 363 1407 φανῆναι.
390 1371 440 1398 Διά
456 1371 537 1398 τοῦτο
562 1371 622 1406 οὐχὶ
648 1370 738 1406 πατὴρ
760 1370 851 1405 μόνον,
876 1369 945 1397 ἀλλὰ

160 1419 208 1445 καὶ
222 1418 310 1454 ἱερεὺς
323 1416 444 1451 ἐγίνετο·
459 1417 507 1444 καὶ
529 1417 622 1452 ἐπειδὴ
644 1416 750 1452 ἀπέστη
773 1416 827 1442 τῶν
846 1415 944 1443 ἑαυτοῦ

159 1464 204 1491 διὰ
215 1465 260 1491 τὸν
271 1464 347 1496 Θεὸν,
362 1463 407 1490 διὰ
419 1464 499 1490 τοῦτο
518 1464 565 1491 καὶ
578 1465 592 1490 6
607 1463 672 1495 Θεὸς
685 1462 754 1498 μετὰ
769 1462 871 1489 τούτων
886 1463 946 1498 ὲχα-

161 1510 254 1546 ρίσιτο
270 1509 343 1546 αὐτῷ
357 1510 403 1537 καὶ
415 1510 450 1537 τὰ
464 1509 556 1537 αὐτοῦ.
572 1509 658 1536 Ὅταν
682 1508 732 1544 μὲν
749 1507 797 1535 οὖν
818 1508 944 1544 πολέμιοι

159 1555 364 1589 ἐπιϐουλεύωσι,
379 1556 426 1582 καὶ
440 1556 521 1591 μέχρι
531 1556 580 1591 τῆς
591 1555 690 1591 πείρας
701 1554 808 1590 πρόεισι
820 1554 943 1589 θαυματ-

158 1603 265 1639 ουργῶν
276 1610 283 1618 ·
316 1600 372 1629 οἷον
394 1602 441 1629 ἐπὶ
457 1602 507 1638 τῆς
527 1602 655 1637 καμίνου,
676 1601 724 1628 καὶ
742 1600 797 1627 τῶν
810 1599 942 1627 λεόντων²

158 1649 222 1676 ὂταν
241 1648 269 1674 δὲ
282 1647 362 1679 αὑτὸς
379 1647 522 1683 ἐπιτάττῃ,
538 1646 620 1683 μέχρι
634 1646 790 1683 προθυμίας
807 1646 898 1682 ῐστησι
911 1645 943 1673 τδ

158 1693 308 1730 ἐπίταγμα.

193 1783 226 1816 ζ’.
234 1783 267 1810 Τί
280 1784 334 1819 γὰρ
346 1783 461 1816 ἔλειπεν,
473 1782 533 1809 είπέ
545 1790 602 1818 μοι,
610 1782 643 1818 τῇ
655 1780 780 1817 ἀριστεία
790 1780 876 1817 ταύτῃ
886 1779 942 1806 λοι-

158 1830 225 1864 πόν;
239 1829 277 1866 μὴ
293 1829 348 1866 γὰρ
361 1829 471 1865 προῄδει
482 1829 512 1855 τδ
525 1828 622 1864 μέλλον
636 1828 651 1854 6
672 1827 814 1863 Ἀϐραάμ;
832 1827 869 1862 μὴ
888 1827 942 1862 γὰρ

156 1876 380 1913 ἐπραγματεύετο
393 1876 439 1903 τοῦ
454 1875 521 1902 Θεοῦ
532 1875 581 1911 τὴν
596 1874 819 1910 φιλανθρωπίαν;
837 1875 868 1901 Εἰ
887 1873 942 1909 γὰρ

156 1922 205 1948 καὶ
221 1922 363 1958 προφήτης
381 1918 426 1956 ἦν,
442 1920 500 1947 ἀλλ’
516 1920 546 1947 ού
562 1920 650 1947 πάντα
670 1920 685 1946 6
701 1920 845 1956 προφήτης
860 1917 940 1947 οἶδεν.

157 1968 239 1995 Ὥστε
256 1967 370 2004 περιττὴ
381 1967 474 1994 λοιπὸν
485 1965 519 2004 ἦν
535 1968 552 2003 ή
568 1966 667 2002 σφαγὴ,
687 1966 735 1993 καὶ
753 1966 850 1998 ἀναξία
861 1965 940 1995 Θεοῦ.

134 2007 137 2009 Δ
155 2014 228 2043 Είδὲ
243 2014 296 2041 ἔδει
315 2014 420 2050 μαθεῖν,
436 2014 477 2041 δτι
494 2014 527 2040 ἐκ
542 2014 648 2050 νεκρῶν
664 2013 781 2048 ἐγείρειν
796 2012 908 2045 δυνατός
926 2013 941 2039 6

155 2059 231 2092 θεὸς,
247 2059 302 2087 ἀπὸ
323 2059 372 2095 τῆς
387 2059 494 2096 μήτρας
518 2059 608 2094 πολλῷ
625 2059 844 2095 θαυμαστότερον
861 2059 941 2086 τοῦτο

155 2106 251 2142 ἔμαθε·
273 2105 373 2142 μᾶλλον
388 2107 427 2139 δὲ,
443 2106 490 2133 καὶ
511 2106 565 2142 πρὸ
577 2106 628 2142 τῆς
639 2105 804 2139 ἀποδείξεως
821 2105 938 2142 ἐκείνης·

155 2153 249 2185 πιστὸς
260 2152 314 2188 γὰρ
329 2151 374 2189 ἦν.
391 2153 426 2179 Σὺ
441 2152 471 2179 δὲ
484 2151 521 2188 μὴ
532 2152 654 2188 θαύμαζε
667 2152 712 2179 τὺν
725 2151 828 2179 δίκαιον
848 2152 939 2188 μόνον,

153 2199 221 2226 ἀλλὰ
234 2200 281 2226 καὶ
296 2199 388 2235 ζήλου*
412 2200 458 2226 καὶ
470 2199 541 2234 όρῶν
560 2199 641 2225 αὐτὸν
655 2199 684 2225 ἐν
697 2198 816 2234 τοσούτῳ
833 2197 940 2234 θορύϐῳ

153 2244 202 2271 καὶ
221 2243 291 2280 ζάλῃ
307 2243 447 2279 κυμάτων,
469 2244 507 2275 ὡς
527 2244 556 2271 ἐν
567 2244 673 2280 γαλήνῃ
688 2243 816 2276 πλέοντα,
838 2243 939 2280 ὁμοίως

153 2290 201 2316 καὶ
213 2290 246 2316 σὺ
258 2289 448 2325 μεταχειρίζου
460 2289 509 2325 τῆς
522 2290 644 2326 ὑπακοῆς
656 2290 761 2326 καὶτῆς
771 2290 897 2326 ἀνδρείας
909 2289 939 2317 τὸ

154 2335 295 2371 πηδάλιον.
311 2335 356 2371 Μὴ
366 2337 421 2372 γάρ
439 2344 483 2370 μοι
495 2335 573 2362 τοῦτο
587 2337 669 2372 εῐπῃς
685 2335 775 2371 μόνον,
790 2336 831 2362 δτι
845 2335 939 2363 θυσια-

154 2381 266 2417 στήριον
280 2381 450 2418 ᾠκοδόμησε,
466 2381 514 2408 καὶ
526 2382 561 2408 τὰ
575 2381 653 2415 ξύλα³
669 2382 737 2409 ἀλλά
749 2381 939 2418 ἀναμνήσθητι

153 2428 200 2455 καὶ
219 2428 269 2464 τῆς
284 2430 376 2464 φωνῆς
388 2428 434 2455 τοῦ
449 2429 566 2463 παιδίου,
583 2429 630 2456 καὶ
642 2428 750 2463 λόγισαι
766 2428 847 2455 πόσαι
860 2428 939 2463 νιφά-

152 2475 196 2507 δες
213 2475 331 2511 ἐπῆλθον
347 2475 421 2511 αὑτῷ
445 2475 632 2511 στρατοπέδων
653 2474 872 2510 ἐκδειματοῦσαι,
894 2475 939 2502 δτε

151 2522 253 2558 ήκουσε
268 2522 316 2548 τοῦ
330 2523 436 2550 παιδίου
456 2523 580 2558 λέγοντος
597 2523 612 2550 6
623 2523 725 2559 πατήρ”
745 2523 780 2550 Τὸ
791 2522 940 2557 πρόϐατον

153 2568 229 2602 nefa;
242 2569 369 2604 ἐννόησον
389 2569 466 2596 πόσοι
487 2569 548 2596 τότε
568 2569 734 2606 ἐκινήθησαν
754 2568 890 2605 λογισμοὶ,
906 2568 937 2595 οὔ

153 2615 266 2650 σιδήρῳ,
293 2614 362 2641 ἀλλά
389 2614 525 2649 φλογίνοις
551 2615 660 2651 δόρασιν
685 2614 862 2649 ὡπλισμένοι,
891 2614 938 2641 καὶ¹

152 2658 286 2686 πάντοθεν
299 2659 526 2691 κατακεντοῦντες
537 2659 616 2686 αὐτὸν
628 2658 675 2686 καὶ
691 2658 890 2694 διατέμνοντες.
907 2658 939 2685 Εἰ

151 2705 204 2742 γὰρ
223 2705 271 2732 καὶ
294 2705 342 2732 νῦν
367 2705 557 2732 κατακλῶνται
581 2705 673 2731 πολλοὶ
693 2705 740 2731 καὶ
764 2704 802 2740 μὴ
817 2703 935 2740 πατέρες

149 2750 236 2782 δντες,
259 2750 308 2778 καὶ
321 2750 484 2787 ἐδάκρυσαν,
501 2751 525 2777 εί
540 2751 577 2786 μὴ
593 2750 623 2778 τὸ
638 2750 714 2782 τέλος
732 2750 853 2786 ᾔδεισαν
871 2749 935 2777 πολ-

150 2795 212 2828 λοὺς
229 2796 269 2829 δέ,
292 2796 381 2824 καίτοι
405 2796 484 2823 τοῦτο
510 2796 625 2828 εἰδότας,
646 2795 814 2832 δακρύοντας
827 2796 893 2831 όρῶ·
911 2795 938 2823 τί

150 2843 266 2878 πάσχειν
280 2843 384 2869 ἐκεῖνον
400 2843 473 2874 εἰκὸς
485 2839 529 2878 ἧν,
541 2842 587 2869 τὸν
601 2842 682 2869 αὐτὸν
697 2843 875 2877 γεννήσαντα,
890 2842 936 2869 τὸν

151 2889 301 2926 θρέψαντα.
315 2890 360 2917 τὸν
375 2890 404 2917 ἐν
425 2890 509 2925 γήρᾳ,
530 2889 576 2916 τὸν
594 2889 672 2924 μόνον
689 2889 785 2924 ἔχοντα
802 2887 932 2920 τοιοῦτον,

688 171 723 199 ΙΝ
743 171 853 201 EPIST.
870 171 892 198 ll
910 171 956 200 Al)
976 171 1054 200 COR.
1075 172 1192 202 HOMIL.
1210 173 1261 203 lll.‘

1735 179 1787 207 416

1005 227 1052 255 τὸν
1065 228 1180 264 ὁρῶντα,
1194 229 1240 256 τὸν
1256 228 1400 263 ἀκούοντα,
1412 230 1459 259 τὸν
1470 231 1571 265 εὐθέως
1591 233 1719 268 μέλλοντα
1739 236 1790 261 ἀν-

1004 275 1107 309 αιρετν;
1120 275 1160 306 τίς
1174 276 1191 310 ή
1205 276 1312 308 σύνεσις
1333 277 1387 304 τῶν
1399 278 1544 313 ρημάτων;
1557 280 1599 311 τίς
1619 281 1635 315 ή
1652 280 1789 308 ἐπιείκεια

1003 321 1052 355 τῆς
1063 321 1201 354 πεύσεως;
1222 323 1269 355 Τίς
1281 324 1335 359 ἀρα
1352 324 1366 350 6
1382 325 1499 360 ἐνεργῶν
1512 346 1520 358 ,
1537 327 1551 352 6
1563 326 1694 359 διάϐολος,
1717 327 1787 354 ὥστε

1003 365 1142 401 ἐμπρῆσαι
1158 366 1207 403 τὴν
1226 368 1324 402 φύσιν;
1344 369 1390 405 Μὴ
1407 371 1523 404 γένοιτο,
1542 371 1598 397 ἀλλ’
1617 372 1631 397 6
1649 372 1724 404 Θεὸς,
1746 373 1789 400 ἵνα

1004 411 1105 444 μᾶλλον
1126 412 1260 448 βασανίσῃ
1279 414 1328 449 τὴν
1356 415 1460 450 χρυσῆν
1488 415 1534 442 τοῦ
1559 417 1663 444 δικαίου
1687 418 1785 453 ψυχήν.

1003 456 1088 484 Ὅταν
1104 458 1153 493 μὲν
1168 458 1222 494 γὰρ
1237 460 1254 494 ἡ
1269 460 1338 495 γυνὴ
1351 460 1502 496 φθέγγηται
1519 462 1566 488 τοῦ
1583 462 1652 495 Ἰὼϐ,
1667 463 1788 496 διάϐολος

1001 503 1118 538 ἐνεργεῖ·
1142 504 1255 540 τοιαύτη
1275 505 1328 540 γάρ
1349 506 1366 539 ἡ
1387 507 1541 543 συμϐουλή·
1565 506 1640 540 οὗτος
1661 509 1689 536 δὲ
1711 510 1787 536 οὐδὲν

1004 547 1161 586 βλάσφημον
1176 550 1334 584 φθέγγεται,
1352 551 1420 578 ἀλλὰ
1437 553 1483 579 καὶ
1498 554 1600 589 σφόδρα
1614 555 1723 587 εὐσεϐὲς
1739 556 1787 582 καὶ

1003 596 1252 630 μεμεριμνημένον·
1276 596 1323 622 καὶ
1349 597 1467 633 πολλὴὴ
1492 599 1570 633 χάρις
1593 600 1704 635 ἐπήνθει
1728 604 1784 634 τοῖς

1002 639 1116 674 ῥήμασι,
1130 640 1196 667 πολὺ
1209 640 1240 667 τὸ
1260 641 1320 676 μέλι
1332 642 1386 668 τῶν
1398 642 1485 677 λόγων
1501 644 1651 677 ἀπέσταξεν
1665 647 1719 673 ἀπὸ
1736 655 1786 681 γα-

1000 683 1084 720 λήνης
1107 685 1155 712 καὶ
1172 686 1275 722 ἡμέρου
1299 687 1359 722 ῥέον
1381 688 1478 724 ψυχῆς·
1505 690 1552 716 καὶ
1575 690 1678 722 λιθίνην
1707 693 1787 720 ίκανὰ

1000 729 1087 756 ταῦτα
1101 727 1135 765 ἦν
1152 731 1270 765 μαλάξαι
1294 732 1414 760 διάνοιαν
1431 733 1505 770 [455]
1523 735 1556 762 τά
1578 736 1697 770 ῥήματα.
1717 738 1786 764 Ἀλλ’

1000 774 1030 800 ού
1045 774 1090 800 τὸν
1103 774 1243 810 ἀδάμαντα
1258 776 1360 803 ἐκεῖνον
1374 777 1563 813 περιέτρεψεν,
1574 779 1632 805 ἀλλ’
1643 779 1702 805 οὐδὲ
1717 780 1786 806 ἔσει-

1001 826 1057 850 σεν,
1067 819 1129 846 οὐδὲ
1143 818 1215 846 εἷπε·
1231 819 1264 847 Τί
1279 821 1384 857 πατέρα
1394 822 1487 853 καλεῖς
1499 822 1546 849 τὸν
1562 823 1659 858 μικρὸν
1674 822 1787 859 ὕστερον

999 865 1050 892 οὐκ
1063 865 1194 901 ἐσόμενόν
1218 875 1265 894 σου
1284 868 1401 902 πατέρα,
1419 868 1465 895 τὺν
1488 868 1537 904 ήδη
1560 868 1663 903 ταύτην
1687 870 1786 896 ἀπολέ-

993 919 1086 951 σαντα
1101 911 1151 947 τὴν
1162 913 1245 948 τιμήν
1256 921 1263 946 ;
1276 913 1354 945 Τίνος
1363 913 1391 940 δὲ
1406 913 1497 940 ἕνεκεν
1513 915 1559 941 καὶ
1574 916 1588 941 6
1599 917 1663 947 παῖς
1676 917 1784 951 ἐρωτᾷ;

999 957 1036 982 Οὐ
1056 957 1304 993 περιεργαζόμενος
1327 959 1421 991 ἁπλῶς
1445 960 1505 987 οὐδὲ
1535 960 1783 996 πολυπραγμονῶν,

998 1001 1056 1028 ἀλλ’
1069 1002 1194 1036 ἀγωνιῶν
1210 1004 1279 1040 ὑπὲρ
1292 1005 1346 1031 τῶν
1361 1006 1560 1041 προκειμένων.
1581 1007 1637 1033 Καὶ
1664 1007 1717 1043 γὰρ
1739 1009 1784 1034 ὲν-

1001 1047 1073 1074 ενόει
1087 1048 1139 1081 ὅτι,
1153 1050 1177 1075 εί
1194 1050 1232 1084 μὴ
1247 1050 1372 1077 ἐϐούλετο
1385 1050 1477 1078 λαϐεῖν
1496 1053 1622 1079 κοινωνὸν
1639 1053 1693 1080 τῶν
1710 1062 1784 1088 γινο-

999 1093 1098 1129 μένων,
1109 1095 1160 1122 ούκ
1172 1095 1207 1122 ἂν
1219 1095 1282 1128 τοὺς
1300 1097 1349 1131 μὲν
1366 1098 1462 1129 παῖδας
1478 1099 1567 1134 ἀφῆκε
1587 1099 1661 1126 κάτω
1680 1100 1781 1134 μένειν,

997 1139 1078 1166 αὑτὸν
1093 1140 1121 1166 δὲ
1133 1140 1214 1175 μόνον
1228 1141 1377 1178 παρέλαϐε.
1391 1144 1440 1170 Διά
1450 1143 1482 1179 δὴ
1494 1143 1572 1170 τοῦτο
1585 1145 1632 1171 καὶ
1647 1145 1691 1171 ὅτε
1706 1145 1782 1180 μόνοι

996 1185 1135 1220 γεγόνασι,
1154 1187 1216 1213 τότε
1234 1187 1315 1214 αὐτὸν
1331 1188 1431 1223 ἐρωτᾷ,
1451 1189 1496 1215 ὅτε
1518 1189 1605 1221 οὐδεὶς
1625 1190 1707 1225 ήκουτ
1727 1190 1782 1216 τῶν

996 1231 1160 1266 λεγομένωνο
1177 1233 1295 1268 τοσαύτη
1309 1233 1356 1260 τοῦ
1371 1234 1467 1267 παιδὸς
1493 1236 1509 1270 ή
1530 1235 1636 1267 σύνεσις
1650 1234 1694 1272 ἦν,
1708 1234 1781 1271 Ἀρα

996 1276 1027 1302 ού
1044 1276 1257 1313 διεθερμάνθητε
1274 1277 1386 1310 πάντες,
1401 1279 1449 1305 καὶ
1462 1279 1558 1315 ἀνδρες
1578 1281 1624 1306 καὶ
1637 1281 1780 1314 γυναῖκες,

995 1323 1056 1358 ούχὶ
1082 1323 1196 1355 ἕκαστος
1216 1324 1293 1359 ὑμῶν
1316 1326 1531 1360 περιπτύσσεται
1553 1328 1588 1362 τῇ
1606 1326 1710 1362 διανοίᾳ
1735 1328 1782 1353 καὶ

995 1369 1142 1404 καταφιλεί
1152 1370 1182 1397 τὸ
1194 1370 1311 1403 παιδίον,
1327 1371 1374 1397 καὶ
1390 1371 1525 1406 θαυμάζει
1539 1373 1588 1408 τήν
1603 1373 1720 1404 σύνεσιν,
1735 1373 1783 1399 καὶ

995 1415 1110 1443 αἰδεῖται
1130 1415 1180 1451 τήν
1195 1415 1349 1447 εὐλάϐειαν,
1367 1416 1427 1451 μεθ’
1441 1414 1474 1452 ἦς
1488 1418 1535 1444 καὶ
1550 1419 1782 1454 συμποδιζόμενος

996 1461 1043 1488 καὶ
1063 1461 1109 1488 ἐπὶ
1127 1463 1183 1493 τοῖς
1203 1461 1292 1495 ξύλοις
1310 1462 1507 1498 ἐπιτιθέμενος,
1523 1464 1574 1490 οὐκ
1592 1464 1781 1500 ἐξεπλήττετο,

995 1507 1045 1534 οὐκ
1060 1507 1183 1543 ἐσκίρτα,
1201 1507 1231 1534 ού
1247 1508 1433 1542 κατεγίνωσκε
1447 1509 1494 1535 τοῦ
1511 1510 1613 1545 πατρὸς
1630 1511 1667 1542 ὡς
1687 1519 1781 1546 μαινο-

996 1553 1088 1589 μένου,
1109 1553 1178 1580 ἀλλὰ
1192 1554 1239 1581 καὶ
1259 1554 1399 1590 ἐδεσμεῖτο
1418 1556 1464 1582 καὶ
1479 1556 1654 1589 ἀνεϐιϐάζετο
1671 1558 1718 1584 καὶ
1732 1559 1781 1585 ἐπ-

995 1599 1109 1633 ετίθετο,
1125 1601 1172 1627 καὶ
1184 1601 1272 1628 πάντα
1288 1601 1369 1636 ἔφερε
1383 1603 1457 1638 σιγῇ,
1470 1603 1597 1639 καθάπερ
1610 1612 1652 1636 τις
1662 1605 1779 1640 ἀρνειὸς,

996 1646 1097 1681 μᾶλλον
1107 1646 1147 1678 δὲ,
1161 1646 1287 1683 καθάπερ
1297 1648 1312 1674 6
1329 1649 1417 1680 κοινὸς
1431 1649 1540 1676 πάντων
1552 1651 1689 1687 Δεσπότη,
1703 1661 1710 1685 ;
1725 1653 1781 1680 Kal

994 1690 1049 1727 γὰρ
1067 1692 1172 1718 ἐκείνου
1189 1692 1315 1728 ἐμιμεῖτο
1331 1693 1380 1729 τὴν
1394 1694 1556 1728 ἐπιείκειαν,
1573 1697 1619 1722 καὶ
1635 1697 1680 1723 τὸν
1696 1697 1781 1725 τύπον

994 1737 1152 1772 ἐφύλαττεν·
1178 1739 1225 1772 Ὧς
1239 1739 1389 1773 πρόϐατον
1411 1740 1466 1776 γὰρ
1483 1741 1532 1767 ἐπὶ
1551 1742 1675 1778 σφαγὴν
1690 1743 1780 1778 ἤχθη,

993 1784 1042 1811 καὶ
1053 1784 1093 1818 ὡς
1105 1784 1200 1819 ἀμνὸς
1214 1785 1354 1812 ἐναντίον
1366 1786 1420 1813 τοῦ
1435 1787 1586 1821 κείροντος
1599 1789 1691 1816 αὑτὸν
1702 1790 1781 1824 ἄφω-

992 1838 1056 1863 νος.
1077 1830 1173 1858 Καίτοι
1193 1838 1225 1864 γε
1243 1831 1391 1865 ἐφθέγξατο
1409 1828 1496 1864 οὗτοςο
1512 1834 1558 1860 καὶ
1572 1834 1625 1870 γὰρ
1640 1836 1686 1862 καὶ
1702 1836 1715 1862 6
1733 1837 1781 1862 Δε-

994 1876 1097 1912 σπότης
1123 1876 1206 1903 αὐτοῦ
1227 1876 1387 1911 ἐφθέγξατο·
1411 1878 1471 1911 πῶς
1491 1877 1537 1905 οὖν
1554 1879 1679 1914 ἄφωνος,
1695 1882 1779 1908 Τουτ-

993 1921 1078 1953 έστιν,
1091 1921 1168 1948 οὐδὲν
1185 1921 1300 1954 αὔθαδες
1315 1920 1402 1955 εἶπεν,
1419 1923 1479 1949 ούδέ
1495 1924 1592 1959 τραχὺ,
1608 1924 1676 1952 ἀλλά
1691 1926 1780 1954 πάντα

992 1967 1082 2003 ἥμερα
1093 1967 1139 1994 καὶ
1151 1968 1284 2004 προσηνῆ,
1297 1968 1343 1995 καὶ
1355 1968 1456 2003 μᾶλλον
1466 1969 1516 2004 τῆς
1527 1970 1606 2005 σιγῆς
1621 1971 1656 1997 τὰ
1667 1972 1777 2007 ῥήματα

992 2012 1042 2048 τὴν
1058 2013 1208 2040 ἐπιείκειαν
1225 2013 1330 2049 ἐδήλου.
1352 2013 1427 2040 Ἐπεὶ
1447 2015 1494 2041 καὶ
1513 2016 1526 2041 6
1541 2015 1658 2049 Χριστὸς
1671 2016 1774 2051 ἐλεγενο

992 2059 1028 2085 El
1047 2058 1107 2093 μὲν
1133 2057 1232 2092 κακῶς
1254 2058 1403 2093 ἐλάλησα,
1428 2061 1620 2095 μαρτύρησον
1638 2062 1704 2096 περὶ
1724 2062 1778 2090 τοῦ

991 2104 1097 2132 κακοῦ·
1118 2105 1146 2132 εί
1171 2104 1207 2131 δὲ
1230 2104 1341 2138 καλῶς,
1354 2105 1385 2132 τί
1402 2115 1441 2140 με
1460 2106 1576 2141 ὃέρεις;
1591 2108 1638 2134 καὶ
1654 2108 1704 2143 τὴν
1717 2109 1778 2135 ἐπι-

991 2150 1094 2178 είκειαν
1111 2150 1211 2186 μᾶλλον
1230 2151 1373 2186 ἐδήλωσεν,
1387 2151 1403 2187 ἢ
1427 2152 1453 2178 εί
1471 2152 1595 2187 ἐσίγησε.
1611 2154 1665 2180 Καὶ
1682 2153 1777 2189 ὥσπερ

991 2194 1067 2227 οὗτος
1079 2195 1117 2231 τῷ
1128 2196 1211 2232 πατρὶ
1221 2195 1275 2223 ἀπὸ
1285 2196 1332 2222 τοῦ
1345 2196 1551 2232 θυσιαστηρίου,
1562 2197 1634 2225 οὕτω
1647 2198 1694 2225 καὶ
1706 2199 1778 2225 έκεῖ-

990 2250 1036 2274 νος
1053 2241 1108 2268 ἀπὸ
1128 2241 1175 2268 τοῦ
1195 2242 1311 2278 σταυροῦ
1330 2242 1497 2277 διαλέγεται,
1514 2243 1622 2278 Πάτερ,
1635 2244 1710 2278 ἄφες
1723 2246 1778 2271 αὺ-

990 2287 1064 2322 τοῖς,
1080 2287 1177 2322 λέγων·
1196 2288 1232 2315 οὐ
1249 2288 1304 2323 τὰρ
1328 2288 1429 2316 οἴδασι
1450 2290 1480 2316 τί
1500 2290 1631 2317 ποιοῦσι.
1648 2291 1680 2317 Τί
1701 2289 1747 2318 οὖν
1763 2292 1778 2318 6

991 2332 1180 2368 πατριάρχης;
1205 2333 1232 2360 '0
1249 2333 1321 2366 Θεὸς
1335 2333 1440 2368 ὄψεται
1455 2333 1552 2368 ἐαυτῷ
1567 2336 1716 2369 πρόϐατον
1733 2338 1777 2370 εἰς

991 2380 1213 2414 ὀλοκάρπωσιν.
1228 2379 1344 2407 τέκνον.
1364 2380 1505 2417 Ἑκάτεροι
1529 2380 1564 2408 τὰ
1585 2381 1704 2416 ὀνόματα
1728 2382 1776 2418 ἰῆς

991 2426 1098 2461 φύσεως
1112 2426 1248 2453 καλοῦσιν·
1267 2426 1368 2458 ἐκεῖνος
1381 2427 1500 2462 Πατέρα,
1519 2429 1566 2454 καὶ
1579 2428 1673 2455 τέκνον
1688 2424 1776 2460 οὗτος.

990 2473 1045 2501 Καὶ
1059 2472 1177 2508 χαλεπὸς
1190 2472 1359 2508 ἑκατέρωθεν
1379 2474 1393 2500 6
1409 2473 1526 2509 πόλεμος
1543 2473 1715 2510 διεγείρεται,
1731 2475 1778 2502 καὶ

990 2519 1076 2555 πολλὴ
1091 2519 1107 2555 ή
1121 2518 1200 2555 ζάλη,
1217 2519 1265 2546 καὶ
1284 2518 1413 2554 ναυάγιον
1424 2519 1552 2554 οὐδαμοῦ·
1568 2521 1585 2556 ἡ
1600 2520 1655 2556 γὰρ
1669 2520 1777 2554 φιλοσο-

990 2567 1039 2602 φία
1059 2566 1168 2593 πάντων
1184 2566 1290 2601 κρατεῖ.
1311 2564 1378 2592 Εῐτα
1396 2565 1490 2602 ἐπειδὴ
1516 2566 1616 2602 ἤκουσε
1638 2567 1683 2594 τὸν
1698 2567 1775 2598 Θεὸν,

990 2612 1081 2639 οὐκέτι
1091 2609 1168 2638 εἶπεν
1180 2611 1265 2642 οὐδὲν.
1274 2611 1336 2638 οὐδέ
1348 2613 1570 2648 περιειργάσατο·
1583 2612 1655 2639 οὕτω
1668 2613 1777 2639 συνετὸν

989 2655 1024 2694 ἦν
1043 2657 1074 2684 τὺ
1092 2656 1206 2690 παιδίον,
1225 2657 1272 2684 καὶ
1287 2657 1317 2684 ἐν
1334 2657 1407 2693 αύτῷ
1425 2658 1475 2693 τῆς
1499 2658 1605 2694 ἡλικίας
1626 2659 1666 2694 τῷ
1689 2658 1776 2686 ἄνθει.

990 2701 1067 2735 Εῐδες
1077 2703 1122 2730 τὺν
1134 2702 1245 2738 βασιλέα
1259 2703 1350 2730 πόσων
1366 2704 1501 2739 ἐκράτησε
1517 2705 1716 2739 στρατοπέδων,
1733 2704 1778 2731 πό-

991 2758 1045 2777 σων
1071 2749 1196 2785 πολέμων
1213 2749 1363 2782 ἐπιόντων;
1386 2750 1452 2777 Ούδέ
1476 2750 1532 2785 γὰρ
1553 2750 1640 2782 οὕτως
1659 2749 1729 2787 ἦσαν
1750 2751 1777 2776 οἱ

991 2796 1123 2833 βάρϐαροι
1145 2798 1178 2832 τῇ
1196 2796 1273 2823 πόλει
1296 2796 1349 2823 τῶν
1372 2797 1565 2833 Ἱεροσολύμων
1589 2797 1709 2832 φοϐεροὶ,
1731 2797 1776 2823 ὅτε

989 2841 1107 2877 ἐτᾶιλθον
1134 2842 1202 2877 αύτῇ
1233 2842 1374 2875 πολλάκις,
1403 2842 1441 2874 ὡς
1467 2844 1492 2870 οί
1521 2843 1647 2877 λογισμοὶ
1674 2842 1776 2869 τούτων

989 2887 1121 2915 πάντοθεν
1143 2888 1224 2916 αὑτὸν
1245 2888 1470 2924 περικαθήμενοι·
1489 2888 1546 2916 ἀλλ’
1558 2889 1633 2924 ὅμως
1647 2889 1775 2916 ἁπάντων
