2021 3117
162 114 212 142 ΗῚ

161 170 295 198 exercitus
310 177 357 198 rex
370 169 414 198 hic
424 169 570 205 superarit,
586 172 652 205 ῳωι
663 170 791 198 irruenlia
802 170 872 199 bella
884 179 954 199 com-

161 216 310 252 presserit?
322 215 414 251 Neque
429 216 501 244 euim
513 215 688 253 Jerusolymae
704 221 758 244 tam
773 216 956 245 formidabiles

160 266 237 290 erant
252 262 370 295 barbari,
385 269 447 289 cum
462 269 520 289 eam
534 269 721 296 szepenumero
734 263 954 298 aggrederentur,

159 315 239 343 quam
254 307 296 335 hee
307 307 485 343 cogitationes
499 306 615 342 undique
625 307 712 342 ipsum
722 308 954 341 circumsidentes;

160 358 186 381 et
206 358 296 381 tatnen
318 360 414 381 omnes
437 352 586 388 superavit.
613 353 660 381 Vis
683 353 763 381 etiam
786 353 953 382 sacerdotem

160 400 293 428 cernere?
307 408 362 428 non
378 400 458 435 longe
472 399 624 435 exemplum
647 404 699 428 est.
721 399 787 427 Nam
810 407 871 427 cum
893 408 954 427 eum

160 449 248 483 ignem
262 451 289 475 et
302 447 420 482 gladium
440 447 595 480 habentem,
609 451 636 474 et
650 447 727 474 altari
744 447 894 474 adstantem
915 447 955 473 in-

160 493 254 526 tueris,
262 493 325 528 quid
331 493 387 528 jam
399 497 440 520 est
451 492 522 528 quod
536 492 570 520 de
582 492 731 520 sacerdotio
742 492 867 519 dubites?
878 491 953 525 Quod

159 539 181 566 si
191 539 230 566 vis
244 539 379 565 victimam
392 545 498 573 quoque
510 537 611 571 videre,
628 537 761 572 duplicem
775 544 870 564 cernas
881 537 951 564 licet.

157 585 259 612 Obtulit
274 585 346 612 enim
370 584 465 618 lilium,
480 584 578 611 obtulit
593 588 621 611 et
637 591 727 616 ovem,
744 583 796 616 vel,
812 587 840 610 ut
854 583 954 610 rectius

159 631 263 666 loquar,
277 636 341 658 ante
353 630 442 657 omnia
459 629 625 656 voluntatem
637 636 723 656 suam.
739 629 825 663 Atque
837 635 884 663 per
896 629 953 655 ovis

158 676 264 711 quidem
278 683 413 709 cruorem,
428 683 555 708 manum;
571 683 618 710 per
633 675 680 702 lilii
704 679 793 702 autem
814 675 953 704 mactatio-

159 730 219 750 nem
231 722 349 750 animam
364 722 548 749 sanctiﬁcavit.
562 723 649 757 Atque
662 721 696 748 ita
709 721 834 748 sacerdos
845 725 953 748 creatus

158 773 208 797 est,
226 776 273 803 per
287 767 418 803 uuigeniti
439 768 610 802 sanguinem.
635 775 683 802 per
705 766 765 801 agni
781 766 949 794 sacrificium.

158 813 223 841 Nam
237 817 264 841 et
275 813 429 841 sacerdOtes
441 821 490 848 per
510 814 688 844 victimarum.
702 819 763 847 quae
785 812 840 839 Deo
854 811 950 838 oll'ere-

159 860 265 892 bantur,
279 859 436 895 sanguinem
454 859 517 886 olim
538 858 699 886 sanetilicari
713 857 846 886 solebant.
870 857 951 885 Visne

157 905 236 933 etiam
259 905 416 940 prophetam
436 904 612 940 conspicere?
634 903 764 931 Abraham
782 908 854 939 pater
872 907 951 929 vester

157 952 290 979 enultavtt
308 957 336 978 ut
348 951 442 979 videret
458 952 524 979 diem
542 959 624 978 meum
637 959 647 978 :
659 955 682 977 et
703 950 765 977 vidit
776 970 784 983 ,
804 954 827 977 et
850 949 951 984 gavisus

157 1003 192 1025 est
206 997 295 1034 (Joan.
310 998 337 1026 5.
352 997 407 1033 55).
429 997 470 1025 Ad
488 998 613 1025 eumdem
635 996 744 1024 modum
759 1000 786 1023 tu
799 1002 906 1031 quoquc
922 995 947 1021 in

691 113 726 142 IN
744 113 852 142 EPIST.
873 113 894 141 ll
926 114 972 142 AD
991 114 1068 143 COR.
1088 114 1203 145 HOMIL.
1224 118 1269 148 IV.

1007 171 1140 208 baptismo
1151 182 1209 208 rex,
1222 179 1251 203 et
1262 175 1399 210 sacerdos,
1409 182 1436 206 et
1445 178 1575 214 propheta
1587 180 1702 209 emceris
1715 192 1723 212 :
1736 191 1797 218 res,

1007 225 1068 247 cum
1083 227 1176 249 omnes
1196 229 1292 256 pravas
1313 223 1432 252 actiones
1452 225 1478 251 in
1493 229 1592 254 terram
1612 227 1746 262 abiecisti,
1766 238 1800 259 ac

1008 270 1116 299 peccata
1144 266 1303 295 inter-emisti
1325 277 1332 296 :
1356 270 1499 303 sacerdos,
1520 278 1582 299 cum
1608 272 1722 307 teipsum
1744 275 1800 303 Deo

1006 309 1136 345 obtulisti,
1155 319 1187 339 ac
1201 320 1298 348 corpus
1312 316 1443 348 mactasti,
1458 322 1538 351 atque
1551 316 1609 352 ipse
1623 325 1728 355 quoque
1739 328 1798 348 ma-

1006 359 1093 383 ctatus
1107 364 1136 384 es
1148 365 1154 386 :
1172 357 1202 385 Si
1211 359 1278 386 enim
1288 360 1310 386 ei
1323 362 1472 389 commortui
1483 370 1580 396 sumus,
1593 364 1688 399 inquit,
1700 370 1724 392 et
1735 374 1798 394 con-

1006 401 1117 429 vivemus
1133 402 1158 429 ei
1174 403 1210 438 (2.
1225 404 1277 431 Tit.
1296 405 1322 432 2.
1339 406 1384 442 il)
1401 416 1407 434 :
1432 407 1560 442 propheta
1583 409 1716 445 denique,
1736 418 1797 440 cum

1007 446 1093 475 futura
1106 448 1188 476 discis
1200 457 1231 477 ac
1244 450 1338 478 divino
1350 453 1459 480 numine
1471 453 1570 482 afﬂaris
1580 459 1659 490 atque
1669 455 1796 491 obsigna-

1006 494 1055 520 ris.
1068 494 1298 527 Quemadmodum
1314 498 1385 524 enitn
1400 503 1462 525 nota
1477 499 1598 534 quaedam
1610 501 1749 535 militibus,
1761 502 1797 529 ita

1007 539 1132 567 ﬁdelibus
1151 549 1257 576 quoque
1278 542 1394 577 Spiritus
1416 544 1573 579 imponitur.
1588 545 1647 579 Quo
1667 546 1708 580 fit,
1724 552 1753 574 ut
1773 547 1797 575 si

1005 585 1127 612 ordinem
1141 586 1302 619 deserueris,
1320 589 1475 623 perspicuus
1497 591 1622 618 omnibus
1639 591 1698 619 ﬁas.
1712 592 1797 620 Judei

1005 631 1076 658 enim
1090 631 1157 666 signi
1172 631 1232 659 loco
1246 632 1476 661 circutncisionem
1489 635 1632 670 habebant,
1647 645 1696 665 nos
1707 644 1797 666 autem

1005 676 1101 712 pignus
1114 676 1240 712 Spiritus.
1263 679 1326 706 lla'c
1346 679 1425 714 igitur
1439 681 1554 709 scientes
1564 702 1571 714 ,
1594 690 1626 709 ac
1640 683 1795 718 dignitatem

1004 728 1122 750 nostram
1133 723 1344 757 considerantes,
1356 726 1438 753 vitam
1457 727 1541 761 gratia
1555 727 1662 762 dignata
1679 735 1795 764 prmste-

1004 775 1074 800 nius,
1089 773 1118 795 ut
1127 768 1216 796 futuro
1231 777 1335 804 quoque
1351 778 1434 806 regno
1453 772 1587 807 potiamur
1601 783 1608 801 :
1628 775 1699 809 quod
1718 775 1798 803 detur

1003 814 1128 841 omnibus
1142 815 1220 842 nobis
1235 816 1353 850 assequi,
1375 818 1460 851 gratia
1472 822 1500 845 et
1512 818 1676 854 benignitate
1691 820 1797 849 Domini

1004 859 1086 886 nostri
1102 859 1167 887 Jesu
1186 860 1297 895 Christi,
1319 870 1380 890 cum
1393 870 1447 898 quo
1464 863 1535 892 Patri
1554 865 1686 900 simulque
1704 871 1798 895 sancto

1003 905 1113 940 Spiritui
1128 907 1223 942 gloria,
1240 908 1390 944 imperium,
1406 910 1501 945 honor,
1514 920 1585 940 nunc
1598 917 1626 940 et
1637 920 1755 950 semper,
1769 919 1799 943 et

1003 951 1030 979 in
1042 952 1140 979 saecula
1153 953 1325 982 saeculorum.
1337 956 1434 984 Amen.

849 1101 1018 1132 HOMILIA
1041 1101 1094 1132 ιν.

158 1170 220 1199 Car.
238 1173 263 1200 L
278 1181 304 1199 ν.
320 1173 365 1201 ἳό.
381 1173 436 1208 Ego
448 1178 534 1200 autem
548 1179 633 1201 testem
643 1173 726 1201 Deum
741 1173 829 1200 invoco
844 1173 870 1200 in
888 1173 946 1199 ani-

191 1228 257 1246 mam
273 1228 365 1253 meam,
379 1221 446 1255 quod
460 1228 566 1255 parcens
587 1220 656 1247 vobis
677 1228 728 1247 non
747 1220 816 1247 ultra
830 1219 886 1246 veni
899 1218 948 1246 Co—

191 1266 313 1293 rint/mm.

191 1312 215 1339 i.
232 1312 300 1346 Quid
321 1313 370 1343 ais,
394 1312 471 1340 beate
486 1313 585 1340 Paule?
598 1320 711 1348 parcens
728 1313 768 1341 eis
782 1320 836 1340 non
851 1312 947 1341 venisti

157 1357 333 1385 Corinthum?
347 1359 416 1394 Ergo
429 1367 581 1387 Sermonem
596 1367 687 1387 secum
699 1364 860 1395 pugnantem
873 1359 949 1387 nobis

158 1404 206 1431 hoc
220 1404 280 1432 loco
294 1405 397 1432 inducis
423 1405 554 1441 Superius
567 1406 638 1434 enim
652 1405 703 1433 hoc
716 1406 864 1438 asserebas,
881 1405 949 1433 hanc

158 1450 203 1477 tibi
218 1458 271 1478 tton
284 1451 408 1478 vettiendi
429 1459 537 1479 causam
551 1452 644 1484 fuisse,
661 1451 734 1487 quod
748 1453 821 1478 carni
834 1459 949 1478 consen-

157 1500 231 1523 tanea
244 1497 355 1524 consilia
366 1497 477 1525 minime
490 1497 657 1529 admitteres,
670 1505 719 1525 nec
735 1498 770 1524 tui
783 1497 850 1532 juris
861 1504 947 1531 esses,

158 1549 246 1569 verum
271 1542 385 1577 Spiritus
404 1543 516 1571 arbitrio
536 1543 635 1579 ubique
656 1543 894 1579 circumagereris;
908 1547 948 1570 at-

157 1595 206 1622 que
224 1587 385 1616 aﬂlictiones
408 1589 489 1616 etiam
516 1589 542 1616 in
566 1589 682 1616 medium
706 1588 861 1624 proferebas
876 1598 882 1615 :
898 1588 949 1616 hoc

157 1638 244 1662 autem
260 1634 320 1661 loco
334 1635 372 1662 tui
386 1635 489 1662 arbitrii
512 1636 596 1663 fuisse
609 1636 660 1669 ais,
674 1635 746 1670 quod
763 1643 816 1663 non
830 1636 946 1669 veneris,

157 1687 208 1707 non
229 1685 319 1707 autem
334 1681 500 1708 auctoritatis
516 1688 548 1709 ac
562 1681 704 1716 potestatis
725 1680 840 1716 Spiritus
856 1690 862 1708 :
878 1680 947 1708 Par-

157 1734 212 1753 cens
226 1727 299 1754 enim
315 1727 393 1760 vobis,
410 1728 504 1762 inquit,
519 1736 570 1755 non
579 1728 633 1755 veni
647 1727 804 1755 Corinthum.
816 1727 947 1761 Quidnam

157 1773 234 1808 igitur
246 1773 408 1801 dicendum?
422 1773 523 1809 Nempe
535 1778 582 1802 aut
593 1773 664 1809 quod
678 1773 729 1801 hoc
742 1781 848 1809 quoque
860 1773 947 1808 ipsum

158 1826 172 1845 a
187 1818 288 1854 Spiritu
301 1819 520 1854 proficiscebatur
532 1827 539 1852 ;
552 1827 668 1854 cumque
679 1819 772 1846 venire
784 1819 841 1854 ipse
857 1819 946 1852 vellet,

157 1864 183 1891 in
197 1869 316 1892 mentem
337 1866 363 1893 ei
377 1865 491 1900 Spiritus
515 1866 617 1901 injecit,
640 1869 668 1893 ut
691 1873 745 1893 non
765 1866 877 1897 veniret,
897 1865 948 1893 hoc

157 1910 282 1938 videlicet
304 1918 474 1946 proponens,
499 1911 562 1946 ipsis
584 1911 775 1946 indulgendum
797 1919 881 1939 esse:
902 1917 949 1938 aut

155 1955 188 1983 de
202 1956 288 1984 altero
302 1957 417 1984 adventu
432 1957 559 1992 loquitur,
573 1961 653 1992 atque
673 1957 725 1985 hoc
738 1957 880 1992 significat,
897 1956 947 1984 sibi

154 2001 260 2036 quidem
279 2002 305 2029 in
321 2003 411 2030 animo
424 2002 516 2035 fuisse,
534 2003 686 2038 priusquam
708 2003 875 2038 superiorem
889 2003 945 2036 epi-

154 2047 248 2075 stolam
266 2048 407 2082 scriberet,
420 2048 453 2076 ad
474 2056 521 2076 cos
542 2056 571 2076 se
585 2049 725 2081 conferre,
746 2054 874 2076 caeterum
890 2055 949 2075 sese

153 2093 188 2120 ob
201 2094 344 2121 caritatem
367 2095 542 2129 continuisse,
565 2103 599 2123 ne
615 2102 662 2123 eos
677 2095 841 2122 incorreclos
855 2098 948 2121 osten-

154 2138 239 2166 deret.
261 2139 404 2168 Probabile
425 2146 514 2168 autem
537 2145 589 2174 est,
612 2145 674 2176 post
698 2141 772 2168 illam
795 2140 947 2176 epistolam,

155 2183 255 2219 Spiritu
269 2185 327 2220 jam
341 2193 402 2213 eum
424 2186 534 2214 minime
548 2185 717 2221 prohibente,
740 2190 833 2221 suapte
854 2190 949 2220 sponte

153 2230 187 2257 ob
205 2230 278 2258 hanc
300 2238 409 2258 causam
433 2232 574 2259 mansisse.
595 2231 671 2266 Quod
690 2232 770 2259 etiam
785 2231 869 2266 magis
882 2239 949 2258 con-

151 2275 236 2310 jicere
250 2281 303 2309 est,
317 2284 413 2312 nempe
426 2277 496 2313 quod
512 2277 587 2305 initio
601 2277 707 2313 quidem
721 2277 838 2312 Spiritus
858 2277 949 2312 prohi-

154 2322 243 2357 bebat,
269 2329 332 2359 post
354 2328 442 2351 autem
466 2324 524 2359 ipse
542 2331 648 2360 quoque
669 2331 759 2351 secum
779 2329 906 2358 reputans
923 2323 949 2350 id

154 2369 250 2397 melius
263 2377 337 2403 esse,
353 2371 491 2398 manserit.
506 2370 546 2397 Tu
559 2378 624 2398 vero
638 2370 793 2398 consideres
806 2370 884 2397 velint
896 2378 950 2405 quo

153 2421 231 2451 pacto
247 2425 345 2445 rursus
362 2417 525 2444 mentionem
539 2417 581 2444 sui
594 2417 681 2445 faciat.
696 2417 772 2452 Quod
787 2416 895 2452 quidem
910 2416 951 2443 id-

153 2462 223 2490 circo
249 2462 316 2490 facit
336 2462 373 2498 (id
395 2463 466 2490 enim
492 2462 629 2490 inculcare
652 2470 706 2490 non
728 2462 871 2498 desinam),
888 2466 916 2489 ut
935 2469 950 2490 a

153 2509 299 2535 contrariis
321 2509 499 2544 patrocinium
522 2509 573 2536 sibi
592 2513 705 2544 quterat.
726 2508 857 2542 Quoniam
878 2508 950 2536 enim

151 2554 300 2582 verisimile
321 2559 379 2582 erat
398 2562 446 2583 eos
465 2555 566 2583 sinistri
587 2555 689 2591 aliquid
713 2555 842 2590 suspicari
861 2562 893 2582 ac
910 2554 952 2582 di-

155 2606 213 2627 cere
228 2608 236 2626 :
254 2599 359 2627 Idcirco
369 2600 403 2628 ad
416 2609 464 2628 nos
479 2608 534 2629 non
547 2601 654 2633 venisti,
667 2601 729 2636 quia
743 2600 820 2628 nobis
831 2599 950 2627 infensus

152 2651 246 2679 esses;
266 2646 435 2674 contrarium
459 2646 587 2680 ostendit,
610 2654 707 2681 nempe
726 2654 757 2674 se
780 2646 841 2673 ideo
857 2645 892 2673 ad
903 2652 951 2673 eos

153 2691 304 2724 profectum
317 2700 373 2719 non
386 2699 458 2726 esse,
479 2692 549 2727 quod
570 2699 618 2719 eos
636 2697 748 2719 amaret.
774 2691 842 2725 Quid
861 2695 951 2718 autem

155 2741 206 2772 est,
223 2737 364 2766 Puram?
385 2738 500 2773 Audivi,
526 2738 622 2773 inquit,
645 2738 788 2766 nonnullos
804 2746 864 2766 esse
880 2737 951 2774 apud

156 2791 205 2812 vos
217 2784 264 2820 qui
278 2789 402 2820 stuprum
421 2785 618 2819 perpetrarint;
634 2784 759 2820 noluique
768 2784 802 2811 ad
818 2792 867 2811 vos
881 2784 951 2812 veni-

155 2838 195 2867 re,
209 2839 244 2860 nc
255 2838 305 2859 vos
318 2831 346 2859 in
361 2838 505 2859 maerorem
516 2830 687 2867 conjiccrcm.
705 2830 800 2859 Coram
815 2831 886 2859 enim
900 2838 950 2860 ne-

1004 1180 1079 1200 cesse
1094 1173 1188 1202 fuisset
1200 1174 1304 1203 facinus
1315 1177 1479 1211 examinare,
1491 1182 1518 1205 et
1529 1178 1663 1207 vindicare
1674 1187 1705 1207 ac
1715 1181 1795 1215 puni-

1003 1225 1042 1250 re,
1057 1223 1136 1253 atque
1149 1219 1183 1248 de
1197 1221 1287 1248 multis
1302 1229 1396 1256 ptenas
1410 1230 1527 1251 sumere.
1542 1223 1633 1259 itaque
1643 1225 1726 1253 satius
1737 1233 1798 1254 esse

1002 1264 1065 1291 duxi
1090 1265 1196 1299 abesse,
1219 1273 1252 1294 ac
1271 1267 1464 1302 resipiscentite
1488 1269 1575 1297 locmn
1599 1271 1675 1299 vobis
1699 1280 1797 1300 conce-

1002 1309 1077 1343 dere,
1102 1319 1180 1346 quam
1197 1320 1316 1347 praesens
1331 1313 1432 1341 facinus
1448 1315 1549 1347 ulcisci,
1565 1317 1726 1352 graviusque
1741 1319 1796 1345 ira.

1001 1357 1050 1383 sei.
1068 1356 1172 1384 Etenim
1188 1358 1237 1386 sub
1249 1359 1369 1393 epistola:
1386 1360 1466 1388 finem
1480 1362 1598 1395 apertius
1620 1363 1690 1390 istud
1704 1363 1796 1391 decla-

1002 1402 1081 1435 ravit,
1095 1410 1155 1429 cuin
1169 1403 1236 1430 dixit
1252 1413 1258 1430 :
1275 1404 1369 1432 Timeo
1381 1410 1481 1437 autem,
1497 1406 1537 1434 Ne
1550 1408 1616 1441 forte
1627 1416 1685 1435 cum
1695 1417 1795 1444 venero,

1002 1448 1116 1476 Immiliet
1137 1458 1176 1477 me
1195 1450 1265 1478 Deus
1280 1452 1349 1487 apud
1368 1460 1412 1479 vos
1423 1473 1430 1486 ,
1444 1458 1467 1480 et
1480 1453 1578 1488 lugeant
1591 1455 1682 1482 multos
1708 1464 1739 1483 ea:
1753 1456 1796 1490 iis,

1001 1495 1045 1530 qui
1060 1500 1118 1522 ante
1128 1503 1304 1531 peccaverunt,
1317 1503 1338 1525 et
1351 1507 1401 1525 non
1421 1505 1524 1535 egerunt
1538 1501 1710 1535 ptenitcntiam
1720 1511 1797 1536 super

1001 1541 1163 1568 immunditia
1176 1548 1200 1569 et
1225 1544 1392 1578 fornicatione
1410 1553 1485 1580 quant
1500 1548 1613 1580 fecerunt
1627 1546 1665 1579 (2.
1677 1547 1736 1574 Cor.
1749 1549 1794 1576 12.

1001 1587 1059 1623 21).
1075 1588 1131 1616 Hoc
1146 1589 1224 1624 igitur
1237 1590 1281 1617 hic
1295 1597 1401 1626 quoque
1415 1592 1541 1625 ostendit,
1558 1598 1638 1627 atque
1650 1592 1675 1620 id
1688 1593 1796 1628 quidem

1002 1632 1120 1668 profert,
1138 1638 1276 1670 tamquam
1290 1643 1320 1663 se
1340 1643 1486 1670 excusans,
1501 1645 1548 1664 cos
1575 1645 1639 1665 vero
1665 1640 1797 1668 acerrime

1002 1680 1158 1714 perstringit
1168 1688 1199 1707 ac
1209 1685 1301 1708 terret.
1313 1680 1359 1708 llis
1370 1682 1442 1709 enim
1458 1683 1547 1710 verbis
1559 1684 1735 1719 significavit,
1749 1693 1796 1713 eos

1002 1733 1087 1759 ptenze
1099 1725 1231 1753 obnoxios
1241 1733 1312 1760 esse,
1323 1732 1402 1762 atque
1415 1728 1483 1755 adeo
1493 1728 1548 1756 fore
1559 1734 1588 1756 ut
1598 1729 1686 1757 acerbi
1696 1731 1796 1765 aliquid

1001 1771 1145 1806 patiantur,
1159 1772 1415 1807 nisiquamprimum
1427 1774 1614 1802 emendentur.
1624 1776 1702 1809 Quod
1715 1777 1796 1804 etiam

1002 1816 1087 1850 ipsum
1102 1824 1193 1843 rursus
1204 1817 1236 1844 ad
1248 1817 1367 1852 epistola:
1376 1819 1477 1846 calcem
1488 1820 1536 1852 ait,
1556 1819 1586 1847 Si
1598 1829 1684 1848 rursus
1693 1830 1794 1856 renero,

1001 1870 1052 1888 non
1066 1870 1179 1896 parcam.
1196 1861 1329 1890 Ctelerum
1345 1863 1399 1891 illic
1413 1865 1533 1899 apertius
1557 1865 1627 1892 istud
1648 1867 1771 1901 exprimit
1785 1875 1794 1900 ;

1002 1908 1045 1935 hic
1059 1912 1160 1938 autem,
1184 1909 1310 1943 quoniam
1327 1909 1431 1936 initium
1453 1910 1588 1938 scribendi
1604 1910 1726 1946 faciebat,
1741 1920 1794 1940 non

1002 1953 1037 1979 ita
1050 1953 1099 1980 hoc
1114 1953 1188 1986 dicit,
1206 1953 1254 1981 scd
1263 1954 1423 1982 submissius
1435 1963 1442 1981 :
1454 1962 1486 1983 ac
1501 1963 1534 1983 ne
1550 1955 1601 1984 hoc
1609 1957 1716 1992 quidem
1730 1965 1795 1985 con-

1002 2003 1101 2030 tentus,
1116 1998 1142 2025 id
1157 2006 1264 2034 quoque
1277 1999 1363 2034 ipsum
1380 2007 1474 2028 rursus
1487 2001 1600 2036 mitigat,
1611 2009 1642 2029 ac
1649 2003 1794 2030 correctio-

1002 2051 1035 2071 ne
1047 2043 1161 2079 quadam
1174 2044 1265 2071 utitur.
1278 2045 1345 2077 Quia
1353 2045 1423 2072 enim
1436 2045 1487 2073 ltoc
1496 2046 1597 2074 dictum
1610 2047 1725 2074 hominis
1733 2055 1794 2076 esse

1001 2090 1138 2117 videbatur
1151 2090 1221 2117 haud
1232 2097 1339 2125 parvam
1352 2092 1537 2120 auctoritatem
1551 2100 1605 2128 prae
1618 2100 1647 2121 se
1660 2094 1789 2127 ferentis;

1002 2135 1035 2163 iis
1047 2137 1118 2163 enini
1135 2137 1219 2171 parcit
1232 2137 1329 2172 aliquis
1342 2158 1349 2170 ,
1364 2137 1390 2164 in
1406 2144 1473 2173 quos
1486 2145 1535 2166 suo
1546 2138 1607 2173 jure
1620 2134 1792 2167 animadver-

1003 2187 1060 2210 tere
1074 2187 1179 2217 potest;
1195 2182 1296 2210 idcirco
1320 2183 1385 2210 illud
1400 2184 1544 2218 molliens,
1569 2188 1650 2219 atque
1664 2184 1700 2219 id,
1724 2185 1795 2221 quod

1002 2229 1119 2263 speciem
1142 2229 1296 2263 asperitatis
1320 2229 1446 2263 habebat,
1473 2229 1648 2265 adumbratis,
1671 2231 1710 2258 ait
1726 2241 1732 2259 :
1748 2233 1795 2261 24.

1003 2273 1065 2301 Non
1080 2274 1142 2309 quia
1153 2274 1315 2301 dominamur
1337 2275 1398 2309 ﬁdei
1419 2280 1516 2303 vestrm.
1533 2275 1602 2305 Hoc
1618 2281 1670 2310 est,
1681 2276 1740 2305 Non
1755 2277 1796 2304 id-

1002 2321 1074 2348 circo
1087 2321 1140 2348 dixi
1153 2328 1206 2355 me,
1221 2327 1250 2348 ut
1262 2321 1339 2349 vobis
1352 2321 1668 2356 parcerem,Corinthum
1679 2332 1733 2352 non
1746 2332 1797 2352 ve-

1003 2368 1085 2401 nissc,
1097 2375 1128 2395 ac
1139 2368 1161 2395 si
1172 2368 1248 2395 vobis
1255 2367 1387 2396 dominer.
1398 2368 1453 2397 Nec
1461 2369 1538 2402 dixit,
1549 2370 1641 2405 Vobis,
1651 2371 1710 2405 sed,
1723 2371 1795 2407 quod

1002 2414 1093 2442 mitius
1106 2421 1139 2442 ac
1151 2415 1239 2442 verius
1249 2419 1317 2447 erat,
1336 2414 1412 2442 Fidei
1420 2421 1508 2443 vestrae
1521 2424 1531 2444 :
1547 2425 1608 2444 nam
1622 2418 1734 2446 credere
1746 2427 1797 2446 no-

1003 2459 1101 2487 lentem
1113 2460 1172 2495 quis
1183 2461 1279 2496 estqui
1289 2468 1386 2496 cogere
1396 2462 1496 2497 queat?
1506 2461 1559 2489 Sed
1569 2462 1700 2498 adjutores
1709 2471 1798 2491 sumus

1002 2506 1092 2542 gaudii
1105 2507 1190 2534 vestri.
1204 2506 1347 2540 Quoniam,
1364 2507 1461 2542 inquit,
1477 2507 1604 2543 gaudium
1619 2513 1736 2536 vestrum
1752 2517 1798 2537 nos

1003 2555 1088 2579 strum
1102 2555 1154 2584 est,
1169 2551 1230 2580 ideo
1242 2559 1295 2579 non
1307 2552 1379 2585 veni,
1395 2560 1429 2580 ne
1439 2560 1487 2580 vos
1502 2553 1529 2581 in
1550 2561 1692 2582 maerorem
1710 2555 1796 2590 conji-

1003 2605 1093 2626 cerem
1109 2618 1117 2630 ,
1138 2602 1219 2632 atque
1241 2598 1277 2625 ita
1298 2605 1442 2626 maerorem
1469 2607 1558 2626 meum
1582 2607 1726 2635 augerem;
1749 2600 1798 2629 sed

1003 2644 1107 2678 'nansi,
1122 2648 1151 2671 ut
1164 2644 1245 2671 minis
1264 2645 1378 2672 correcti
1395 2645 1531 2673 lmtemini.
1547 2645 1641 2674 Omnia
1656 2648 1728 2675 enim
1748 2647 1798 2674 lae-

1006 2689 1070 2718 titia:
1086 2696 1182 2718 vestra:
1199 2697 1280 2718 causa
1292 2690 1415 2725 facimus,
1428 2695 1455 2719 et
1468 2691 1519 2719 hac
1531 2691 1558 2719 in
1572 2700 1601 2719 re
1615 2692 1732 2720 studium
1746 2700 1796 2728 po-

1005 2737 1108 2770 nimus,
1124 2737 1185 2772 quia
1211 2737 1283 2765 illam
1310 2737 1449 2766 vobiscum
1472 2745 1641 2766 communem
1657 2739 1797 2766 habemus.

1005 2782 1077 2810 Nam
1086 2782 1138 2817 ﬁde
1149 2783 1230 2810 statis.
1244 2782 1310 2810 Vide
1333 2791 1387 2818 quo
1400 2788 1480 2819 pacto
1492 2791 1598 2811 rursum
1612 2783 1744 2811 submisse
1758 2784 1798 2810 lo-

1004 2834 1102 2866 quatur
1116 2837 1124 2857 :
1153 2834 1261 2858 veretur
1269 2830 1341 2858 enim
1356 2830 1454 2858 iterum
1469 2837 1516 2859 eos
1529 2831 1717 2866 perstringere,
1732 2836 1798 2866 quo-
