2021 3117
199 132 253 163 ιιι)

198 190 271 218 niam
285 188 313 217 in
325 186 415 224 priore
424 184 538 222 epistola
551 183 725 212 vehementer
736 180 809 215 ipsos
828 178 986 210 incesserat,

198 241 232 264 ac
248 223 461 270 resipiscentiam
481 229 623 266 quamdam
636 227 824 256 exhibuerant.
836 225 924 259 Atque
939 223 989 270 boc

198 289 296 311 eorum
304 269 416 308 animos
430 278 621 306 subversurum
635 278 704 305 erat.
718 273 752 305 si,
771 279 832 300 cum
847 270 880 297 ad
893 269 989 297 melio-

198 336 256 356 rem
266 326 368 362 frugem
383 332 413 352 se
425 322 634 353 convenissent,
646 318 768 347 eamdem
777 315 989 352 obiurgationem

198 360 341 402 subiissent
347 392 353 398 .
359 370 420 398 Ideo
426 369 483 396 haec
488 366 600 402 epistola
608 365 746 400 superiore
755 363 839 390 multo
846 360 931 388 lenior
937 363 987 387 est.

199 419 276 454 (Cap.
287 419 297 446 l
306 418 342 454 ι.)
351 417 376 444 i.
389 415 474 443 Statui
482 419 567 440 autent
576 412 623 439 hoc
631 412 714 446 ipsum
724 409 793 445 apud
803 415 852 440 me,
861 414 891 434 ne
899 407 991 454 iterum

199 453 225 492 in
235 464 336 491 tristitia
344 462 452 489 uenirem
461 460 495 487 ad
502 468 556 487 vos.
570 458 636 487 Cum
646 457 692 490 ait,
712 457 820 487 lterum,
832 453 949 482 ostendit
962 459 992 479 se

198 511 252 545 iatn
267 509 301 536 ab
318 508 373 536 illis
386 514 502 535 moerere
517 506 641 533 affectum
657 503 739 530 fuisse
753 508 887 535 :cumque
899 506 928 526 se
943 506 991 526 ex-

199 544 296 585 cusare
311 555 426 586 videtur,
442 561 490 582 eos
505 553 585 579 tacite
603 550 767 586 perstringit.
783 547 849 576 Nam
862 546 886 574 si
897 546 952 581 iam
966 544 991 572 ei

203 609 347 630 maerorem
359 600 513 631 attulerant,
526 605 557 625 ac
567 604 661 625 rursus
675 594 779 622 allaturi
791 596 878 624 erant,
891 590 993 625 cogites

202 648 284 675 \clim
314 651 432 681 quantus
453 651 553 672 mmror
578 642 662 678 ipsius
685 638 868 668 verisimiliter
890 637 994 663 futurus

202 698 271 721 erat.
288 680 389 720 Verum
403 691 453 718 lloc
469 698 521 717 non
546 688 619 720 dicit,
635 686 705 722 quod
729 683 855 712 maestitia
880 681 914 709 ab
929 680 994 715 ipsis

202 739 315 766 affectus
329 738 374 768 sit,
393 736 439 763 sed
451 735 504 762 alio
516 733 596 761 modo
607 733 729 766 loquens,
742 730 793 757 hoc
807 729 892 763 ipsum
909 725 995 753 innuit

203 786 292 820 aitque
307 782 467 817 :Propterea
481 788 534 808 non
549 779 620 812 veni,
630 786 663 805 ne
675 784 721 804 vos
732 781 848 803 mmrore
861 772 994 820 afﬁciet-IIII:

204 816 274 866 quod
288 816 410 856 eamdem
422 826 529 862 quidem
547 825 600 851 vim
614 823 695 850 habet
706 827 787 856 atque
800 820 826 866 id
841 818 912 866 quod
928 816 993 848 dixi,

206 863 369 910 arquioribus
388 878 477 899 autem
493 870 588 898 animis
602 868 747 903 excipitur.
762 865 789 893 ‘l.
806 865 836 893 Si
862 863 929 891 enim
951 869 996 897 ego

205 909 327 949 contristo
346 928 400 953 nos,
419 918 511 953 etquis
529 922 565 944 est
578 916 620 951 qui
634 923 673 942 me
692 914 813 948 ltetificet,
839 911 890 939 nisi
909 911 930 938 is
953 909 997 944 qui

206 968 369 994 contristatur
381 973 412 992 ea:
428 964 488 991 me?
502 964 630 997 Quamam
646 961 704 988 lucc
718 958 908 993 consequentia
935 955 996 984 est?

207 1015 319 1041 Maxima
332 1017 404 1040 certe
420 1019 427 1038 :
449 1011 489 1038 sic
503 1010 574 1038 enim
589 1008 738 1037 considera.
754 1005 842 1038 Nolui,
855 1004 950 1039 inquit.
964 1002 998 1030 ad

207 1067 254 1087 vos
267 1058 410 1094 proficisci,
425 1065 459 1084 ne
471 1063 517 1083 vos
530 1055 644 1090 amplius
655 1053 823 1084 contristent,
842 1050 996 1085 obiurgans,

207 1105 416 1137 excandescens,
428 1109 566 1130 arersans.
577 1099 688 1132 Deinde,
697 1099 823 1134 quoniatn
836 1097 886 1123 hoc
893 1102 1000 1131 quoque

208 1159 288 1187 grave
305 1155 380 1183 erat,
395 1155 474 1184 atque
488 1149 608 1183 ipsorum
622 1146 820 1174 accusationem
836 1143 999 1178 complecte-

209 1198 296 1229 batur,
312 1197 333 1223 si
347 1195 453 1232 quidem
465 1194 501 1222 ita
516 1194 646 1225 viverent,
662 1196 689 1219 ut
700 1191 809 1218 Paulum
821 1189 947 1217 maestitia
959 1187 1000 1215 af-

210 1245 330 1274 ticerenl,
357 1240 553 1270 correctimtem
568 1238 687 1270 adhibet,
704 1236 794 1271 aitque
808 1245 815 1262 :
831 1234 860 1262 Si
873 1235 939 1261 enim
954 1240 1000 1268 ego

210 1288 330 1316 contristo
348 1295 403 1320 vos,
423 1291 445 1313 et
460 1285 516 1321 quis
540 1289 576 1311 est
590 1284 632 1319 qui
648 1291 687 1310 me
699 1282 820 1316 lteli/icet,
840 1281 889 1307 nisi
915 1280 936 1307 is
957 1279 1002 1314 qui

210 1336 372 1362 contristatur
388 1341 418 1360 ea.
430 1332 488 1359 me?
503 1331 603 1359 Horum
617 1334 706 1357 autem
723 1328 865 1356 verborum
882 1326 926 1354 hic
940 1333 1002 1352 sen-

211 1390 256 1409 sus
269 1387 310 1409 est
327 1390 333 1407 :
348 1380 416 1415 quod
431 1379 453 1406 si
467 1378 547 1405 etiam
564 1377 680 1404 futurum
706 1379 787 1406 (.‘Ssel,
814 1379 843 1401 ιιι
865 1373 891 1400 in
907 1372 1002 1400 dolore

212 1434 346 1459 versarer,
358 1426 422 1453 dum
435 1425 539 1452 scilicet
558 1431 607 1450 vos
622 1423 763 1457 obiurgare
786 1428 817 1448 ac
832 1424 943 1448 maestos
962 1419 1002 1446 vi-

211 1473 276 1500 dere
289 1479 400 1507 cogerer
415 1480 421 1499 :
436 1474 463 1497 at
475 1477 509 1498 ex
524 1470 574 1496 hoc
585 1475 691 1504 quoque
705 1468 763 1502 ipso
779 1466 941 1501 voluptatem
954 1472 1000 1492 ca-

212 1528 313 1556 perem.
329 1518 472 1546 Maximum
488 1517 558 1544 enim
572 1517 623 1543 hoc
638 1515 737 1542 amoris
751 1519 938 1549 argumentum
949 1516 1000 1544 est,

214 1566 280 1593 tanti
301 1573 344 1592 me
359 1573 373 1592 a
388 1564 462 1591 vobis
478 1563 571 1598 pendi,
589 1567 617 1589 ut
630 1561 735 1589 animos
759 1565 864 1588 vestros
878 1559 1002 1586 mordere

212 1619 318 1647 queam,
335 1611 397 1638 dum
411 1617 458 1637 vos
473 1616 592 1637 aversor.

247 1657 272 1684 2.
297 1656 372 1683 Pauli
387 1655 627 1690 prudentia—Ac
651 1653 711 1680 vide
732 1652 909 1688 prudentiam.
936 1650 1002 1678 Nam

213 1704 284 1740 quod
298 1704 322 1730 in
339 1710 413 1730 more
432 1701 622 1736 diseipulorutn
637 1699 751 1734 positum
765 1704 816 1731 est,
839 1704 868 1726 ut
894 1697 1004 1725 doleant

214 1755 295 1784 atque
306 1757 376 1783 εδει-ε
392 1748 477 1775 ferant
490 1755 549 1774 ctttn
560 1745 742 1780 objurganttlr,
755 1745 794 1772 sic
803 1749 891 1771 tamen
905 1752 950 1770 eos
965 1744 1004 1770 itt-

215 1795 307 1828 ducit,
324 1799 458 1828 tamquam
474 1793 523 1819 hac
537 1793 562 1819 in
579 1800 608 1819 re
622 1792 671 1827 ipsi
695 1791 898 1826 gratificentur:
912 1790 1004 1824 Neque

215 1841 296 1872 enim,
314 1840 410 1875 inquit,
425 1847 467 1866 me
482 1838 614 1874 quispiam
640 1836 750 1872 perinde
762 1836 894 1864 exliilarat
915 1841 944 1863 ut
960 1836 1004 1863 ille

215 1888 260 1923 qni
274 1887 353 1914 verba
365 1894 423 1913 mea
439 1890 524 1917 curat,
538 1892 570 1912 ac
581 1884 758 1911 discruciatur
769 1891 829 1910 eum
845 1890 887 1910 me
908 1883 1004 1910 irattun

215 1933 311 1961 cernit.
327 1932 359 1959 Et
373 1931 480 1967 quidem
496 1935 705 1958 consentaneum
720 1935 777 1957 erat
792 1935 819 1957 ut
838 1930 941 1958 diceret
954 1939 961 1957 :
976 1930 1005 1957 Si

215 1980 286 2006 enim
297 1986 347 2013 ego
356 1977 486 2005 contristo
499 1984 556 2009 vos,
569 1977 662 2011 ecquis
676 1981 718 2003 est
733 1977 776 2010 qui
793 1976 911 2003 ltetitiam
929 1976 1005 2003 vobis

216 2025 314 2051 afferre
326 2023 427 2059 possit?
442 2027 468 2049 at
484 2023 534 2049 hoc
548 2027 636 2049 tamen
653 2029 705 2048 non
719 2021 799 2054 dicit,
811 2021 857 2048 sed
874 2021 899 2048 id
913 2029 1006 2048 rursus

215 2070 333 2101 invertit,
350 2076 397 2096 eos
419 2068 544 2095 videlicet
558 2068 700 2099 deﬁniens,
714 2075 745 2094 ac
760 2067 851 2094 dicens
870 2075 877 2093 :
894 2067 1005 2094 Etiamsi

215 2124 262 2143 vos
278 2116 398 2142 molestia
412 2114 514 2145 afﬁcio,
531 2114 558 2141 in
569 2114 621 2141 hoc
637 2119 724 2140 tamen
740 2114 886 2140 maximum
900 2121 914 2140 a
930 2113 1005 2140 vobis

217 2162 375 2189 betteﬁciutn
386 2161 474 2195 capio,
489 2159 559 2194 quod
571 2159 739 2186 sermonibus
752 2160 817 2186 meis
827 2160 908 2186 anitni
925 2160 1005 2186 vestri

216 2209 441 2244 perstringantur.
465 2206 492 2233 5.
519 2205 619 2231 Etenim
642 2205 688 2231 hoc
710 2205 793 2240 ipsum
818 2205 907 2239 scripsi
927 2205 1004 2232 vobis.

216 2253 369 2288 Quidnam?
393 2252 469 2286 Quod
485 2256 512 2278 ut
527 2252 602 2278 vobis
616 2258 769 2286 parcerem,
796 2260 848 2278 non
875 2252 1004 2278 venerim.

216 2299 329 2334 Quando
343 2304 431 2326 autent
449 2299 474 2326 id
497 2298 651 2325 scribebat?
670 2306 703 2324 an
726 2298 751 2324 in
773 2299 862 2333 priore
881 2299 1005 2332 epistola,

216 2355 278 2375 cum
294 2346 398 2373 dicebat
414 2354 421 2372 :
436 2344 505 2371 Nolo
525 2349 608 2371 autem
622 2353 688 2371 nunc
701 2352 743 2370 vos
757 2344 783 2371 in
798 2345 904 2371 transitu
924 2345 1007 2371 videre

217 2394 256 2428 (l.
272 2393 332 2420 Cor.
346 2392 390 2420 l6.
402 2392 450 2426 7)?
464 2391 522 2418 Non
537 2391 655 2426 quidem,
673 2396 701 2418 ut
715 2391 827 2425 opinor,
857 2390 904 2418 scd
921 2391 946 2417 in
958 2399 1004 2419 ea-

217 2440 278 2467 dem
293 2438 404 2473 epistola
420 2458 427 2469 ,
455 2445 514 2464 cum
529 2437 631 2464 diceret
647 2445 654 2463 :
673 2436 713 2463 Ne
725 2445 782 2463 cum
796 2444 883 2463 venero
899 2445 986 2464 rursus
997 2458 1004 2469 ,

217 2485 330 2513 humiliet
346 2493 385 2510 me
399 2483 466 2510 Deus
491 2483 560 2519 apud
574 2492 616 2510 vos
636 2483 674 2518 (2.
691 2483 750 2510 Cor.
774 2483 818 2510 12.
834 2483 891 2518 21).
906 2483 1005 2518 Scripsi

217 2540 291 2568 ergo,
308 2532 411 2567 inquit,
430 2532 455 2558 in
471 2531 523 2558 line
539 2530 676 2565 epistolam
694 2529 734 2556 Ne
758 2532 822 2565 forte
841 2538 898 2557 cum
919 2538 1006 2556 venero

217 2578 332 2604 Imittiliet
352 2585 392 2604 me
417 2575 504 2609 Deus,
526 2581 547 2602 et
568 2576 667 2611 lugeam
680 2575 772 2601 multas
785 2583 816 2602 ex
830 2575 862 2601 iis
884 2576 928 2610 qui
948 2580 1006 2602 ante

218 2627 391 2658 peccaverunt.
408 2622 462 2649 Cur
477 2627 564 2648 autent
578 2621 736 2648 scribebas?
758 2619 791 2647 Ut
806 2629 855 2646 non
867 2629 923 2646 cum
938 2628 1006 2647 vene-

215 2677 255 2702 ro,
277 2669 403 2696 tristitiam
418 2667 523 2694 habeam
537 2667 567 2693 de
583 2667 624 2698 iis,
642 2666 674 2693 de
694 2667 782 2700 quibus
797 2671 944 2701 oportuerat
966 2675 1006 2693 me

216 2715 348 2750 gaudere:
362 2714 492 2748 con/idem
514 2714 540 2739 in
566 2713 680 2739 ontnibus
701 2712 768 2739 nobis
780 2731 788 2743 ,
802 2713 860 2746 quia
883 2712 1006 2747 gaudium

216 2769 298 2788 meum
312 2761 425 2788 omnium
445 2764 554 2786 vestrum
566 2763 611 2784 est.
626 2758 691 2792 Quia
704 2758 774 2785 enini
789 2757 896 2784 dixerat
909 2758 1005 2793 volup-

216 2812 269 2835 tate
282 2815 311 2835 se
323 2806 404 2838 afﬁci,
419 2813 478 2833 cum
491 2804 539 2839 ipsi
553 2809 714 2839 angerentur
726 2825 733 2837 ,
750 2809 829 2840 atque
844 2803 895 2830 hoc
918 2805 1005 2832 adhuc

216 2854 336 2890 asperius
345 2851 566 2888 arrogantiusqne
581 2849 663 2878 videri
679 2854 794 2885 poterat,
808 2849 833 2877 id
848 2857 940 2877 rursus
950 2850 1003 2877 alio

569 125 598 154 S.
618 122 758 154 .IOANNIS
773 116 1016 149 CIIRYSOSTOMI
1035 116 1193 146 ARCHIEP.
1209 114 1473 145 CONSTANTINOP.

1780 110 1833 139 ιω

1043 176 1124 204 modo
1137 176 1264 209 invenit,
1276 182 1308 202 ac
1321 182 1369 210 per
1381 182 1424 208 ea,
1447 181 1508 209 quae
1521 172 1668 208 subiunxit,
1689 171 1834 208 mitigavit.

1042 222 1106 251 Ideo
1131 222 1215 255 enim,
1227 222 1323 257 inquit,
1337 221 1411 256 prius
1426 220 1459 248 ad
1471 227 1519 248 vos
1532 219 1648 255 scripsi,
1672 226 1707 247 ne
1733 218 1835 246 dolenti

1041 267 1133 295 animo
1147 275 1194 295 vos
1206 267 1340 295 inveniam
1354 275 1406 295 non
1418 271 1565 294 correctos.
1577 265 1619 293 οι)
1633 265 1712 300 idque
1722 265 1789 298 dixi,
1800 264 1837 293 Ut

1041 321 1092 340 non
1105 316 1252 346 contrister;
1268 320 1320 340 non
1334 312 1406 348 quod
1418 312 1469 339 hac
1483 313 1509 339 in
1520 320 1550 339 re
1560 311 1731 340 commodum
1746 317 1837 338 meum

1042 364 1172 394 spectem,
1190 358 1237 386 sed
1253 363 1382 386 vestrum.
1397 357 1461 386 Scio
1482 358 1554 386 enim
1570 365 1628 391 vos,
1652 365 1713 384 cum
1728 364 1772 384 me
1788 355 1837 383 lte-

1044 412 1097 433 tum
1110 405 1228 438 cernitis,
1245 405 1321 433 laetos
1334 412 1439 440 quoque
1452 411 1528 437 esse;
1549 411 1609 431 cum
1621 403 1757 431 dolentem
1772 410 1840 430 con-

1043 452 1155 486 spicitis,
1165 452 1191 479 in
1200 452 1292 479 dolore
1301 452 1381 479 etiam
1388 451 1497 479 versari.
1510 450 1576 478 Vide
1590 451 1670 485 igitur
1678 458 1771 477 rursus
1784 457 1840 486 quo

1045 503 1135 534 pacto,
1151 506 1211 534 quas
1224 498 1295 526 dicta
1309 502 1382 530 sunt,
1394 497 1462 524 inter
1473 505 1503 525 se
1514 496 1668 524 coluereant
1681 504 1688 522 :
1705 496 1744 524 sic
1753 496 1839 529 enim,

1045 545 1108 580 quid
1125 544 1222 572 Paulus
1234 544 1314 576 dicat,
1329 543 1431 571 facilius
1446 543 1583 570 intellecttt
1600 550 1783 576 assequemur.
1800 542 1841 569 ld-

1045 591 1127 622 circo,
1143 590 1240 624 inquit,
1257 597 1310 616 non
1324 589 1396 622 veni,
1412 597 1448 616 ne
1459 596 1508 616 vos
1523 595 1641 616 maerore
1651 580 1798 620 afﬁcerem,
1816 588 1840 615 si

1047 638 1211 665 incorreclos
1226 636 1408 664 offendissem.
1431 636 1488 663 Hoc
1506 641 1595 663 autem
1621 642 1674 662 non
1691 642 1766 667 mea,
1792 634 1840 661 sed

1047 690 1136 712 vestra
1151 691 1232 711 causa
1246 683 1388 711 faciebam.
1405 683 1461 718 Ego
1474 683 1546 710 enim
1560 689 1594 710 ex
1614 687 1705 709 vestro
1722 689 1841 709 moerere

1049 731 1118 758 haud
1137 738 1245 765 parvam
1260 729 1424 764 voluptatem
1436 729 1524 763 capio,
1541 736 1602 756 cum
1615 736 1657 756 me
1671 728 1747 755 vobis
1759 733 1841 755 tantae

1048 784 1120 804 curae
1132 784 1193 804 esse
1208 783 1301 808 cerno,
1318 780 1347 803 ut
1359 776 1440 803 etiam
1452 775 1478 802 in
1490 782 1606 803 mcerore
1621 783 1652 802 ac
1665 775 1760 802 dolore
1769 775 1841 809 sitis,

1048 830 1109 850 cum
1128 822 1312 857 indignatione
1326 821 1430 849 afﬁcior
1444 831 1451 849 ε
1469 822 1532 855 Quis
1540 822 1605 848 enim
1618 826 1654 849 est
1664 822 1708 856 qui
1717 829 1757 849 me
1769 821 1843 849 exhi-

1048 869 1123 900 laret,
1137 869 1187 895 nisi
1197 868 1241 902 qui
1250 875 1281 895 eo:
1290 875 1330 894 me
1341 867 1524 894 contristatur?
1538 867 1638 895 Tamen
1650 867 1773 902 quamvis
1783 866 1842 894 ani-

1049 921 1093 941 mo
1108 913 1143 941 ita
1155 913 1315 941 constitutus
1330 913 1392 946 sim,
1414 913 1539 948 quoniam
1554 912 1636 940 vestri
1651 913 1781 940 rationem
1792 913 1842 940 Ita-

1050 960 1113 991 beo.
1128 960 1179 987 hoc
1191 960 1277 995 ipsum
1293 959 1326 987 ad
1339 967 1388 987 vos
1402 959 1515 994 scripsi,
1530 964 1559 987 ut
1578 967 1613 987 ne
1631 959 1777 987 contrister
1791 968 1798 986 :
1815 959 1841 986 in

1050 1005 1102 1033 hoc
1116 1013 1223 1040 quoque
1236 1013 1328 1033 rursus
1342 1013 1395 1032 non
1411 1013 1511 1037 meum,
1526 1005 1573 1032 sed
1589 1011 1707 1032 vestrum
1722 1012 1844 1032 commoo

1051 1053 1114 1080 dum
1127 1058 1262 1088 spectans.
1280 1052 1372 1087 Neque
1382 1052 1454 1079 enim
1469 1060 1512 1079 me
1528 1051 1603 1087 fugit,
1616 1052 1680 1086 quin
1695 1059 1726 1079 ea
1742 1059 1785 1079 res
1795 1059 1844 1078 vo-

1051 1098 1092 1126 bis
1106 1099 1215 1126 mcerori
1231 1098 1318 1125 futura
1331 1098 1376 1132 sit,
1392 1098 1414 1125 si
1429 1097 1565 1125 dolentem
1587 1105 1631 1125 me
1651 1097 1770 1126 videritis
1785 1106 1792 1125 :
1815 1102 1845 1125 ut

1051 1150 1144 1173 contra
1160 1145 1269 1178 laetitiae,
1285 1145 1308 1172 si
1324 1152 1367 1172 me
1383 1144 1473 1171 la‘tum
1487 1145 1691 1179 conspexeritis.
1708 1144 1775 1172 Vide
1794 1145 1845 1172 ita-

1052 1199 1105 1226 que
1119 1191 1287 1226 prudentiam
1301 1199 1307 1217 :
1323 1190 1438 1222 dixerat,
1455 1190 1516 1218 Non
1540 1191 1605 1224 ueni,
1622 1195 1651 1218 ut
1666 1199 1699 1218 ne
1715 1198 1763 1218 vos
1779 1199 1846 1218 con-

1053 1239 1161 1271 trister;
1182 1242 1209 1265 et
1226 1243 1313 1265 tamen
1338 1237 1451 1272 gaudeo,
1468 1237 1563 1272 inquit.
1579 1236 1690 1269 Deinde,
1705 1244 1738 1264 ne
1751 1245 1784 1265 ex
1798 1244 1846 1265 co-

1053 1292 1113 1312 rum
1129 1284 1224 1312 dolore
1239 1284 1402 1318 voluptatem
1426 1283 1477 1310 sibi
1501 1291 1561 1311 esse
1582 1283 1714 1321 videatur,
1730 1283 1757 1310 In
1781 1283 1844 1316 hoc,

1054 1330 1150 1366 inquit,
1167 1329 1280 1365 gaudeo,
1296 1328 1367 1365 quod
1383 1337 1429 1356 vos
1451 1329 1638 1365 perstringam.
1663 1329 1727 1356 Nam
1743 1329 1844 1364 alioqui

1053 1376 1213 1409 discrucior,
1236 1383 1296 1403 cum
1310 1383 1367 1408 eos,
1382 1383 1397 1402 a
1411 1376 1507 1410 quibus
1523 1380 1663 1411 tantopere
1677 1383 1763 1408 amor,
1787 1383 1846 1402 mo-
1866 1366 1870 1371 ’

1054 1423 1129 1450 lestia
1140 1422 1246 1449 allicere
1256 1429 1347 1457 cogor,
1355 1429 1408 1448 non
1422 1422 1456 1449 ob
1466 1421 1491 1448 id
1504 1425 1604 1448 tantum
1614 1421 1685 1456 quod
1694 1421 1845 1457 obiurgem,

1054 1460 1103 1496 sed
1113 1469 1147 1495 ob
1158 1467 1184 1495 id
1198 1468 1279 1496 etiam
1296 1467 1366 1503 quod
1381 1467 1438 1502 ipse
1452 1475 1558 1503 quoque
1573 1467 1598 1494 in
1614 1475 1730 1495 incerare
1741 1467 1803 1500 sim,
1815 1475 1846 1495 ac

1055 1515 1131 1542 vobis
1146 1522 1240 1542 rursus
1256 1515 1307 1542 hoc
1320 1515 1429 1542 nomine
1449 1522 1592 1542 maerorem
1614 1522 1761 1542 accersam.
1779 1515 1846 1542 Ani—

1055 1560 1193 1588 madverte
1217 1565 1308 1587 autem
1323 1567 1376 1594 quo
1395 1564 1473 1595 pacto
1498 1559 1568 1587 istud
1584 1561 1664 1587 etiam
1685 1568 1746 1587 cum
1767 1561 1846 1588 laude

1056 1613 1138 1643 ponat
1152 1606 1244 1634 dicens
1254 1627 1261 1639 ,
1284 1605 1323 1633 De
1335 1606 1424 1641 quibus
1439 1611 1585 1641 oportuerat
1599 1614 1638 1632 nte
1649 1607 1768 1641 gaudere.
1783 1606 1847 1634 Htec

1055 1653 1127 1681 euint
1141 1652 1223 1680 verba
1235 1651 1351 1679 hominis
1371 1655 1445 1685 sunt,
1462 1651 1641 1678 sinceritatem
1658 1657 1738 1686 atque
1754 1651 1847 1686 ingen-

1057 1705 1109 1727 tem
1136 1700 1237 1726 amoris
1263 1698 1386 1726 affectum
1414 1698 1582 1725 testiﬁcantis
1598 1707 1604 1724 :
1619 1706 1671 1725 non
1686 1705 1764 1726 secus
1777 1706 1810 1725 ac
1823 1698 1847 1726 si

1055 1747 1115 1780 quis
1128 1746 1161 1773 de
1171 1745 1241 1777 ﬁliis,
1255 1753 1321 1780 quos
1334 1745 1423 1772 multis
1437 1745 1573 1772 beneficiis
1588 1745 1729 1776 affecisset,
1742 1751 1769 1772 et
1779 1753 1846 1780 quo-

1056 1799 1115 1818 rum
1130 1799 1209 1818 causa
1224 1791 1366 1826 plurimum
1380 1791 1479 1818 laboris
1495 1791 1667 1826 suscepisset,
1679 1791 1847 1826 loqueretur.

1056 1838 1203 1871 Quocirca,
1234 1838 1328 1873 inquit,
1358 1839 1380 1865 si
1405 1837 1454 1864 hac
1478 1838 1581 1865 ratione
1607 1838 1712 1871 scribo,
1736 1845 1767 1865 ac
1794 1846 1847 1865 non

1059 1885 1137 1912 venio
1151 1905 1158 1917 ,
1185 1889 1213 1912 ut
1242 1884 1329 1919 magni
1352 1884 1451 1919 aliquid
1478 1892 1618 1919 procurem
1640 1893 1691 1912 non
1711 1885 1800 1918 venio,
1817 1893 1849 1912 ac

1058 1939 1110 1958 non
1136 1930 1205 1965 quod
1226 1938 1274 1958 vos
1300 1930 1403 1958 oderim
1426 1935 1504 1965 atque
1518 1938 1636 1963 averser,
1652 1931 1697 1958 sed
1711 1931 1781 1966 quod
1802 1932 1850 1959 ad-

1058 1977 1166 2004 modum
1178 1984 1278 2005 amem.
1290 1976 1391 2004 Deinde
1404 1976 1529 2011 quoniam
1543 1977 1714 2010 dixerat,Qui
1731 1985 1774 2004 me
1782 1985 1832 2004 con
1842 1992 1849 1997 -

1058 2023 1156 2055 tristat,
1179 2030 1222 2050 me
1243 2023 1379 2054 laetificat;
1393 2031 1427 2049 ne
1440 2023 1475 2050 illi
1492 2022 1624 2055 dicerent,
1642 2022 1759 2050 Iloccine
1771 2023 1849 2057 igitur

1059 2069 1104 2097 tibi
1122 2068 1210 2096 studio
1232 2073 1292 2100 est,
1307 2074 1336 2096 ut
1363 2068 1515 2101 ltrtiﬁceris,
1543 2073 1624 2102 atque
1644 2069 1767 2096 omnibus
1796 2070 1848 2096 vim

1059 2120 1132 2142 tuam
1147 2115 1284 2142 ostentes?
1297 2114 1357 2142 ideo
1374 2115 1521 2149 subiunxit,
1533 2116 1560 2142 4.
1574 2115 1642 2142 Nam
1655 2124 1686 2143 ex
1708 2117 1788 2144 multa
1802 2119 1849 2143 tri-

1059 2161 1186 2188 bulatione
1199 2166 1222 2188 et
1233 2161 1350 2196 angustia
1364 2162 1447 2188 cordis
1462 2162 1552 2196 scripsi
1566 2162 1633 2188 vobis
1647 2170 1691 2196 per
1705 2163 1796 2190 multas
1810 2163 1850 2189 la-

1058 2217 1166 2244 cryntas,
1183 2216 1234 2235 non
1245 2213 1270 2234 ut
1282 2208 1473 2239 contristentini,
1487 2207 1530 2234 sed
1545 2212 1571 2234 ut
1593 2208 1767 2250 sciati‘quatn
1781 2210 1849 2235 ctu-i-

1059 2260 1136 2281 tatcm
1150 2254 1255 2280 habeant
1269 2254 1436 2280 abundantius
1452 2262 1510 2289 erga
1525 2262 1576 2280 vos.

1096 2299 1173 2326 Pauli
1187 2308 1259 2326 amor
1277 2308 1336 2335 erga
1359 2296 1626 2334 discipulam—Quid
1642 2300 1690 2328 hac
1705 2301 1793 2328 anima
1817 2301 1850 2328 ad

1059 2347 1201 2374 amandum
1218 2346 1397 2381 propensius"
1420 2346 1539 2373 Ostendit
1553 2347 1624 2373 enim
1642 2355 1671 2374 se
1685 2355 1736 2374 non
1752 2348 1849 2381 minus,

1061 2393 1115 2419 imo
1129 2392 1208 2419 etiam
1226 2391 1309 2418 tnulto
1325 2392 1407 2425 magis
1420 2391 1538 2418 doluisse
1549 2412 1556 2422 ,
1573 2399 1651 2426 quam)
1669 2392 1704 2418 illi
1722 2393 1782 2426 ipsi.
1806 2393 1850 2427 qui

1060 2441 1247 2472 peccaverant.
1257 2437 1315 2464 Non
1330 2437 1400 2464 enitn
1417 2444 1450 2464 ex
1469 2437 1640 2464 tribulatione
1656 2442 1758 2464 tantum
1772 2438 1849 2471 dixit,

1059 2483 1117 2517 sed,
1131 2483 1276 2515 Exutulta;
1287 2490 1336 2509 nec
1347 2490 1392 2517 per
1403 2482 1534 2517 lacrymas
1545 2482 1641 2515 solum,
1654 2483 1711 2515 sed,
1721 2483 1772 2510 Per
1785 2485 1852 2510 mul-

1060 2533 1098 2555 tas
1122 2528 1246 2563 lacrymas
1272 2533 1294 2554 ct
1308 2528 1392 2555 cordis
1415 2529 1567 2563 angustiam.
1583 2528 1638 2555 Hoc
1651 2534 1709 2562 est,
1735 2529 1852 2558 Mterore

1062 2574 1226 2608 pt‘mfocabar
1237 2582 1268 2600 at.
1282 2573 1470 2607 strangulabar
1484 2581 1491 2600 :
1508 2581 1540 2601 ac
1554 2575 1669 2601 tristitia:
1685 2575 1783 2602 nubem
1795 2576 1866 2611 iam,

1061 2628 1113 2646 non
1129 2619 1229 2650 ferens,
1246 2626 1279 2646 as
1292 2626 1339 2646 vos
1353 2619 1463 2653 scripsi;
1481 2618 1541 2645 Non
1556 2625 1582 2645 ut
1596 2620 1788 2654 contristemini,
1813 2612 1864 2648 in?

1060 2665 1128 2700 qttit,
1142 2666 1185 2692 sed
1196 2670 1222 2691 ut
1235 2665 1367 2692 caritatem
1387 2673 1442 2691 eam
1456 2665 1575 2696 noscatis,
1592 2673 1668 2700 quam
1680 2665 1852 2694 abundantius

1060 2720 1119 2746 erga
1131 2719 1174 2738 vos
1192 2712 1280 2737 habeo.
1297 2711 1376 2745 Atqui
1389 2711 1520 2737 sermonis
1528 2711 1611 2738 series
1627 2711 1677 2739 hoc
1689 2712 1850 2746 postulabat,

1061 2762 1089 2784 ut
1104 2757 1216 2789 diceret,
1230 2756 1287 2784 Non
1304 2762 1332 2783 ut
1348 2757 1552 2788 contristetnini,
1565 2757 1611 2784 scd
1628 2763 1655 2783 ut
1669 2758 1849 2792 rcsipiscatts;

1060 2804 1159 2831 etenim
1174 2803 1222 2830 hac
1230 2803 1263 2831 de
1274 2811 1354 2831 causa
1369 2805 1512 2838 scripserat
1528 2810 1535 2830 :
1551 2805 1601 2831 hoc
1615 2809 1702 2830 tanton
1713 2812 1765 2830 non
1776 2804 1849 2836 dicit,

1061 2849 1120 2882 sed,
1142 2853 1170 2876 ut
1183 2849 1242 2885 plus
1257 2849 1396 2877 suavitatis
1416 2850 1531 2877 orationi
1546 2857 1600 2877 suae
1614 2849 1750 2883 conciliet,
1771 2853 1850 2884 atque
