1984 3126
90 5 315 12 4—4,

125 123 176 152 ιςο

123 181 252 210 καθίκετο
265 180 420 216 Ἐπιστολῇ,
432 181 480 207 καί
491 189 551 208 τινα
563 182 714 218 μεταϐολὴν
721 182 894 216 ἐπεδείξαντο
902 189 910 197 ·

123 232 169 258 καὶ
185 229 298 266 ἔμελλεν
313 230 411 263 αὐτοὺς
426 231 507 258 τοῦτο
518 232 690 268 ἀνατρέπειν,
707 233 731 259 εί
745 231 912 268 μεταὸαλλό-

125 287 201 315 μενοι
222 279 306 306 πάλιν
330 279 381 315 τὴν
408 279 493 316 αὐτὴν
520 281 681 316 ἐπιτίμησιν
701 281 845 316 ὑπέμενον.
867 280 913 307 Διὸ

124 326 214 362 πολλῷ
236 328 287 362 τῆς
304 327 441 363 προτέρας
459 328 625 365 ἡμερωτέρα
642 328 721 364 αὕτη.
739 330 862 363 Ἔκρινα
878 328 913 356 δὲ

123 374 240 410 ἐμαυτῷ
261 375 296 402 τὸ
306 375 350 410 μὴ
366 375 460 403 πάλιν
474 377 509 403 ἐν
521 377 604 412 λύπῃ
621 377 721 404 ἐλθεῖν
734 377 809 411 πρὸς
822 375 910 411 ὑμᾶς.

124 423 170 456 Τὸ,
184 423 292 456 Πάλιν,
310 423 430 451 δείκνυσι
443 424 490 451 καὶ
502 425 552 461 ήδη
569 425 722 460 λυπηθέντα
735 425 848 451 ἐκεῖθεν·
865 425 913 451 καί

123 471 208 499 δοκῶν
230 472 435 506 ἀπολογεῖσθαι,
465 472 540 508 [456]
558 473 708 508 λεληθότως
731 472 820 499 αὐτῶν
845 472 912 499 καθ-

124 521 250 548 άπτεται.
264 520 297 547 Et
312 520 341 547 δὲ
357 521 402 548 καὶ
412 521 464 557 ήδη
478 522 628 558 ἐλύπησαν,
643 522 690 549 καὶ
706 521 788 549 πάλιν
801 521 912 556 ἔμελλον

124 569 228 601 λυπεῖν,
246 569 373 605 ἐννόησον
389 570 454 605 ὅσην
474 570 548 602 είκὺς
569 570 695 605 γενέσθαι
712 570 761 606 τὴν
776 570 872 605 ἀηδίαν
886 575 910 596 α.

130 616 211 644 Ἀλλὰ
226 617 306 644 τοῦτο
326 617 376 653 μὲν
392 618 422 645 οὐ
441 618 526 653 λέγει,
551 618 593 645 ὅτι
613 618 793 653 Ἐλυπήσατε·
811 618 912 653 ἑτέρως

123 667 150 693 δὲ
166 666 307 702 μεθοδεύει
326 667 373 694 τὸν
391 667 470 702 λόγον
482 667 513 694 τὸ
531 667 597 693 αὐτὸ
612 666 691 693 τοῦτο
713 667 910 701 αἰνιττόμενος,

125 719 169 744 καὶ
185 718 285 752 λέγων,
299 718 341 745 ὃτι
355 718 404 745 Διὰ
416 717 495 744 τοῦτο
511 717 561 744 οὐκ
572 715 665 752 ἦλθον,
681 717 724 744 ἵνα
741 718 779 753 μὴ
798 717 913 753 λυπήσω

125 768 204 803 ὑμᾶς·
218 767 232 793 ὃ
249 767 298 803 τὴν
313 766 398 802 αὐτὴν
411 766 461 802 μὲν
477 767 553 802 ἰσχὺν
568 766 624 802 ἔχει
638 766 724 802 τούτῳ
738 764 759 800 ᾧ
772 764 859 800 εἷπον,
871 766 914 793 εὺ-

124 816 294 852 παράδεκτον
308 815 336 842 δὲ
349 815 448 850 μᾶλλόν
458 816 527 842 ἐστι.
542 816 577 842 El
590 814 646 849 γὰρ
658 814 715 849 ἐγὼ
726 814 812 841 λυπῶ
824 812 912 849 ὑμᾶς,

125 865 172 892 καί
189 865 235 894 τίς
249 864 335 891 ἐστιν
354 865 370 890 ό
388 864 557 898 εὐφραίνων
570 872 618 898 με,
634 864 660 890 εὶ
673 863 716 898 μὴ
739 865 755 890 ό
767 863 914 898 λυπούμε-

124 921 214 949 μενος
227 913 261 945 ἐξ
274 912 364 947 ὲμοῦ;
376 912 444 938 Ποία
458 912 528 947 αὕτη
541 912 705 945 ἀκολουθία;
723 912 846 948 Μεγίστη
864 913 913 947 μὲν

125 961 181 990 οὖν.
209 961 308 988 Σκόπει
332 960 371 987 δέ·
394 961 451 987 Οὐκ
468 960 599 995 ἠθέλησα,
616 961 708 995 φησὶν,
732 960 819 986 ἐλθεῖν
844 960 914 995 πρὸς

126 1011 207 1046 ὑμᾶς,
229 1010 273 1037 ἵνα
296 1009 334 1045 μὴ
351 1009 465 1045 λυπήσω
487 1009 558 1044 ὑμᾶς
574 1009 665 1042 πλέον,
684 1008 828 1044 ἐπιτιμῶν,
846 1008 914 1042 ἀγα.

125 1059 243 1091 νακτῶν,
255 1058 504 1094 ἀποστρεφόμενος.
517 1055 585 1084 Εἶτα
601 1058 695 1093 ἐπειδὴ
711 1058 758 1085 καὶ
771 1057 837 1084 αὐτὸ
848 1066 914 1092 σφο-

125 1107 186 1143 δρὸν
202 1106 249 1143 ἦν,
272 1107 321 1134 καὶ
337 1107 505 1142 κατηγορίαν
524 1106 614 1133 αὐτῶν
631 1104 713 1142 εἶχεν,
732 1106 758 1132 ετ
770 1114 803 1140 γε
827 1105 914 1138 οὕτως

127 1157 192 1189 ἔζων
207 1156 247 1189 ὡς
262 1156 369 1184 Παῦλον
383 1156 488 1188 λυπεῖν,
505 1155 692 1192 ὲπιδιορθώσει
702 1155 852 1191 χρώμενος,
863 1164 914 1191 φη-

127 1206 177 1232 σίν·
194 1207 230 1233 El
243 1205 298 1240 γὰρ
317 1205 374 1240 ἐγὼ
395 1204 481 1232 λυπῶ
494 1204 584 1239 ὑμᾶς,
604 1204 654 1231 καί
667 1205 713 1238 τίς
733 1205 816 1231 ἐστιν
834 1206 850 1231 ὁ
865 1206 913 1231 εὐ-

128 1256 261 1291 φραίνων
271 1264 321 1290 με,
335 1255 361 1281 εί
375 1253 418 1289 μὴ
437 1256 453 1281 ὀ
464 1255 657 1288 λυπούμενος
676 1254 710 1286 ἐξ
723 1253 796 1288 ἐμοῦ
806 1263 815 1286 ;
835 1255 867 1280 "O
885 1254 914 1280 δὲ

127 1303 211 1338 λέγει,
222 1302 345 1330 τοιοῦτόν
361 1303 446 1329 ἐστιν·
467 1302 498 1329 Εἰ
514 1302 542 1328 δὲ
555 1303 601 1328 καὶ
614 1303 643 1329 ὲν
658 1302 730 1338 λύπῃ
741 1302 853 1337 ἔμελλον
874 1299 914 1328 εἴ-

128 1361 181 1385 ναι,
195 1350 419 1386 ἀναγκαζόμενος
435 1351 499 1386 ὑμῖν
520 1351 652 1385 ἐπιτιμᾷν
674 1351 721 1377 καὶ
734 1351 799 1386 ὸρᾷν
815 1350 915 1377 λυπου--

129 1395 235 1436 μένους,
251 1400 309 1427 ἀλλ’
324 1400 398 1435 ὅμως
415 1399 462 1426 καὶ
475 1398 540 1425 αὐτὸ
559 1398 637 1425 τοῦτο
651 1398 784 1434 ηὖφραινέ
802 1407 844 1434 με.
859 1400 915 1425 Με-

126 1451 222 1486 γίστης
238 1450 295 1486 γὰρ
319 1449 400 1476 τοῦτο
423 1448 534 1484 ἀγάπης
558 1449 719 1484 τεκμήριον,
739 1448 769 1474 τὸ
787 1448 914 1475 τοσούτου

127 1498 190 1533 παρ’
206 1498 272 1533 ὑμῖν
287 1496 362 1529 ἄξιον
377 1494 448 1522 εἷναί
465 1504 509 1531 με,
529 1495 566 1527 ὡς
580 1495 708 1521 δύνασθαι
721 1494 829 1521 δάκνειν
844 1495 915 1530 ὑμᾶς

126 1544 377 1582 ἀποστρεφόμενον.

164 1647 195 1683 β’.
205 1648 261 1674 Καὶ
273 1648 326 1683 ὅρα
334 1647 490 1675 σύνεσιν.’¹0
504 1647 558 1683 γὰρ
566 1647 612 1675 τοῦ
624 1647 708 1683 νόμου
716 1647 771 1674 τῶν
787 1647 915 1683 μαθητῶν

124 1694 171 1732 ἦν,
184 1696 215 1724 τὺ
229 1696 325 1731 ἀλγεῖν
339 1697 386 1724 καὶ
400 1696 575 1723 αἰσθάνεσθαι
591 1696 823 1732 έπιτιμωμένους,
837 1697 915 1723 τοῦτο

125 1744 370 1781 ὡςχαριζομένους
380 1745 479 1776 αὐτοὺς
489 1745 604 1779 εἰσάγει.
617 1745 710 1776 Οὐδεὶς
720 1746 773 1781 γάρ
785 1754 818 1780 με
829 1744 915 1777 οὕτως

123 1794 280 1830 εὐφραίνει,
298 1793 392 1829 φησὶν,
405 1793 443 1825 ὡς
462 1793 568 1826 ἐκεῖνος
585 1794 599 1820 ὁ
610 1794 842 1829 ἐπιστρεφόμενος
860 1794 915 1821 τῶν

124 1843 201 1878 ἐμῶν
216 1843 358 1878 ῥημάτων,
373 1843 421 1869 καὶ
434 1842 604 1877 λυπούμενος
619 1844 682 1870 ὅταν
700 1843 786 1879 βλέπῃ
800 1852 832 1879 με
845 1844 916 1879 ὀργι-

121 1891 250 1927 ζόμενον.
262 1891 361 1918 Καίτοι
375 1891 405 1917 τὸ
419 1891 564 1918 ἀκόλουθον
584 1889 618 1927 ἦν
633 1892 728 1918 εἰπεῖν.
742 1892 772 1918 Εἰ
792 1893 847 1927 γὰρ
860 1892 915 1926 ἐγὼ

121 1939 206 1966 λυπῶ
218 1939 300 1974 ὑμᾶς,
311 1939 360 1965 καὶ
368 1939 409 1971 τίς
421 1940 494 1966 ἐστιν
503 1940 517 1965 ὀ
526 1939 672 1974 δυνάμενος
683 1940 755 1975 ὑμᾶς
765 1940 897 1975 εὐφρᾶναι
907 1949 914 1974 ;

120 1988 186 2014 ἀλλ’
210 1987 242 2014 οὐ
266 1988 341 2022 λέγει
369 1987 458 2020 τοῦτο,
477 1987 533 2014 ἀλλ’
549 1988 723 2022 ἀντιστρέφει
742 1989 821 2015 πάλιν
839 1989 914 2021 αὐτὸ,

120 2036 288 2070 θεραπεύων
300 2035 408 2068 αὐτοὺς,
422 2036 470 2063 καὶ
485 2036 581 2070 λέγων·
599 2037 630 2063 Εἰ
659 2038 705 2063 καὶ
735 2037 811 2063 λυπῶ
831 2038 914 2072 ὑμᾶς,

117 2085 208 2120 χάριν
220 2093 266 2120 μοι
279 2084 413 2120 παρέχετε
423 2086 474 2111 κάν
484 2085 570 2121 τούτῳ
583 2085 724 2121 μεγίστην,
735 2086 774 2112 ὅτι
786 2086 915 2113 δάκνεσθε

117 2132 182 2159 ὑπὸ
195 2133 250 2159 τῶν
269 2133 337 2168 παρ’
355 2132 422 2168 ἐμοῦ
446 2133 611 2168 λεγομένων.
641 2133 696 2160 Καὶ
719 2134 774 2168 γὰρ
798 2135 917 2169 ἔγραψα

115 2181 200 2216 ὑμῖν
211 2181 285 2208 αὐτὸ
303 2181 401 2208 τοῦτο.
419 2181 518 2214 Ποῖον;
535 2181 596 2208 Ὀτι
611 2181 655 2208 διά
668 2181 747 2208 τοῦτο
762 2183 811 2209 οὐκ
823 2181 914 2218 ἦλθον,

114 2230 287 2265 φειδόμενος
301 2229 388 2265 ὑμῶν.
403 2230 472 2256 Πότε
486 2229 622 2265 έγραφεν;
638 2230 666 2257 έν
676 2231 709 2266 τῇ
727 2231 858 2267 προτέρᾳ,
871 2231 916 2258 ὅτε

110 2279 231 2314 ἔλεγεν·
249 2279 291 2305 οὐ
304 2278 381 2305 θέλω
396 2277 472 2312 ὑμᾶς
487 2278 552 2312 ἄρτι
567 2278 603 2305 ἐν
616 2278 736 2313 παρόδῳ
752 2278 843 2310 wsb»;
858 2279 917 2306 Οὐκ

111 2328 215 2362 ἔγωγε
228 2325 318 2363 οἶμαι,
329 2326 386 2353 ἀλλ’
397 2328 425 2353 ἐν
437 2327 505 2362 αὐτῇ
517 2328 550 2362 τῇ
570 2326 725 2362 Ἐπιστολῇ,
735 2327 778 2353 ὅτε
785 2325 856 2355 εἶπε.
866 2327 915 2362 Μὴ

105 2376 255 2403 ἐλθόντα
268 2383 308 2410 με
322 2375 416 2402 πάλιν
441 2373 612 2408 ταπεινώσῃ
634 2375 651 2401 ό
669 2375 741 2408 Θεός
760 2384 818 2410 μου
840 2375 916 2410 πρὸς

109 2423 217 2459 ὑμᾶς.
248 2423 378 2458 Ἔγραψα
409 2420 456 2450 οὖν
478 2422 546 2449 αὐτὸ
568 2422 648 2449 τοῦτο
672 2423 740 2458 πρὸς
769 2423 808 2457 τῷ
832 2422 914 2456 τέλει,

108 2471 203 2507 φησί·
220 2470 269 2504 Μή
285 2479 348 2503 πως
358 2471 485 2498 ἐλθόντα
494 2479 532 2505 με
544 2470 714 2505 ταπεινώσῃ
726 2472 744 2497 d
760 2471 832 2504 Θδός
845 2479 915 2506 μου,

104 2520 168 2548 καὶ
185 2519 334 2552 πενθήσω
347 2519 484 2553 πολλοὺς
495 2519 556 2546 τῶν
573 2520 854 2555 προημαρτηκότων.
866 2519 917 2547 Διὰ

104 2571 136 2598 τί
155 2570 195 2598 δὲ
212 2569 347 2605 ἐγραφεςς
365 2569 432 2596 Ἵνα
444 2569 487 2603 μὴ
504 2569 602 2596 ἐλθὼν
613 2570 716 2603 λύπην
730 2569 797 2604 σχῶ
809 2570 859 2605 ἀφ’
873 2567 917 2598 ὧν

102 2620 180 2647 ἔδει
194 2627 238 2654 με
250 2619 377 2653 χαίρειν,
394 2618 543 2651 πεποιθὼς
558 2619 608 2646 ἐπὶ
625 2619 741 2652 πάντας
759 2619 847 2654 ὑμᾶς,
871 2619 917 2647 ὅτι

103 2670 128 2704 ἡ
142 2667 217 2704 ἐμὴ
237 2667 315 2702 χαρὰ
329 2667 449 2694 πάντων
466 2666 550 2703 ὑμῶν
567 2668 663 2696 ἐστιν.
687 2669 795 2704 Ἐπειδὴ
807 2668 862 2705 γὰρ
875 2667 916 2695 εί-

139 2782 156 2796 ⁸
172 2780 209 2804 In
223 2777 300 2804 editis
311 2777 458 2809 ιςεὶιυιῖῑήν
468 2777 551 2807 ἀδίαν,
568 2776 594 2801 in
614 2784 660 2809 [115.
673 2778 715 2806 τήν
726 2777 821 2808 ἄνοιαν,
840 2778 915 2803 male.

99 2810 197 2838 Savil.
215 2809 241 2834 in
253 2807 367 2840 margirie
381 2808 558 2841 aliamprql’en
568 2807 700 2841 lectionqm
711 2809 754 2841 ςι-ἣν
763 2809 918 2841 ἀηδίαν,(ιυκ³

98 2841 222 2875 optime
235 2838 362 2869 ιόηοοῑιοι,
372 2842 399 2864 et
409 2838 442 2865 ita
454 2838 518 2871 [egit
530 2840 654 2871 interpres
665 2838 775 2864 Latinus.

654 122 687 151 IN
705 123 815 152 EPIST.
837 123 858 152 ll
874 121 921 150 AD
938 121 1017 151 COB.
1039 124 1157 153 HOMIL.
1178 125 1221 154 IV.

1700 126 1752 156 £20

966 190 1027 215 πεν,
1053 183 1094 210 δτι
1112 184 1312 219 Εὑφραίνομαι,
1342 183 1497 219 ἀλγούντων
1525 183 1613 219 ὑμῶν,
1642 185 1689 212 καὶ
1711 187 1753 213 In

966 230 1162 267 αὐθαδέστερον
1181 232 1262 259 τοῦτο
1274 230 1309 268 ἦν
1327 233 1376 259 καὶ
1391 232 1570 268 τραχύτερον,
1587 233 1669 261 πάλιν
1687 233 1754 261 αὐτὸ

964 279 1132 315 ἀνέστρεψεν
1145 281 1257 316 ἑτέρως,
1271 281 1320 307 καὶ
1341 280 1517 316 ἡμερώτερον
1538 281 1605 308 αὐτὸ
1625 281 1754 317 εποίησεν

964 323 1005 358 οἷς
1015 328 1149 363 ἐπήγαγε.
1166 329 1217 355 Διά
1228 328 1308 356 τοῦτο
1322 329 1387 364 γὰρ,
1400 329 1479 365 φησὶ,
1497 329 1661 366 προέγραψα
1676 331 1752 366 ὑμῖν,

966 375 1008 402 ίνα
1032 377 1070 411 μὴ
1085 377 1114 403 ὲν
1130 376 1211 414 ὀδύνῃ
1226 378 1298 413 ὑμᾶς
1319 377 1392 414 εὕρω
1417 377 1455 414 μὴ
1471 378 1678 414 διορθωθέντας.
1704 379 1753 407 Διά

965 424 1044 451 τοῦτο
1060 422 1147 457 εἷπον,
1159 426 1226 453 ’Ἵνα
1238 426 1282 460 μὴ
1297 425 1432 460 λυπηθῶ,
1451 426 1482 453 οὐ
1493 426 1524 453 τὺ
1549 427 1668 462 ἐμαυτοῦ
1689 435 1754 454 σκο-

965 472 1035 505 πῶν,
1053 473 1121 499 ἀλλὰ
1148 473 1179 500 τὺ
1204 474 1346 509 ὑμέτερον.
1366 474 1442 511 [457]
1468 472 1532 501 Οίδα
1560 476 1625 511 γὰρ,
1641 475 1683 501 ὅτι
1707 475 1754 502 ἐὰν

966 522 1039 557 τδητε
1055 523 1196 557 χαίροντα,
1222 523 1345 558 χαίρετε·
1366 523 1419 550 κᾶν
1447 523 1582 559 θεάσησθε
1607 522 1753 557 ἀλγοῦντα,

965 571 1084 605 ἀλγεῖτε.
1102 571 1173 606 Ὅρα
1184 571 1274 598 τοίνυν
1293 571 1395 598 ἄνωθεν
1406 571 1456 606 τὴν
1469 571 1630 598 ἀκολουθίαν
1642 572 1697 598 τῶν
1715 572 1755 599 εί-

966 620 1102 655 ρημένων·
1125 619 1196 646 οὕτω
1216 619 1272 654 γὰρ
1290 619 1491 655 εὐμαθέστερος
1507 620 1573 655 ἡμῖν
1590 620 1666 647 ἔσται
1683 621 1697 646 ό
1709 619 1755 646 λό-

965 678 1023 704 γος.
1043 669 1101 695 Οὐκ
1117 666 1211 704 ἦλθον,
1230 668 1322 703 φησὶν,
1344 669 1386 695 ἵνα
1408 668 1445 703 μὴ
1467 667 1581 703 λυπήσω
1597 669 1680 704 ὑμᾶς,
1699 668 1755 695 ἀδι-

964 717 1101 752 ορθώτους
1128 717 1225 753 εὑρών.
1244 716 1331 744 Τοῦτο
1352 717 1379 743 δὲ
1400 716 1519 750 ἐποίουν,
1538 718 1567 743 οὐ
1585 717 1615 744 τὸ
1635 718 1755 753 ὲμαυτοῦ

966 766 1086 797 σκοπῶν,
1105 766 1172 792 ἀλλὰ
1184 766 1213 792 τδ
1225 766 1367 801 ὑμέτερον.
1387 765 1458 800 Ἐγὼ
1477 766 1526 802 μὲν
1544 766 1598 802 γὰρ
1617 767 1756 802 λυπουμέ-

968 815 1056 850 μένων
1071 815 1157 850 ὑμῶν,
1170 814 1224 850 ἔχω
1237 815 1335 850 ἡδονὴν
1350 815 1381 841 οὐ
1399 816 1511 850 μικρὰν,
1524 816 1589 843 ὃταν
1603 815 1651 843 ῐδω
1660 817 1757 844 τοσοῦ-

966 873 1011 890 τον
1026 863 1093 897 ἐμοῦ
1110 864 1314 899 φροντίζοντας,
1330 864 1368 896 ὡς
1382 865 1429 892 καὶ
1441 865 1585 893 λυπεῖσθαι
1604 867 1650 892 καὶ
1664 866 1756 900 ἀλγεῖν

966 912 1183 946 ἀγανακτοῦντος
1208 912 1285 948 ἐμοῦ.
1305 912 1353 946 Τίς
1375 912 1431 947 γάρ
1449 913 1535 940 ἐστιν
1558 915 1575 940 ό
1587 914 1758 948 εὐφραίνων

964 969 1012 996 με,
1029 961 1054 987 εί
1076 960 1118 995 μὴ
1137 961 1153 987 d
1167 961 1359 995 λυπούμενος
1379 961 1414 993 ἐξ
1427 961 1500 995 ἐμοῦ
1511 970 1521 994 ,'
1534 962 1608 998 Πλὴν
1625 962 1692 988 ἀλλὰ
1710 963 1757 989 καὶ

966 1009 1037 1035 οὕτω
1047 1009 1228 1044 διακείμενος,
1242 1009 1336 1045 ἐπειδὴ
1346 1008 1376 1036 τὸ
1389 1009 1521 1046 ὑμέτερον
1532 1011 1636 1043 σκοπῶ,
1649 1011 1756 1046 ἔγραψα

967 1059 1031 1093 ὑμῖν
1052 1059 1082 1085 τὸ
1103 1058 1170 1085 αὐτὸ
1184 1057 1272 1090 τοῦτο,
1296 1058 1340 1085 ἵνα
1359 1058 1396 1095 μὴ
1418 1058 1540 1095 λυπηθῶ·
1560 1060 1607 1086 καὶ
1627 1061 1656 1087 ὲν
1670 1060 1757 1095 τούτῳ

967 1107 1048 1134 πάλιν
1067 1107 1097 1132 οὐ
1120 1105 1150 1132 τὸ
1171 1106 1237 1141 ὲμὺν
1260 1106 1380 1139 σκοπῶν,
1397 1106 1464 1133 ἀλλὰ
1482 1107 1512 1134 τὸ
1527 1107 1669 1143 ὑμέτερον.
1691 1106 1757 1135 Οἶδα

967 1155 1022 1190 γὰρ
1035 1155 1076 1181 ὅτι
1094 1154 1141 1180 καὶ
1158 1154 1238 1189 ὑμεῖς
1259 1154 1370 1188 μέλλετε
1392 1154 1547 1187 λυπεῖσθαι,
1566 1155 1701 1188 ἀλγοῦντά
1722 1165 1756 1191 με

967 1203 1094 1238 ὁρῶντες,
1107 1202 1201 1237 ὥσπερ
1211 1198 1259 1228 οὖν
1271 1203 1320 1229 καὶ
1331 1202 1537 1238 εὐφραίνεσθαι,
1550 1204 1679 1239 χαίροντα
1690 1204 1757 1231 θεω-

970 1250 1087 1285 ροῦντες.
1103 1249 1202 1276 Σκόπει
1225 1250 1315 1276 τοίνυν
1335 1250 1452 1278 σύνεσιν·
1467 1249 1561 1278 Εἶπεν·
1579 1252 1638 1279 Ἵνα
1656 1252 1693 1287 μὴ
1710 1252 1755 1279 λυ-

967 1298 1046 1333 πήσω
1057 1297 1106 1323 οὐκ
1117 1295 1209 1332 ἦλθον,
1222 1297 1311 1324 καίτοι
1322 1306 1353 1332 γε
1366 1298 1557 1334 εὐφραίνομαι,
1572 1300 1663 1334 φησίν.
1678 1298 1744 1327 Εἶτα

968 1346 1011 1372 ἴνα
1032 1345 1069 1381 μὴ
1084 1346 1147 1381 δόξῃ
1162 1345 1274 1372 ἐκείνων
1289 1345 1445 1380 ἀλγούντων
1459 1346 1667 1382 εὐφραίνεσθαι,
1678 1348 1756 1375 Κατά

967 1395 1057 1426 τοῦτο,
1070 1394 1146 1429 φησὶ,
1159 1393 1258 1429 χαίρω,
1270 1394 1338 1421 καθὸ
1352 1394 1540 1429 καθάπτομαι·
1554 1395 1615 1422 ἐπεὶ
1627 1395 1688 1421 καθ’
1699 1396 1758 1422 ἓτε-

970 1451 1015 1477 ρον
1028 1442 1176 1477 λυποῦμαι,
1191 1442 1256 1468 ὅταν
1272 1443 1336 1474 τοὺς
1350 1442 1422 1469 οὕτω
1435 1442 1579 1477 φιλοῦντας
1593 1443 1757 1477 ἀναγκάζω-

970 1500 1019 1527 μαι
1047 1491 1152 1523 λυπεῖν,
1167 1491 1197 1517 οὺ
1212 1490 1300 1525 τούτῳ
1321 1490 1401 1525 μόνον
1418 1491 1459 1526 τῷ
1478 1491 1620 1527 ἐπιτιμᾷν,
1634 1492 1702 1518 ἀλλὰ
1717 1492 1757 1527 τῷ

968 1540 1015 1566 καὶ
1031 1539 1109 1571 αὐτὸς
1126 1539 1155 1565 ὲν
1167 1538 1240 1574 λύπῃ
1254 1537 1335 1570 εἶναι,
1351 1539 1398 1565 κα)⁸
1411 1539 1483 1574 ὑμᾶς
1501 1539 1545 1566 διὰ
1558 1539 1653 1566 τούτου
1674 1540 1758 1567 πάλιν

968 1589 1072 1615 λυπεῖν.
1086 1588 1185 1614 Σκόπει
1197 1587 1224 1614 δὲ
1236 1587 1295 1618 πῶς
1307 1587 1372 1614 αὐτὸ
1385 1587 1432 1614 καὶ
1445 1588 1504 1623 μετ’
1516 1588 1655 1623 ὲγκωμίου
1666 1588 1757 1624 τίθησι

968 1637 1065 1672 λέγων·
1085 1636 1146 1671 Ἀφ’
1160 1634 1203 1663 ὧν
1214 1635 1275 1663 ἔδει
1286 1644 1324 1671 με
1335 1636 1461 1671 χαίρειν.
1479 1636 1565 1663 Τοῦτο
1581 1636 1634 1672 γὰρ
1650 1637 1759 1673 γνησιό-

968 1695 1037 1721 τητα
1056 1684 1257 1720 μαρτυροῦντος
1276 1685 1343 1717 ἐστι,
1366 1685 1414 1711 καὶ
1431 1684 1531 1719 πολλὴν
1552 1684 1755 1721 φιλοστοργίαν·
1785 1678 1788 1681 ’

967 1734 1005 1766 ὠς
1020 1734 1053 1761 ἂν
1072 1733 1097 1759 εί
1111 1734 1174 1768 περ).
1191 1732 1257 1759 υίῶν
1272 1741 1315 1763 τις
1329 1730 1390 1758 εἷπε
1408 1732 1494 1759 πολλὰ
1510 1733 1755 1769 εὐεργετηθέντων,

968 1784 1015 1810 καὶ
1035 1783 1099 1818 περὶ
1117 1783 1163 1813 οὓς
1180 1781 1321 1817 ὲπόνησεν.
1338 1782 1369 1807 Εἰ
1388 1782 1477 1808 τοίνυν
1494 1782 1537 1809 διὰ
1553 1782 1632 1809 τοῦτο
1645 1784 1755 1818 γράφω,

969 1833 1014 1858 καὶ
1025 1832 1075 1857 οὐκ
1086 1831 1210 1865 ἔρχομαι,
1228 1830 1297 1865 μέγα
1308 1838 1333 1855 τι
1344 1829 1494 1864 οἰκονομῶν
1506 1830 1555 1856 οὐκ
1572 1830 1698 1866 ἔρχομαι,
1711 1833 1758 1858 καὶ

968 1880 998 1906 οὐ
1016 1879 1101 1914 μισῶν
1116 1878 1175 1904 οὐδὲ
1190 1878 1437 1913 ἀποστρεφόμενος,
1453 1877 1521 1904 ἀλλὰ
1535 1877 1581 1904 καὶ
1596 1878 1698 1914 σφόδρα
1715 1888 1759 1913 φι-

968 1929 1031 1955 λῶν.
1047 1926 1123 1960 Εἷτα,
1141 1927 1234 1963 ἐπειδὴ
1245 1925 1331 1960 εἷπεν,
1346 1927 1386 1953 ὅτι
1403 1928 1432 1954 '0
1442 1926 1534 1954 λυπῶν
1550 1927 1701 1961 εὐφραίνει,
1714 1928 1758 1954 ἵνα

971 1977 1006 2012 μὴ
1021 1977 1130 2011 λέγωσι·
1144 1975 1229 2002 Τοῦτο
1243 1973 1289 2001 οὖν
1304 1975 1368 2001 αὐτὸ
1381 1975 1552 2008 σπουδάζεις,
1569 1975 1612 2001 ἵνα
1625 1976 1759 2012 εὐφραίνῃ

969 2025 1015 2051 καὶ
1031 2022 1151 2058 ἐπιδείξῃ
1168 2023 1235 2048 πᾶσι
1250 2022 1336 2057 πόσην
1353 2021 1417 2057 ἔχῃς
1435 2022 1529 2057 ἰσχύν;
1545 2023 1693 2058 ἐπήγαγεν·
1710 2023 1758 2050 Ἐκ

968 2073 1024 2108 γὰρ
1039 2071 1159 2105 πολλῆς
1173 2072 1304 2105 θλίψεως
1317 2070 1365 2097 καὶ
1379 2070 1517 2105 συνοχῆς
1529 2071 1652 2104 καρδίας
1670 2071 1758 2106 ἔγρα-

968 2124 1013 2156 ψα
1022 2120 1093 2155 ὑμῖν
1104 2119 1152 2146 διὰ
1161 2119 1286 2146 πολλῶν
1294 2119 1440 2154 δακρύων·
1458 2119 1514 2153 οὺχ
1528 2119 1578 2145 ἵνα
1588 2119 1756 2154 λυπηθῆτε,

969 2169 1049 2196 ἀλλὰ
1065 2168 1121 2201 τὴν
1132 2167 1254 2202 ἀγάπην
1266 2167 1316 2194 ἵνα
1326 2167 1431 2201 γνῶτε,
1447 2166 1488 2201 ἢν
1503 2167 1562 2201 ἔχω
1578 2168 1757 2201 περισσοτέ-

965 2226 1024 2252 ρως
1036 2218 1081 2249 είς
1094 2216 1182 2251 ὑμᾶς.

1003 2306 1036 2333 Τί
1046 2304 1149 2341 ταύτης
1159 2304 1399 2340 φιλοστοργότερον
1414 2303 1464 2340 τῆς
1477 2303 1584 2340 ψυχῆς;
1595 2305 1691 2332 Αὐτῶν
1703 2305 1759 2340 γὰρ

968 2357 1023 2385 τῶν
1033 2357 1233 2393 ἡμαρτηκότων
1243 2357 1294 2383 οὐκ
1304 2356 1427 2389 ἔλαττον,
1438 2356 1508 2383 ἀλλά
1518 2357 1565 2384 καὶ
1575 2356 1666 2391 πολλῷ
1677 2356 1759 2384 πλέον

968 2410 1105 2439 δείκνυσιν
1120 2410 1215 2438 ἑαυτὸν
1232 2409 1399 2445 ἀλγήσαντα.
1415 2409 1453 2435 Οὐ
1465 2408 1531 2444 γὰρ,
1548 2409 1615 2436 Ἀπὸ
1631 2409 1757 2444 θλίψεως,

969 2463 1036 2499 φησὶ
1048 2464 1138 2499 μόνον,
1151 2463 1220 2496 ἀλλ’,
1228 2462 1295 2490 Ἀπὸ
1307 2461 1439 2497 πολλῆς·
1451 2461 1523 2495 οὐδὲ,
1535 2463 1677 2499 Δακρύων,
1690 2463 1760 2490 ἀλλὰ

968 2517 1021 2544 Διὰ
1031 2516 1153 2544 πολλῶν
1166 2515 1305 2550 δακρύων
1319 2515 1368 2542 καί
1382 2514 1520 2550 συνοχῆς
1532 2515 1666 2550 καρδίας·
1681 2525 1759 2543 τουτ-

969 2571 1053 2603 έστιν,
1077 2569 1331 2606 ’Δπηγχονιζόμην,
1346 2569 1538 2605 ἀπεπνιγόμην
1556 2569 1608 2597 ὑπὸ
1621 2571 1672 2607 τῆς
1691 2571 1759 2597 ἀθυ-

971 2624 1044 2660 μίας·
1071 2623 1119 2651 καὶ
1149 2622 1249 2659 μηκέτι
1275 2621 1366 2658 φέρων
1393 2622 1443 2657 τῆς
1470 2622 1591 2658 ἀθυμίας
1613 2623 1644 2650 τὸ
1667 2623 1759 2658 νέφος,

969 2677 1078 2712 ἔγραψα
1096 2676 1161 2712 ὑμῖν
1172 2684 1179 2692 ·
1190 2676 1252 2710 οὐχ
1266 2675 1318 2702 ἵνα
1333 2675 1505 2711 λυπηθῆτε,
1518 2676 1589 2704 ἀλλ’
1600 2676 1652 2704 ἴνα
1665 2675 1760 2711 γνῶτε

972 2731 1028 2766 τὴν
1047 2731 1185 2767 ἀγάπην,
1209 2730 1303 2765 φησὶν,
1330 2729 1371 2764 ἣν
1395 2730 1454 2765 ἔχω
1470 2731 1688 2764 περισσοτέρως
1714 2731 1757 2762 εις

969 2785 1057 2821 ὑμᾶς.
1072 2783 1170 2812 Καίτοι
1181 2784 1212 2810 τὸ
1223 2783 1370 2811 ἀκόλουθον
1387 2782 1421 2820 ἦν
1433 2785 1532 2811 είπεῖν·
1548 2785 1604 2820 Οὐχ
1617 2784 1659 2811 ῐνα
1671 2784 1758 2818 λυπη-

972 2837 1046 2873 θῆτε,
1060 2835 1118 2863 ἀλλ¹
1134 2836 1177 2863 ἴνα
1190 2835 1368 2873 δωρθωθῆτε·
1386 2837 1431 2864 καὶ
1451 2837 1506 2872 γὰρ
1518 2834 1562 2864 διὰ
1579 2835 1658 2863 τοῦτο
1672 2835 1756 2871 ἔγρα-
