  <div class='ocr_page' id='page_1' title='image "/cluster/home/n/w/nwhite01/storage/ocr_20150623/61/njp.32101077772679/430.png"; bbox 0 0 2021 3117; ppageno 0'>
   <div class='ocr_carea' id='block_1_1' title="bbox 140 125 186 154">
    <p class='ocr_par' dir='ltr' id='par_1_1' title="bbox 140 125 186 154">
     <span class='ocr_line' id='line_1_1' title="bbox 140 125 186 154; baseline -0.043 0"><span class='ocrx_word' id='word_1_1' title='bbox 140 125 186 154; x_wconf 73' lang='grc' dir='ltr'><strong>ιει</strong></span> 
     </span>
    </p>
   </div>
   <div class='ocr_carea' id='block_1_2' title="bbox 137 177 932 220">
    <p class='ocr_par' dir='ltr' id='par_1_2' title="bbox 137 177 932 220">
     <span class='ocr_line' id='line_1_2' title="bbox 137 177 932 220; baseline -0.011 -7"><span class='ocrx_word' id='word_1_2' title='bbox 137 187 164 214; x_wconf 91' lang='lat' dir='ltr'><strong>in</strong></span> <span class='ocrx_word' id='word_1_3' title='bbox 178 184 309 220; x_wconf 73' lang='lat' dir='ltr'><strong>maiorem</strong></span> <span class='ocrx_word' id='word_1_4' title='bbox 324 182 365 211; x_wconf 84' lang='lat' dir='ltr'><strong>sui</strong></span> <span class='ocrx_word' id='word_1_5' title='bbox 377 188 496 210; x_wconf 88' lang='lat' dir='ltr'><strong>amorem</strong></span> <span class='ocrx_word' id='word_1_6' title='bbox 510 188 556 209; x_wconf 87' lang='lat' dir='ltr'><strong>eos</strong></span> <span class='ocrx_word' id='word_1_7' title='bbox 567 180 716 216; x_wconf 79' lang='lat' dir='ltr'><strong>pertrahat,</strong></span> <span class='ocrx_word' id='word_1_8' title='bbox 728 179 780 207; x_wconf 87' lang='lat' dir='ltr'><strong>hoc</strong></span> <span class='ocrx_word' id='word_1_9' title='bbox 790 178 862 206; x_wconf 85' lang='lat' dir='ltr'><strong>illius</strong></span> <span class='ocrx_word' id='word_1_10' title='bbox 873 177 932 204; x_wconf 87' lang='lat' dir='ltr'><strong>loco</strong></span> 
     </span>
    </p>
   </div>
   <div class='ocr_carea' id='block_1_3' title="bbox 137 223 934 267">
    <p class='ocr_par' dir='ltr' id='par_1_3' title="bbox 137 223 934 267">
     <span class='ocr_line' id='line_1_3' title="bbox 137 223 934 267; baseline -0.011 -9"><span class='ocrx_word' id='word_1_11' title='bbox 137 231 224 267; x_wconf 89' lang='lat' dir='ltr'><strong>ponit,</strong></span> <span class='ocrx_word' id='word_1_12' title='bbox 237 229 384 258; x_wconf 88' lang='lat' dir='ltr'><strong>ostendens</strong></span> <span class='ocrx_word' id='word_1_13' title='bbox 395 236 424 256; x_wconf 89' lang='lat' dir='ltr'><strong>se</strong></span> <span class='ocrx_word' id='word_1_14' title='bbox 437 235 529 255; x_wconf 82' lang='lat' dir='ltr'><strong>amore</strong></span> <span class='ocrx_word' id='word_1_15' title='bbox 540 227 651 255; x_wconf 88' lang='lat' dir='ltr'><strong>ductum</strong></span> <span class='ocrx_word' id='word_1_16' title='bbox 662 226 750 253; x_wconf 84' lang='lat' dir='ltr'><strong>omnia</strong></span> <span class='ocrx_word' id='word_1_17' title='bbox 765 225 865 252; x_wconf 87' lang='lat' dir='ltr'><strong>facere.</strong></span> <span class='ocrx_word' id='word_1_18' title='bbox 877 223 934 250; x_wconf 72' lang='lat' dir='ltr'><strong>Nec.</strong></span> 
     </span>
    </p>
   </div>
   <div class='ocr_carea' id='block_1_4' title="bbox 138 268 932 305">
    <p class='ocr_par' dir='ltr' id='par_1_4' title="bbox 138 268 932 305">
     <span class='ocr_line' id='line_1_4' title="bbox 138 268 932 305; baseline -0.013 0"><span class='ocrx_word' id='word_1_19' title='bbox 138 278 278 305; x_wconf 83' lang='lat' dir='ltr'><strong>caritatem</strong></span> <span class='ocrx_word' id='word_1_20' title='bbox 291 279 394 302; x_wconf 86' lang='lat' dir='ltr'><strong>tantum</strong></span> <span class='ocrx_word' id='word_1_21' title='bbox 409 274 487 305; x_wconf 85' lang='lat' dir='ltr'><strong>dixit,</strong></span> <span class='ocrx_word' id='word_1_22' title='bbox 501 273 559 305; x_wconf 87' lang='lat' dir='ltr'><strong>sed,</strong></span> <span class='ocrx_word' id='word_1_23' title='bbox 574 271 656 305; x_wconf 83' lang='lat' dir='ltr'><strong>Quam</strong></span> <span class='ocrx_word' id='word_1_24' title='bbox 671 270 841 298; x_wconf 74' lang='lat' dir='ltr'><strong>abundantius</strong></span> <span class='ocrx_word' id='word_1_25' title='bbox 855 268 932 296; x_wconf 85' lang='lat' dir='ltr'><strong>habeo</strong></span> 
     </span>
    </p>
   </div>
   <div class='ocr_carea' id='block_1_5' title="bbox 138 315 934 358">
    <p class='ocr_par' dir='ltr' id='par_1_5' title="bbox 138 315 934 358">
     <span class='ocr_line' id='line_1_5' title="bbox 138 315 934 358; baseline -0.01 -9"><span class='ocrx_word' id='word_1_26' title='bbox 138 331 199 358; x_wconf 78' lang='lat' dir='ltr'><strong>erga</strong></span> <span class='ocrx_word' id='word_1_27' title='bbox 220 329 273 349; x_wconf 77' lang='lat' dir='ltr'><strong>vos.</strong></span> <span class='ocrx_word' id='word_1_28' title='bbox 289 320 354 347; x_wconf 70' lang='lat' dir='ltr'><strong>Vult</strong></span> <span class='ocrx_word' id='word_1_29' title='bbox 367 319 438 347; x_wconf 88' lang='lat' dir='ltr'><strong>enim</strong></span> <span class='ocrx_word' id='word_1_30' title='bbox 455 318 506 346; x_wconf 79' lang='lat' dir='ltr'><strong>Irae</strong></span> <span class='ocrx_word' id='word_1_31' title='bbox 520 324 626 353; x_wconf 86' lang='lat' dir='ltr'><strong>quoque</strong></span> <span class='ocrx_word' id='word_1_32' title='bbox 646 317 751 344; x_wconf 85' lang='lat' dir='ltr'><strong>ratione</strong></span> <span class='ocrx_word' id='word_1_33' title='bbox 763 315 868 343; x_wconf 84' lang='lat' dir='ltr'><strong>animos</strong></span> <span class='ocrx_word' id='word_1_34' title='bbox 887 321 934 341; x_wconf 87' lang='lat' dir='ltr'><strong>eo-</strong></span> 
     </span>
    </p>
   </div>
   <div class='ocr_carea' id='block_1_6' title="bbox 139 363 933 400">
    <p class='ocr_par' dir='ltr' id='par_1_6' title="bbox 139 363 933 400">
     <span class='ocr_line' id='line_1_6' title="bbox 139 363 933 400; baseline -0.014 -3"><span class='ocrx_word' id='word_1_35' title='bbox 139 377 198 396; x_wconf 87' lang='lat' dir='ltr'><strong>rum</strong></span> <span class='ocrx_word' id='word_1_36' title='bbox 215 368 325 397; x_wconf 84' lang='lat' dir='ltr'><strong>allicere</strong></span> <span class='ocrx_word' id='word_1_37' title='bbox 337 387 345 400; x_wconf 95' lang='lat'><strong>,</strong></span> <span class='ocrx_word' id='word_1_38' title='bbox 366 365 429 394; x_wconf 90' lang='lat' dir='ltr'><strong>dum</strong></span> <span class='ocrx_word' id='word_1_39' title='bbox 443 372 473 393; x_wconf 88' lang='lat' dir='ltr'><strong>se</strong></span> <span class='ocrx_word' id='word_1_40' title='bbox 486 371 533 392; x_wconf 84' lang='lat' dir='ltr'><strong>eos</strong></span> <span class='ocrx_word' id='word_1_41' title='bbox 548 371 602 399; x_wconf 80' lang='lat' dir='ltr'><strong>prae</strong></span> <span class='ocrx_word' id='word_1_42' title='bbox 617 363 722 390; x_wconf 73' lang='lat' dir='ltr'><strong>cmteris</strong></span> <span class='ocrx_word' id='word_1_43' title='bbox 737 368 838 394; x_wconf 84' lang='lat' dir='ltr'><strong>amare,</strong></span> <span class='ocrx_word' id='word_1_44' title='bbox 853 365 933 394; x_wconf 86' lang='lat' dir='ltr'><strong>atque</strong></span> 
     </span>
    </p>
   </div>
   <div class='ocr_carea' id='block_1_7' title="bbox 138 407 932 449">
    <p class='ocr_par' dir='ltr' id='par_1_7' title="bbox 138 407 932 449">
     <span class='ocr_line' id='line_1_7' title="bbox 138 407 932 449; baseline -0.014 -7"><span class='ocrx_word' id='word_1_45' title='bbox 138 420 167 442; x_wconf 89' lang='lat' dir='ltr'><strong>ut</strong></span> <span class='ocrx_word' id='word_1_46' title='bbox 179 421 242 449; x_wconf 77' lang='lat' dir='ltr'><strong>erga</strong></span> <span class='ocrx_word' id='word_1_47' title='bbox 253 412 367 441; x_wconf 85' lang='lat' dir='ltr'><strong>eximios</strong></span> <span class='ocrx_word' id='word_1_48' title='bbox 382 410 530 445; x_wconf 85' lang='lat' dir='ltr'><strong>discipulos</strong></span> <span class='ocrx_word' id='word_1_49' title='bbox 542 409 666 437; x_wconf 76' lang='lat' dir='ltr'><strong>ali‘ectum</strong></span> <span class='ocrx_word' id='word_1_50' title='bbox 680 415 740 435; x_wconf 88' lang='lat' dir='ltr'><strong>esse</strong></span> <span class='ocrx_word' id='word_1_51' title='bbox 755 407 932 435; x_wconf 69' lang='lat' dir='ltr'><strong>demonstret.</strong></span> 
     </span>
    </p>
   </div>
   <div class='ocr_carea' id='block_1_8' title="bbox 139 450 934 492">
    <p class='ocr_par' dir='ltr' id='par_1_8' title="bbox 139 450 934 492">
     <span class='ocr_line' id='line_1_8' title="bbox 139 450 934 492; baseline -0.014 -4"><span class='ocrx_word' id='word_1_52' title='bbox 139 459 218 488; x_wconf 83' lang='lat' dir='ltr'><strong>Unde</strong></span> <span class='ocrx_word' id='word_1_53' title='bbox 230 458 309 486; x_wconf 81' lang='lat' dir='ltr'><strong>etiam</strong></span> <span class='ocrx_word' id='word_1_54' title='bbox 324 458 371 492; x_wconf 91' lang='lat' dir='ltr'><strong>ait,</strong></span> <span class='ocrx_word' id='word_1_55' title='bbox 386 457 417 484; x_wconf 87' lang='lat' dir='ltr'><strong>Et</strong></span> <span class='ocrx_word' id='word_1_56' title='bbox 430 457 451 483; x_wconf 76' lang='lat' dir='ltr'><strong>si</strong></span> <span class='ocrx_word' id='word_1_57' title='bbox 465 457 523 483; x_wconf 82' lang='lat' dir='ltr'><strong>aliis</strong></span> <span class='ocrx_word' id='word_1_58' title='bbox 538 463 588 482; x_wconf 86' lang='lat' dir='ltr'><strong>non</strong></span> <span class='ocrx_word' id='word_1_59' title='bbox 600 463 656 482; x_wconf 82' lang='lat' dir='ltr'><strong>sunt</strong></span> <span class='ocrx_word' id='word_1_60' title='bbox 669 453 807 489; x_wconf 75' lang='lat' dir='ltr'><strong>apostaiiu,</strong></span> <span class='ocrx_word' id='word_1_61' title='bbox 823 456 848 478; x_wconf 86' lang='lat' dir='ltr'><strong>at</strong></span> <span class='ocrx_word' id='word_1_62' title='bbox 867 450 934 478; x_wconf 72' lang='lat' dir='ltr'><strong>vobis</strong></span> 
     </span>
    </p>
   </div>
   <div class='ocr_carea' id='block_1_9' title="bbox 141 499 930 536">
    <p class='ocr_par' dir='ltr' id='par_1_9' title="bbox 141 499 930 536">
     <span class='ocr_line' id='line_1_9' title="bbox 141 499 930 536; baseline -0.013 -4"><span class='ocrx_word' id='word_1_63' title='bbox 141 510 226 532; x_wconf 76' lang='lat' dir='ltr'><strong>tamen</strong></span> <span class='ocrx_word' id='word_1_64' title='bbox 240 512 315 535; x_wconf 84' lang='lat' dir='ltr'><strong>sum;</strong></span> <span class='ocrx_word' id='word_1_65' title='bbox 327 508 365 534; x_wconf 88' lang='lat' dir='ltr'><strong>et,</strong></span> <span class='ocrx_word' id='word_1_66' title='bbox 380 503 410 531; x_wconf 89' lang='lat' dir='ltr'><strong>Si</strong></span> <span class='ocrx_word' id='word_1_67' title='bbox 421 501 513 528; x_wconf 86' lang='lat' dir='ltr'><strong>multas</strong></span> <span class='ocrx_word' id='word_1_68' title='bbox 527 501 678 536; x_wconf 63' lang='lat' dir='ltr'><strong>padagogo:</strong></span> <span class='ocrx_word' id='word_1_69' title='bbox 691 499 812 531; x_wconf 72' lang='lat' dir='ltr'><strong>habeatis,</strong></span> <span class='ocrx_word' id='word_1_70' title='bbox 829 505 879 524; x_wconf 83' lang='lat' dir='ltr'><strong>non</strong></span> <span class='ocrx_word' id='word_1_71' title='bbox 891 500 930 523; x_wconf 84' lang='lat' dir='ltr'><strong>la-</strong></span> 
     </span>
    </p>
   </div>
   <div class='ocr_carea' id='block_1_10' title="bbox 140 545 932 585">
    <p class='ocr_par' dir='ltr' id='par_1_10' title="bbox 140 545 932 585">
     <span class='ocr_line' id='line_1_10' title="bbox 140 545 932 585; baseline -0.011 -7"><span class='ocrx_word' id='word_1_72' title='bbox 140 559 196 578; x_wconf 72' lang='lat' dir='ltr'><strong>urea</strong></span> <span class='ocrx_word' id='word_1_73' title='bbox 206 550 298 578; x_wconf 68' lang='lat' dir='ltr'><strong>multo:</strong></span> <span class='ocrx_word' id='word_1_74' title='bbox 311 555 395 585; x_wconf 75' lang='lat' dir='ltr'><strong>putres</strong></span> <span class='ocrx_word' id='word_1_75' title='bbox 411 549 449 584; x_wconf 81' lang='lat' dir='ltr'><strong>(t.</strong></span> <span class='ocrx_word' id='word_1_76' title='bbox 465 548 524 576; x_wconf 72' lang='lat' dir='ltr'><strong>(lor.</strong></span> <span class='ocrx_word' id='word_1_77' title='bbox 536 547 562 575; x_wconf 84' lang='lat'><strong>9.</strong></span> <span class='ocrx_word' id='word_1_78' title='bbox 580 547 607 573; x_wconf 76' lang='grc'><strong>2.</strong></span> <span class='ocrx_word' id='word_1_79' title='bbox 623 551 646 574; x_wconf 82' lang='grc' dir='ltr'><strong>ει</strong></span> <span class='ocrx_word' id='word_1_80' title='bbox 660 547 686 573; x_wconf 72' lang='grc'><strong>4.</strong></span> <span class='ocrx_word' id='word_1_81' title='bbox 703 545 748 580; x_wconf 67' lang='lat' dir='ltr'><strong>IS)</strong></span> <span class='ocrx_word' id='word_1_82' title='bbox 761 553 768 576; x_wconf 85' lang='lat'><strong>;</strong></span> <span class='ocrx_word' id='word_1_83' title='bbox 784 552 815 571; x_wconf 90' lang='lat' dir='ltr'><strong>ac</strong></span> <span class='ocrx_word' id='word_1_84' title='bbox 829 550 932 577; x_wconf 81' lang='lat' dir='ltr'><strong>rursus,</strong></span> 
     </span>
    </p>
   </div>
   <div class='ocr_carea' id='block_1_11' title="bbox 142 588 935 633">
    <p class='ocr_par' dir='ltr' id='par_1_11' title="bbox 142 588 935 633">
     <span class='ocr_line' id='line_1_11' title="bbox 142 588 935 633; baseline -0.013 -9"><span class='ocrx_word' id='word_1_85' title='bbox 142 596 176 624; x_wconf 86' lang='lat' dir='ltr'><strong>In</strong></span> <span class='ocrx_word' id='word_1_86' title='bbox 187 596 270 633; x_wconf 81' lang='lat' dir='ltr'><strong>gratia</strong></span> <span class='ocrx_word' id='word_1_87' title='bbox 285 595 331 622; x_wconf 85' lang='lat' dir='ltr'><strong>Dei</strong></span> <span class='ocrx_word' id='word_1_88' title='bbox 342 594 481 622; x_wconf 80' lang='lat' dir='ltr'><strong>cottuersati</strong></span> <span class='ocrx_word' id='word_1_89' title='bbox 494 601 581 620; x_wconf 75' lang='lat' dir='ltr'><strong>sumus</strong></span> <span class='ocrx_word' id='word_1_90' title='bbox 596 593 622 619; x_wconf 87' lang='lat' dir='ltr'><strong>in</strong></span> <span class='ocrx_word' id='word_1_91' title='bbox 642 591 747 623; x_wconf 85' lang='lat' dir='ltr'><strong>mundo,</strong></span> <span class='ocrx_word' id='word_1_92' title='bbox 763 588 935 617; x_wconf 68' lang='lat' dir='ltr'><strong>abundantius</strong></span> 
     </span>
    </p>
   </div>
   <div class='ocr_carea' id='block_1_12' title="bbox 141 635 935 678">
    <p class='ocr_par' dir='ltr' id='par_1_12' title="bbox 141 635 935 678">
     <span class='ocr_line' id='line_1_12' title="bbox 141 635 935 678; baseline -0.011 -8"><span class='ocrx_word' id='word_1_93' title='bbox 141 649 226 670; x_wconf 80' lang='lat' dir='ltr'><strong>autem</strong></span> <span class='ocrx_word' id='word_1_94' title='bbox 239 642 308 678; x_wconf 83' lang='lat' dir='ltr'><strong>apud</strong></span> <span class='ocrx_word' id='word_1_95' title='bbox 321 650 373 669; x_wconf 80' lang='lat' dir='ltr'><strong>vos.</strong></span> <span class='ocrx_word' id='word_1_96' title='bbox 389 642 477 676; x_wconf 89' lang='lat' dir='ltr'><strong>Atque</strong></span> <span class='ocrx_word' id='word_1_97' title='bbox 494 639 562 668; x_wconf 84' lang='lat' dir='ltr'><strong>infra</strong></span> <span class='ocrx_word' id='word_1_98' title='bbox 575 640 654 667; x_wconf 86' lang='lat' dir='ltr'><strong>etiam</strong></span> <span class='ocrx_word' id='word_1_99' title='bbox 670 637 774 673; x_wconf 92' lang='lat' dir='ltr'><strong>inquit,</strong></span> <span class='ocrx_word' id='word_1_100' title='bbox 796 635 935 663; x_wconf 82' lang='lat' dir='ltr'><strong>Abundan-</strong></span> 
     </span>
    </p>
   </div>
   <div class='ocr_carea' id='block_1_13' title="bbox 140 681 932 724">
    <p class='ocr_par' dir='ltr' id='par_1_13' title="bbox 140 681 932 724">
     <span class='ocr_line' id='line_1_13' title="bbox 140 681 932 724; baseline -0.011 -7"><span class='ocrx_word' id='word_1_101' title='bbox 140 690 190 717; x_wconf 75' lang='grc' dir='ltr'><strong>ιὴιι</strong></span> <span class='ocrx_word' id='word_1_102' title='bbox 204 697 248 717; x_wconf 72' lang='grc' dir='ltr'><strong>νος</strong></span> <span class='ocrx_word' id='word_1_103' title='bbox 260 689 378 724; x_wconf 69' lang='lat' dir='ltr'><strong>diligens,</strong></span> <span class='ocrx_word' id='word_1_104' title='bbox 395 689 478 715; x_wconf 83' lang='lat' dir='ltr'><strong>minus</strong></span> <span class='ocrx_word' id='word_1_105' title='bbox 493 687 587 722; x_wconf 85' lang='lat' dir='ltr'><strong>diligor</strong></span> <span class='ocrx_word' id='word_1_106' title='bbox 608 686 651 721; x_wconf 77' lang='lat'><strong>(‘2.</strong></span> <span class='ocrx_word' id='word_1_107' title='bbox 669 685 727 712; x_wconf 80' lang='lat' dir='ltr'><strong>Cor.</strong></span> <span class='ocrx_word' id='word_1_108' title='bbox 743 685 767 711; x_wconf 90' lang='lat' dir='ltr'><strong>I.</strong></span> <span class='ocrx_word' id='word_1_109' title='bbox 784 683 827 711; x_wconf 75' lang='lat'><strong>12.</strong></span> <span class='ocrx_word' id='word_1_110' title='bbox 844 688 866 710; x_wconf 81' lang='lat' dir='ltr'><strong>et</strong></span> <span class='ocrx_word' id='word_1_111' title='bbox 889 681 932 709; x_wconf 74' lang='lat' dir='ltr'><strong>l2.</strong></span> 
     </span>
    </p>
   </div>
   <div class='ocr_carea' id='block_1_14' title="bbox 145 731 933 771">
    <p class='ocr_par' dir='ltr' id='par_1_14' title="bbox 145 731 933 771">
     <span class='ocr_line' id='line_1_14' title="bbox 145 731 933 771; baseline -0.013 -7"><span class='ocrx_word' id='word_1_112' title='bbox 145 735 210 771; x_wconf 68' lang='lat'><strong>£5):</strong></span> <span class='ocrx_word' id='word_1_113' title='bbox 237 735 328 763; x_wconf 83' lang='lat' dir='ltr'><strong>ethoc</strong></span> <span class='ocrx_word' id='word_1_114' title='bbox 341 735 403 762; x_wconf 87' lang='lat' dir='ltr'><strong>loco</strong></span> <span class='ocrx_word' id='word_1_115' title='bbox 414 754 421 767; x_wconf 89' lang='lat'><strong>,</strong></span> <span class='ocrx_word' id='word_1_116' title='bbox 439 734 521 767; x_wconf 80' lang='lat' dir='ltr'><strong>Quam</strong></span> <span class='ocrx_word' id='word_1_117' title='bbox 535 733 613 759; x_wconf 75' lang='lat' dir='ltr'><strong>habeo</strong></span> <span class='ocrx_word' id='word_1_118' title='bbox 626 731 794 758; x_wconf 82' lang='lat' dir='ltr'><strong>abundantius</strong></span> <span class='ocrx_word' id='word_1_119' title='bbox 807 737 866 764; x_wconf 82' lang='lat' dir='ltr'><strong>erga</strong></span> <span class='ocrx_word' id='word_1_120' title='bbox 881 736 933 755; x_wconf 73' lang='lat' dir='ltr'><strong>ros.</strong></span> 
     </span>
    </p>
   </div>
   <div class='ocr_carea' id='block_1_15' title="bbox 174 777 936 816">
    <p class='ocr_par' dir='ltr' id='par_1_15' title="bbox 174 777 936 816">
     <span class='ocr_line' id='line_1_15' title="bbox 174 777 936 816; baseline -0.01 -7"><span class='ocrx_word' id='word_1_121' title='bbox 174 781 204 810; x_wconf 67' lang='grc' dir='ltr'><strong>ὅ.</strong></span> <span class='ocrx_word' id='word_1_122' title='bbox 226 781 317 816; x_wconf 92' lang='lat' dir='ltr'><strong>Itaque</strong></span> <span class='ocrx_word' id='word_1_123' title='bbox 330 780 434 808; x_wconf 89' lang='lat' dir='ltr'><strong>etiamsi</strong></span> <span class='ocrx_word' id='word_1_124' title='bbox 449 779 530 806; x_wconf 88' lang='lat' dir='ltr'><strong>verba</strong></span> <span class='ocrx_word' id='word_1_125' title='bbox 547 777 691 805; x_wconf 64' lang='lat' dir='ltr'><strong>iracundia‘</strong></span> <span class='ocrx_word' id='word_1_126' title='bbox 699 777 777 812; x_wconf 84' lang='lat' dir='ltr'><strong>plena</strong></span> <span class='ocrx_word' id='word_1_127' title='bbox 788 779 882 806; x_wconf 88' lang='lat' dir='ltr'><strong>crant,</strong></span> <span class='ocrx_word' id='word_1_128' title='bbox 897 778 936 801; x_wconf 87' lang='lat' dir='ltr'><strong>ta-</strong></span> 
     </span>
    </p>
   </div>
   <div class='ocr_carea' id='block_1_16' title="bbox 142 819 937 858">
    <p class='ocr_par' dir='ltr' id='par_1_16' title="bbox 142 819 937 858">
     <span class='ocr_line' id='line_1_16' title="bbox 142 819 937 858; baseline -0.011 -3"><span class='ocrx_word' id='word_1_129' title='bbox 142 835 204 856; x_wconf 90' lang='lat' dir='ltr'><strong>men</strong></span> <span class='ocrx_word' id='word_1_130' title='bbox 216 827 274 855; x_wconf 74' lang='lat' dir='ltr'><strong>haec</strong></span> <span class='ocrx_word' id='word_1_131' title='bbox 286 826 368 853; x_wconf 82' lang='lat' dir='ltr'><strong>animi</strong></span> <span class='ocrx_word' id='word_1_132' title='bbox 386 825 532 853; x_wconf 88' lang='lat' dir='ltr'><strong>concitatio</strong></span> <span class='ocrx_word' id='word_1_133' title='bbox 548 833 580 852; x_wconf 85' lang='lat' dir='ltr'><strong>ex</strong></span> <span class='ocrx_word' id='word_1_134' title='bbox 596 823 697 858; x_wconf 80' lang='lat' dir='ltr'><strong>ingenti</strong></span> <span class='ocrx_word' id='word_1_135' title='bbox 714 822 825 849; x_wconf 85' lang='lat' dir='ltr'><strong>caritate</strong></span> <span class='ocrx_word' id='word_1_136' title='bbox 839 827 871 848; x_wconf 84' lang='lat' dir='ltr'><strong>ac</strong></span> <span class='ocrx_word' id='word_1_137' title='bbox 889 819 937 847; x_wconf 89' lang='lat' dir='ltr'><strong>do-</strong></span> 
     </span>
    </p>
   </div>
   <div class='ocr_carea' id='block_1_17' title="bbox 140 865 935 906">
    <p class='ocr_par' dir='ltr' id='par_1_17' title="bbox 140 865 935 906">
     <span class='ocr_line' id='line_1_17' title="bbox 140 865 935 906; baseline -0.013 -5"><span class='ocrx_word' id='word_1_138' title='bbox 140 873 198 901; x_wconf 87' lang='lat' dir='ltr'><strong>lore</strong></span> <span class='ocrx_word' id='word_1_139' title='bbox 207 872 374 901; x_wconf 89' lang='lat' dir='ltr'><strong>nascebatur.</strong></span> <span class='ocrx_word' id='word_1_140' title='bbox 388 871 510 906; x_wconf 83' lang='lat' dir='ltr'><strong>Cumque</strong></span> <span class='ocrx_word' id='word_1_141' title='bbox 519 870 660 905; x_wconf 70' lang='lat' dir='ltr'><strong>epistolam</strong></span> <span class='ocrx_word' id='word_1_142' title='bbox 670 868 826 898; x_wconf 84' lang='lat' dir='ltr'><strong>scriberem,</strong></span> <span class='ocrx_word' id='word_1_143' title='bbox 839 865 935 901; x_wconf 82' lang='lat' dir='ltr'><strong>inquit,</strong></span> 
     </span>
    </p>
   </div>
   <div class='ocr_carea' id='block_1_18' title="bbox 141 911 936 954">
    <p class='ocr_par' dir='ltr' id='par_1_18' title="bbox 141 911 936 954">
     <span class='ocr_line' id='line_1_18' title="bbox 141 911 936 954; baseline -0.013 -7"><span class='ocrx_word' id='word_1_144' title='bbox 141 919 268 954; x_wconf 87' lang='lat' dir='ltr'><strong>dolebam</strong></span> <span class='ocrx_word' id='word_1_145' title='bbox 283 923 309 946; x_wconf 79' lang='lat' dir='ltr'><strong>c’t</strong></span> <span class='ocrx_word' id='word_1_146' title='bbox 322 918 450 953; x_wconf 78' lang='lat' dir='ltr'><strong>angebar,</strong></span> <span class='ocrx_word' id='word_1_147' title='bbox 467 924 520 943; x_wconf 88' lang='lat' dir='ltr'><strong>non</strong></span> <span class='ocrx_word' id='word_1_148' title='bbox 537 916 587 943; x_wconf 93' lang='lat' dir='ltr'><strong>hoc</strong></span> <span class='ocrx_word' id='word_1_149' title='bbox 601 919 704 942; x_wconf 90' lang='lat' dir='ltr'><strong>tantum</strong></span> <span class='ocrx_word' id='word_1_150' title='bbox 727 913 846 946; x_wconf 85' lang='lat' dir='ltr'><strong>nomine,</strong></span> <span class='ocrx_word' id='word_1_151' title='bbox 864 911 936 947; x_wconf 89' lang='lat' dir='ltr'><strong>quod</strong></span> 
     </span>
    </p>
   </div>
   <div class='ocr_carea' id='block_1_19' title="bbox 141 957 937 1000">
    <p class='ocr_par' dir='ltr' id='par_1_19' title="bbox 141 957 937 1000">
     <span class='ocr_line' id='line_1_19' title="bbox 141 957 937 1000; baseline -0.01 -8"><span class='ocrx_word' id='word_1_152' title='bbox 141 964 316 1000; x_wconf 84' lang='lat' dir='ltr'><strong>peceassetis,</strong></span> <span class='ocrx_word' id='word_1_153' title='bbox 328 963 375 990; x_wconf 87' lang='lat' dir='ltr'><strong>sed</strong></span> <span class='ocrx_word' id='word_1_154' title='bbox 391 963 482 994; x_wconf 80' lang='lat' dir='ltr'><strong>etiam,</strong></span> <span class='ocrx_word' id='word_1_155' title='bbox 497 961 568 997; x_wconf 90' lang='lat' dir='ltr'><strong>quod</strong></span> <span class='ocrx_word' id='word_1_156' title='bbox 583 961 658 987; x_wconf 91' lang='lat' dir='ltr'><strong>vobis</strong></span> <span class='ocrx_word' id='word_1_157' title='bbox 673 966 817 987; x_wconf 68' lang='lat' dir='ltr'><strong>utmorem</strong></span> <span class='ocrx_word' id='word_1_158' title='bbox 841 957 937 985; x_wconf 61' lang='grc' dir='ltr'><strong>θίγω-ω</strong></span> 
     </span>
    </p>
   </div>
   <div class='ocr_carea' id='block_1_20' title="bbox 140 1008 936 1046">
    <p class='ocr_par' dir='ltr' id='par_1_20' title="bbox 140 1008 936 1046">
     <span class='ocr_line' id='line_1_20' title="bbox 140 1008 936 1046; baseline -0.013 -7"><span class='ocrx_word' id='word_1_159' title='bbox 140 1019 264 1046; x_wconf 76' lang='lat' dir='ltr'><strong>cogerer.</strong></span> <span class='ocrx_word' id='word_1_160' title='bbox 289 1010 387 1038; x_wconf 86' lang='lat' dir='ltr'><strong>Verum</strong></span> <span class='ocrx_word' id='word_1_161' title='bbox 400 1009 454 1037; x_wconf 86' lang='lat' dir='ltr'><strong>huc</strong></span> <span class='ocrx_word' id='word_1_162' title='bbox 476 1015 582 1044; x_wconf 86' lang='lat' dir='ltr'><strong>quoque</strong></span> <span class='ocrx_word' id='word_1_163' title='bbox 597 1008 683 1042; x_wconf 93' lang='lat' dir='ltr'><strong>ipsum</strong></span> <span class='ocrx_word' id='word_1_164' title='bbox 702 1014 734 1033; x_wconf 79' lang='lat' dir='ltr'><strong>ex</strong></span> <span class='ocrx_word' id='word_1_165' title='bbox 751 1012 864 1032; x_wconf 83' lang='lat' dir='ltr'><strong>amore:</strong></span> <span class='ocrx_word' id='word_1_166' title='bbox 884 1011 936 1030; x_wconf 82' lang='lat' dir='ltr'><strong>non</strong></span> 
     </span>
    </p>
   </div>
   <div class='ocr_carea' id='block_1_21' title="bbox 141 1050 936 1091">
    <p class='ocr_par' dir='ltr' id='par_1_21' title="bbox 141 1050 936 1091">
     <span class='ocr_line' id='line_1_21' title="bbox 141 1050 936 1091; baseline -0.01 -7"><span class='ocrx_word' id='word_1_167' title='bbox 141 1063 222 1084; x_wconf 86' lang='lat' dir='ltr'><strong>secus</strong></span> <span class='ocrx_word' id='word_1_168' title='bbox 236 1063 268 1084; x_wconf 89' lang='lat' dir='ltr'><strong>ac</strong></span> <span class='ocrx_word' id='word_1_169' title='bbox 281 1056 302 1083; x_wconf 95' lang='lat' dir='ltr'><strong>si</strong></span> <span class='ocrx_word' id='word_1_170' title='bbox 317 1056 386 1091; x_wconf 88' lang='lat' dir='ltr'><strong>quis,</strong></span> <span class='ocrx_word' id='word_1_171' title='bbox 404 1063 464 1082; x_wconf 89' lang='lat' dir='ltr'><strong>cum</strong></span> <span class='ocrx_word' id='word_1_172' title='bbox 481 1055 563 1081; x_wconf 83' lang='lat' dir='ltr'><strong>filium</strong></span> <span class='ocrx_word' id='word_1_173' title='bbox 579 1054 605 1081; x_wconf 92' lang='lat' dir='ltr'><strong>in</strong></span> <span class='ocrx_word' id='word_1_174' title='bbox 616 1052 712 1088; x_wconf 85' lang='lat' dir='ltr'><strong>primis</strong></span> <span class='ocrx_word' id='word_1_175' title='bbox 727 1059 818 1079; x_wconf 87' lang='lat' dir='ltr'><strong>carum</strong></span> <span class='ocrx_word' id='word_1_176' title='bbox 831 1050 936 1082; x_wconf 86' lang='lat' dir='ltr'><strong>habeat,</strong></span> 
     </span>
    </p>
   </div>
   <div class='ocr_carea' id='block_1_22' title="bbox 142 1101 936 1137">
    <p class='ocr_par' dir='ltr' id='par_1_22' title="bbox 142 1101 936 1137">
     <span class='ocr_line' id='line_1_22' title="bbox 142 1101 936 1137; baseline -0.009 -8"><span class='ocrx_word' id='word_1_177' title='bbox 142 1102 186 1137; x_wconf 91' lang='lat' dir='ltr'><strong>qui</strong></span> <span class='ocrx_word' id='word_1_178' title='bbox 196 1102 271 1129; x_wconf 89' lang='lat' dir='ltr'><strong>sanie</strong></span> <span class='ocrx_word' id='word_1_179' title='bbox 286 1101 398 1134; x_wconf 85' lang='lat' dir='ltr'><strong>laboret,</strong></span> <span class='ocrx_word' id='word_1_180' title='bbox 412 1108 525 1135; x_wconf 89' lang='lat' dir='ltr'><strong>eumque</strong></span> <span class='ocrx_word' id='word_1_181' title='bbox 535 1107 628 1127; x_wconf 82' lang='lat' dir='ltr'><strong>secare</strong></span> <span class='ocrx_word' id='word_1_182' title='bbox 642 1104 721 1134; x_wconf 86' lang='lat' dir='ltr'><strong>atque</strong></span> <span class='ocrx_word' id='word_1_183' title='bbox 731 1105 808 1125; x_wconf 86' lang='lat' dir='ltr'><strong>urere</strong></span> <span class='ocrx_word' id='word_1_184' title='bbox 816 1101 936 1132; x_wconf 78' lang='lat' dir='ltr'><strong>cogatur,</strong></span> 
     </span>
    </p>
   </div>
   <div class='ocr_carea' id='block_1_23' title="bbox 143 1140 938 1182">
    <p class='ocr_par' dir='ltr' id='par_1_23' title="bbox 143 1140 938 1182">
     <span class='ocr_line' id='line_1_23' title="bbox 143 1140 938 1182; baseline -0.008 -8"><span class='ocrx_word' id='word_1_185' title='bbox 143 1152 257 1182; x_wconf 86' lang='lat' dir='ltr'><strong>utroque</strong></span> <span class='ocrx_word' id='word_1_186' title='bbox 269 1147 379 1174; x_wconf 89' lang='lat' dir='ltr'><strong>nomine</strong></span> <span class='ocrx_word' id='word_1_187' title='bbox 391 1146 489 1178; x_wconf 81' lang='lat' dir='ltr'><strong>doleat,</strong></span> <span class='ocrx_word' id='word_1_188' title='bbox 505 1150 561 1172; x_wconf 89' lang='lat' dir='ltr'><strong>tum</strong></span> <span class='ocrx_word' id='word_1_189' title='bbox 575 1144 646 1180; x_wconf 87' lang='lat' dir='ltr'><strong>quod</strong></span> <span class='ocrx_word' id='word_1_190' title='bbox 655 1151 726 1179; x_wconf 71' lang='lat' dir='ltr'><strong>mger</strong></span> <span class='ocrx_word' id='word_1_191' title='bbox 737 1144 781 1176; x_wconf 91' lang='lat' dir='ltr'><strong>sit,</strong></span> <span class='ocrx_word' id='word_1_192' title='bbox 798 1147 853 1169; x_wconf 91' lang='lat' dir='ltr'><strong>tum</strong></span> <span class='ocrx_word' id='word_1_193' title='bbox 867 1140 938 1176; x_wconf 86' lang='lat' dir='ltr'><strong>quod</strong></span> 
     </span>
    </p>
   </div>
   <div class='ocr_carea' id='block_1_24' title="bbox 143 1187 938 1225">
    <p class='ocr_par' dir='ltr' id='par_1_24' title="bbox 143 1187 938 1225">
     <span class='ocr_line' id='line_1_24' title="bbox 143 1187 938 1225; baseline -0.008 -5"><span class='ocrx_word' id='word_1_194' title='bbox 143 1200 204 1220; x_wconf 88' lang='lat' dir='ltr'><strong>eum</strong></span> <span class='ocrx_word' id='word_1_195' title='bbox 217 1199 310 1220; x_wconf 86' lang='lat' dir='ltr'><strong>secare</strong></span> <span class='ocrx_word' id='word_1_196' title='bbox 325 1199 436 1220; x_wconf 82' lang='lat' dir='ltr'><strong>necesse</strong></span> <span class='ocrx_word' id='word_1_197' title='bbox 451 1192 557 1218; x_wconf 85' lang='lat' dir='ltr'><strong>habeat.</strong></span> <span class='ocrx_word' id='word_1_198' title='bbox 574 1192 612 1218; x_wconf 83' lang='lat' dir='ltr'><strong>Ac</strong></span> <span class='ocrx_word' id='word_1_199' title='bbox 623 1189 736 1225; x_wconf 79' lang='lat' dir='ltr'><strong>proinde</strong></span> <span class='ocrx_word' id='word_1_200' title='bbox 754 1189 789 1221; x_wconf 89' lang='lat' dir='ltr'><strong>id,</strong></span> <span class='ocrx_word' id='word_1_201' title='bbox 804 1188 874 1224; x_wconf 91' lang='lat' dir='ltr'><strong>quod</strong></span> <span class='ocrx_word' id='word_1_202' title='bbox 886 1187 938 1215; x_wconf 92' lang='lat' dir='ltr'><strong>mei</strong></span> 
     </span>
    </p>
   </div>
   <div class='ocr_carea' id='block_1_25' title="bbox 144 1235 939 1274">
    <p class='ocr_par' dir='ltr' id='par_1_25' title="bbox 144 1235 939 1274">
     <span class='ocr_line' id='line_1_25' title="bbox 144 1235 939 1274; baseline -0.006 -8"><span class='ocrx_word' id='word_1_203' title='bbox 144 1239 171 1266; x_wconf 91' lang='lat' dir='ltr'><strong>in</strong></span> <span class='ocrx_word' id='word_1_204' title='bbox 184 1246 233 1266; x_wconf 86' lang='lat' dir='ltr'><strong>vos</strong></span> <span class='ocrx_word' id='word_1_205' title='bbox 246 1239 299 1266; x_wconf 93' lang='lat' dir='ltr'><strong>odii</strong></span> <span class='ocrx_word' id='word_1_206' title='bbox 315 1239 420 1274; x_wconf 78' lang='lat' dir='ltr'><strong>signum</strong></span> <span class='ocrx_word' id='word_1_207' title='bbox 434 1246 494 1266; x_wconf 86' lang='lat' dir='ltr'><strong>esse</strong></span> <span class='ocrx_word' id='word_1_208' title='bbox 503 1237 672 1270; x_wconf 78' lang='lat' dir='ltr'><strong>existimatis,</strong></span> <span class='ocrx_word' id='word_1_209' title='bbox 684 1236 772 1272; x_wconf 77' lang='lat' dir='ltr'><strong>magni</strong></span> <span class='ocrx_word' id='word_1_210' title='bbox 783 1235 882 1262; x_wconf 87' lang='lat' dir='ltr'><strong>amoris</strong></span> <span class='ocrx_word' id='word_1_211' title='bbox 895 1241 939 1261; x_wconf 87' lang='lat' dir='ltr'><strong>ar-</strong></span> 
     </span>
    </p>
   </div>
   <div class='ocr_carea' id='block_1_26' title="bbox 143 1279 940 1319">
    <p class='ocr_par' dir='ltr' id='par_1_26' title="bbox 143 1279 940 1319">
     <span class='ocr_line' id='line_1_26' title="bbox 143 1279 940 1319; baseline -0.004 -8"><span class='ocrx_word' id='word_1_212' title='bbox 143 1289 299 1319; x_wconf 76' lang='lat' dir='ltr'><strong>gumentum</strong></span> <span class='ocrx_word' id='word_1_213' title='bbox 315 1289 382 1311; x_wconf 87' lang='lat' dir='ltr'><strong>erat.</strong></span> <span class='ocrx_word' id='word_1_214' title='bbox 399 1284 475 1318; x_wconf 86' lang='lat' dir='ltr'><strong>Quod</strong></span> <span class='ocrx_word' id='word_1_215' title='bbox 487 1283 508 1311; x_wconf 89' lang='lat' dir='ltr'><strong>si</strong></span> <span class='ocrx_word' id='word_1_216' title='bbox 521 1283 572 1310; x_wconf 85' lang='lat' dir='ltr'><strong>hoc</strong></span> <span class='ocrx_word' id='word_1_217' title='bbox 585 1283 683 1317; x_wconf 90' lang='lat' dir='ltr'><strong>ipsum,</strong></span> <span class='ocrx_word' id='word_1_218' title='bbox 697 1281 767 1317; x_wconf 87' lang='lat' dir='ltr'><strong>quod</strong></span> <span class='ocrx_word' id='word_1_219' title='bbox 779 1288 826 1308; x_wconf 88' lang='lat' dir='ltr'><strong>vos</strong></span> <span class='ocrx_word' id='word_1_220' title='bbox 839 1279 940 1308; x_wconf 86' lang='lat' dir='ltr'><strong>contri-</strong></span> 
     </span>
    </p>
   </div>
   <div class='ocr_carea' id='block_1_27' title="bbox 145 1325 939 1362">
    <p class='ocr_par' dir='ltr' id='par_1_27' title="bbox 145 1325 939 1362">
     <span class='ocr_line' id='line_1_27' title="bbox 145 1325 939 1362; baseline -0.006 -5"><span class='ocrx_word' id='word_1_221' title='bbox 145 1330 248 1362; x_wconf 87' lang='lat' dir='ltr'><strong>starim,</strong></span> <span class='ocrx_word' id='word_1_222' title='bbox 264 1330 298 1357; x_wconf 89' lang='lat' dir='ltr'><strong>ab</strong></span> <span class='ocrx_word' id='word_1_223' title='bbox 311 1337 402 1357; x_wconf 84' lang='lat' dir='ltr'><strong>amore</strong></span> <span class='ocrx_word' id='word_1_224' title='bbox 414 1335 501 1356; x_wconf 92' lang='lat' dir='ltr'><strong>ortum</strong></span> <span class='ocrx_word' id='word_1_225' title='bbox 517 1329 607 1362; x_wconf 82' lang='lat' dir='ltr'><strong>trahit,</strong></span> <span class='ocrx_word' id='word_1_226' title='bbox 624 1328 709 1355; x_wconf 84' lang='lat' dir='ltr'><strong>multo</strong></span> <span class='ocrx_word' id='word_1_227' title='bbox 722 1335 787 1354; x_wconf 86' lang='lat' dir='ltr'><strong>sane</strong></span> <span class='ocrx_word' id='word_1_228' title='bbox 800 1325 864 1354; x_wconf 91' lang='lat' dir='ltr'><strong>illud</strong></span> <span class='ocrx_word' id='word_1_229' title='bbox 880 1332 939 1353; x_wconf 82' lang='lat' dir='ltr'><strong>ma-</strong></span> 
     </span>
    </p>
   </div>
   <div class='ocr_carea' id='block_1_28' title="bbox 144 1374 937 1412">
    <p class='ocr_par' dir='ltr' id='par_1_28' title="bbox 144 1374 937 1412">
     <span class='ocr_line' id='line_1_28' title="bbox 144 1374 937 1412; baseline -0.005 -8"><span class='ocrx_word' id='word_1_230' title='bbox 144 1377 197 1412; x_wconf 72' lang='lat' dir='ltr'><strong>gis,</strong></span> <span class='ocrx_word' id='word_1_231' title='bbox 213 1376 300 1412; x_wconf 89' lang='lat' dir='ltr'><strong>quod,</strong></span> <span class='ocrx_word' id='word_1_232' title='bbox 312 1376 375 1403; x_wconf 90' lang='lat' dir='ltr'><strong>dum</strong></span> <span class='ocrx_word' id='word_1_233' title='bbox 387 1376 413 1403; x_wconf 92' lang='lat' dir='ltr'><strong>in</strong></span> <span class='ocrx_word' id='word_1_234' title='bbox 439 1383 555 1403; x_wconf 77' lang='lat' dir='ltr'><strong>merre</strong></span> <span class='ocrx_word' id='word_1_235' title='bbox 573 1376 657 1408; x_wconf 84' lang='lat' dir='ltr'><strong>estis,</strong></span> <span class='ocrx_word' id='word_1_236' title='bbox 673 1377 699 1401; x_wconf 92' lang='lat' dir='ltr'><strong>in</strong></span> <span class='ocrx_word' id='word_1_237' title='bbox 723 1374 816 1401; x_wconf 67' lang='lat' dir='ltr'><strong>laetitia</strong></span> <span class='ocrx_word' id='word_1_238' title='bbox 831 1379 937 1401; x_wconf 85' lang='lat' dir='ltr'><strong>verser.</strong></span> 
     </span>
    </p>
   </div>
   <div class='ocr_carea' id='block_1_29' title="bbox 145 1420 939 1458">
    <p class='ocr_par' dir='ltr' id='par_1_29' title="bbox 145 1420 939 1458">
     <span class='ocr_line' id='line_1_29' title="bbox 145 1420 939 1458; baseline -0.005 -7"><span class='ocrx_word' id='word_1_239' title='bbox 145 1424 211 1451; x_wconf 78' lang='lat' dir='ltr'><strong>Cum</strong></span> <span class='ocrx_word' id='word_1_240' title='bbox 226 1431 290 1458; x_wconf 75' lang='lat' dir='ltr'><strong>ergo</strong></span> <span class='ocrx_word' id='word_1_241' title='bbox 305 1431 334 1450; x_wconf 91' lang='lat' dir='ltr'><strong>se</strong></span> <span class='ocrx_word' id='word_1_242' title='bbox 350 1423 407 1458; x_wconf 87' lang='lat' dir='ltr'><strong>ipse</strong></span> <span class='ocrx_word' id='word_1_243' title='bbox 420 1427 574 1450; x_wconf 79' lang='lat' dir='ltr'><strong>excusasset</strong></span> <span class='ocrx_word' id='word_1_244' title='bbox 585 1422 734 1456; x_wconf 77' lang='lat' dir='ltr'><strong>(siquidem</strong></span> <span class='ocrx_word' id='word_1_245' title='bbox 748 1420 882 1456; x_wconf 87' lang='lat' dir='ltr'><strong>plerisque</strong></span> <span class='ocrx_word' id='word_1_246' title='bbox 897 1420 939 1447; x_wconf 89' lang='lat' dir='ltr'><strong>lo-</strong></span> 
     </span>
    </p>
   </div>
   <div class='ocr_carea' id='block_1_30' title="bbox 147 1466 939 1503">
    <p class='ocr_par' dir='ltr' id='par_1_30' title="bbox 147 1466 939 1503">
     <span class='ocr_line' id='line_1_30' title="bbox 147 1466 939 1503; baseline -0.004 -7"><span class='ocrx_word' id='word_1_247' title='bbox 147 1469 187 1497; x_wconf 87' lang='lat' dir='ltr'><strong>cis</strong></span> <span class='ocrx_word' id='word_1_248' title='bbox 201 1476 231 1497; x_wconf 88' lang='lat' dir='ltr'><strong>se</strong></span> <span class='ocrx_word' id='word_1_249' title='bbox 255 1474 380 1502; x_wconf 84' lang='lat' dir='ltr'><strong>excusat;</strong></span> <span class='ocrx_word' id='word_1_250' title='bbox 398 1475 446 1495; x_wconf 89' lang='lat' dir='ltr'><strong>nec</strong></span> <span class='ocrx_word' id='word_1_251' title='bbox 462 1473 603 1503; x_wconf 84' lang='lat' dir='ltr'><strong>propterea</strong></span> <span class='ocrx_word' id='word_1_252' title='bbox 619 1467 754 1495; x_wconf 86' lang='lat' dir='ltr'><strong>erubescit</strong></span> <span class='ocrx_word' id='word_1_253' title='bbox 769 1476 775 1494; x_wconf 92' lang='lat'>:</span> <span class='ocrx_word' id='word_1_254' title='bbox 791 1466 857 1494; x_wconf 84' lang='lat' dir='ltr'><strong>Nam</strong></span> <span class='ocrx_word' id='word_1_255' title='bbox 878 1473 939 1494; x_wconf 92' lang='lat' dir='ltr'><strong>cum</strong></span> 
     </span>
    </p>
   </div>
   <div class='ocr_carea' id='block_1_31' title="bbox 147 1512 940 1548">
    <p class='ocr_par' dir='ltr' id='par_1_31' title="bbox 147 1512 940 1548">
     <span class='ocr_line' id='line_1_31' title="bbox 147 1512 940 1548; baseline -0.006 -5"><span class='ocrx_word' id='word_1_256' title='bbox 147 1515 219 1543; x_wconf 86' lang='lat' dir='ltr'><strong>Deus</strong></span> <span class='ocrx_word' id='word_1_257' title='bbox 233 1515 259 1542; x_wconf 89' lang='lat' dir='ltr'><strong>id</strong></span> <span class='ocrx_word' id='word_1_258' title='bbox 283 1515 363 1542; x_wconf 88' lang='lat' dir='ltr'><strong>faciat</strong></span> <span class='ocrx_word' id='word_1_259' title='bbox 383 1515 492 1546; x_wconf 84' lang='lat' dir='ltr'><strong>dicens,</strong></span> <span class='ocrx_word' id='word_1_260' title='bbox 519 1513 619 1548; x_wconf 79' lang='lat' dir='ltr'><strong>Popttle</strong></span> <span class='ocrx_word' id='word_1_261' title='bbox 634 1522 703 1540; x_wconf 72' lang='lat' dir='ltr'><strong>meus</strong></span> <span class='ocrx_word' id='word_1_262' title='bbox 717 1533 725 1546; x_wconf 91' lang='lat'><strong>,</strong></span> <span class='ocrx_word' id='word_1_263' title='bbox 746 1512 808 1548; x_wconf 85' lang='lat' dir='ltr'><strong>quid</strong></span> <span class='ocrx_word' id='word_1_264' title='bbox 822 1512 871 1547; x_wconf 78' lang='lat' dir='ltr'><strong>feci</strong></span> <span class='ocrx_word' id='word_1_265' title='bbox 895 1512 940 1538; x_wconf 86' lang='lat' dir='ltr'><strong>tibi</strong></span> 
     </span>
    </p>
   </div>
   <div class='ocr_carea' id='block_1_32' title="bbox 148 1556 938 1597">
    <p class='ocr_par' dir='ltr' id='par_1_32' title="bbox 148 1556 938 1597">
     <span class='ocr_line' id='line_1_32' title="bbox 148 1556 938 1597; baseline -0.004 -10"><span class='ocrx_word' id='word_1_266' title='bbox 148 1559 241 1597; x_wconf 58' lang='lat' dir='ltr'><strong>[ﬂictu</strong></span> <span class='ocrx_word' id='word_1_267' title='bbox 256 1562 283 1589; x_wconf 86' lang='lat'><strong>6.</strong></span> <span class='ocrx_word' id='word_1_268' title='bbox 298 1559 338 1596; x_wconf 76' lang='lat'><strong>5]?</strong></span> <span class='ocrx_word' id='word_1_269' title='bbox 348 1560 431 1588; x_wconf 90' lang='lat' dir='ltr'><strong>multo</strong></span> <span class='ocrx_word' id='word_1_270' title='bbox 441 1560 525 1595; x_wconf 80' lang='lat' dir='ltr'><strong>magis</strong></span> <span class='ocrx_word' id='word_1_271' title='bbox 538 1559 562 1586; x_wconf 82' lang='lat' dir='ltr'><strong>id</strong></span> <span class='ocrx_word' id='word_1_272' title='bbox 573 1559 684 1586; x_wconf 85' lang='lat' dir='ltr'><strong>Paulum</strong></span> <span class='ocrx_word' id='word_1_273' title='bbox 695 1559 781 1586; x_wconf 86' lang='lat' dir='ltr'><strong>facere</strong></span> <span class='ocrx_word' id='word_1_274' title='bbox 791 1556 938 1592; x_wconf 88' lang='lat' dir='ltr'><strong>convenit):</strong></span> 
     </span>
    </p>
   </div>
   <div class='ocr_carea' id='block_1_33' title="bbox 147 1605 941 1642">
    <p class='ocr_par' dir='ltr' id='par_1_33' title="bbox 147 1605 941 1642">
     <span class='ocr_line' id='line_1_33' title="bbox 147 1605 941 1642; baseline -0.005 -8"><span class='ocrx_word' id='word_1_275' title='bbox 147 1616 219 1641; x_wconf 83' lang='lat' dir='ltr'><strong>cum,</strong></span> <span class='ocrx_word' id='word_1_276' title='bbox 230 1607 351 1642; x_wconf 88' lang='lat' dir='ltr'><strong>inquam,</strong></span> <span class='ocrx_word' id='word_1_277' title='bbox 366 1615 395 1634; x_wconf 87' lang='lat' dir='ltr'><strong>se</strong></span> <span class='ocrx_word' id='word_1_278' title='bbox 412 1608 468 1642; x_wconf 84' lang='lat' dir='ltr'><strong>ipse</strong></span> <span class='ocrx_word' id='word_1_279' title='bbox 479 1609 645 1638; x_wconf 68' lang='lat' dir='ltr'><strong>excUsasset,</strong></span> <span class='ocrx_word' id='word_1_280' title='bbox 660 1612 691 1632; x_wconf 90' lang='lat' dir='ltr'><strong>ac</strong></span> <span class='ocrx_word' id='word_1_281' title='bbox 704 1605 759 1640; x_wconf 90' lang='lat' dir='ltr'><strong>iam</strong></span> <span class='ocrx_word' id='word_1_282' title='bbox 774 1612 822 1639; x_wconf 92' lang='lat' dir='ltr'><strong>pro</strong></span> <span class='ocrx_word' id='word_1_283' title='bbox 837 1611 869 1632; x_wconf 89' lang='lat' dir='ltr'><strong>eo</strong></span> <span class='ocrx_word' id='word_1_284' title='bbox 880 1611 941 1631; x_wconf 85' lang='lat' dir='ltr'><strong>ver-</strong></span> 
     </span>
    </p>
   </div>
   <div class='ocr_carea' id='block_1_34' title="bbox 148 1651 939 1689">
    <p class='ocr_par' dir='ltr' id='par_1_34' title="bbox 148 1651 939 1689">
     <span class='ocr_line' id='line_1_34' title="bbox 148 1651 939 1689; baseline -0.008 -7"><span class='ocrx_word' id='word_1_285' title='bbox 148 1655 181 1682; x_wconf 90' lang='lat' dir='ltr'><strong>ba</strong></span> <span class='ocrx_word' id='word_1_286' title='bbox 195 1653 283 1683; x_wconf 85' lang='lat' dir='ltr'><strong>facere</strong></span> <span class='ocrx_word' id='word_1_287' title='bbox 294 1658 411 1689; x_wconf 85' lang='lat' dir='ltr'><strong>pararet,</strong></span> <span class='ocrx_word' id='word_1_288' title='bbox 421 1654 465 1688; x_wconf 88' lang='lat' dir='ltr'><strong>qui</strong></span> <span class='ocrx_word' id='word_1_289' title='bbox 480 1653 564 1688; x_wconf 87' lang='lat' dir='ltr'><strong>stupri</strong></span> <span class='ocrx_word' id='word_1_290' title='bbox 576 1652 688 1680; x_wconf 79' lang='lat' dir='ltr'><strong>Crimine</strong></span> <span class='ocrx_word' id='word_1_291' title='bbox 701 1659 732 1679; x_wconf 86' lang='lat' dir='ltr'><strong>se</strong></span> <span class='ocrx_word' id='word_1_292' title='bbox 743 1651 939 1678; x_wconf 78' lang='lat' dir='ltr'><strong>obstrinxerat:</strong></span> 
     </span>
    </p>
   </div>
   <div class='ocr_carea' id='block_1_35' title="bbox 149 1695 941 1734">
    <p class='ocr_par' dir='ltr' id='par_1_35' title="bbox 149 1695 941 1734">
     <span class='ocr_line' id='line_1_35' title="bbox 149 1695 941 1734; baseline -0.005 -8"><span class='ocrx_word' id='word_1_293' title='bbox 149 1707 182 1727; x_wconf 87' lang='lat' dir='ltr'><strong>ne</strong></span> <span class='ocrx_word' id='word_1_294' title='bbox 189 1699 239 1732; x_wconf 87' lang='lat' dir='ltr'><strong>illi,</strong></span> <span class='ocrx_word' id='word_1_295' title='bbox 251 1703 386 1734; x_wconf 85' lang='lat' dir='ltr'><strong>tamquam</strong></span> <span class='ocrx_word' id='word_1_296' title='bbox 393 1699 437 1734; x_wconf 90' lang='lat' dir='ltr'><strong>qui</strong></span> <span class='ocrx_word' id='word_1_297' title='bbox 447 1698 579 1725; x_wconf 80' lang='lat' dir='ltr'><strong>contraria</strong></span> <span class='ocrx_word' id='word_1_298' title='bbox 589 1697 662 1732; x_wconf 84' lang='lat' dir='ltr'><strong>iussa</strong></span> <span class='ocrx_word' id='word_1_299' title='bbox 672 1697 833 1731; x_wconf 87' lang='lat' dir='ltr'><strong>acciperent,</strong></span> <span class='ocrx_word' id='word_1_300' title='bbox 845 1695 941 1723; x_wconf 89' lang='lat' dir='ltr'><strong>distor-</strong></span> 
     </span>
    </p>
   </div>
   <div class='ocr_carea' id='block_1_36' title="bbox 147 1741 940 1780">
    <p class='ocr_par' dir='ltr' id='par_1_36' title="bbox 147 1741 940 1780">
     <span class='ocr_line' id='line_1_36' title="bbox 147 1741 940 1780; baseline -0.004 -9"><span class='ocrx_word' id='word_1_301' title='bbox 147 1749 295 1780; x_wconf 86' lang='lat' dir='ltr'><strong>querentur</strong></span> <span class='ocrx_word' id='word_1_302' title='bbox 319 1744 535 1779; x_wconf 87' lang='lat' dir='ltr'><strong>pertinaciusque</strong></span> <span class='ocrx_word' id='word_1_303' title='bbox 554 1742 767 1774; x_wconf 85' lang='lat' dir='ltr'><strong>contenderent,</strong></span> <span class='ocrx_word' id='word_1_304' title='bbox 783 1741 845 1777; x_wconf 88' lang='lat' dir='ltr'><strong>quia</strong></span> <span class='ocrx_word' id='word_1_305' title='bbox 870 1741 940 1768; x_wconf 85' lang='lat' dir='ltr'><strong>idem</strong></span> 
     </span>
    </p>
   </div>
   <div class='ocr_carea' id='block_1_37' title="bbox 149 1787 941 1826">
    <p class='ocr_par' dir='ltr' id='par_1_37' title="bbox 149 1787 941 1826">
     <span class='ocr_line' id='line_1_37' title="bbox 149 1787 941 1826; baseline -0.004 -8"><span class='ocrx_word' id='word_1_306' title='bbox 149 1791 206 1826; x_wconf 90' lang='lat' dir='ltr'><strong>ipse</strong></span> <span class='ocrx_word' id='word_1_307' title='bbox 217 1795 284 1824; x_wconf 89' lang='lat' dir='ltr'><strong>erat,</strong></span> <span class='ocrx_word' id='word_1_308' title='bbox 301 1791 346 1826; x_wconf 91' lang='lat' dir='ltr'><strong>qui</strong></span> <span class='ocrx_word' id='word_1_309' title='bbox 357 1795 383 1818; x_wconf 90' lang='lat' dir='ltr'><strong>et</strong></span> <span class='ocrx_word' id='word_1_310' title='bbox 398 1795 454 1818; x_wconf 90' lang='lat' dir='ltr'><strong>tum</strong></span> <span class='ocrx_word' id='word_1_311' title='bbox 468 1791 503 1817; x_wconf 90' lang='lat' dir='ltr'><strong>ita</strong></span> <span class='ocrx_word' id='word_1_312' title='bbox 523 1793 660 1817; x_wconf 75' lang='lat' dir='ltr'><strong>exarserat</strong></span> <span class='ocrx_word' id='word_1_313' title='bbox 673 1793 700 1816; x_wconf 88' lang='lat' dir='ltr'><strong>et</strong></span> <span class='ocrx_word' id='word_1_314' title='bbox 715 1796 786 1816; x_wconf 89' lang='lat' dir='ltr'><strong>nunc</strong></span> <span class='ocrx_word' id='word_1_315' title='bbox 799 1795 861 1816; x_wconf 88' lang='lat' dir='ltr'><strong>eum</strong></span> <span class='ocrx_word' id='word_1_316' title='bbox 875 1787 941 1815; x_wconf 89' lang='lat' dir='ltr'><strong>mis-</strong></span> 
     </span>
    </p>
   </div>
   <div class='ocr_carea' id='block_1_38' title="bbox 148 1835 942 1870">
    <p class='ocr_par' dir='ltr' id='par_1_38' title="bbox 148 1835 942 1870">
     <span class='ocr_line' id='line_1_38' title="bbox 148 1835 942 1870; baseline -0.004 -7"><span class='ocrx_word' id='word_1_317' title='bbox 148 1843 207 1863; x_wconf 80' lang='lat' dir='ltr'><strong>sum</strong></span> <span class='ocrx_word' id='word_1_318' title='bbox 222 1835 311 1864; x_wconf 83' lang='lat' dir='ltr'><strong>facere</strong></span> <span class='ocrx_word' id='word_1_319' title='bbox 323 1835 444 1870; x_wconf 88' lang='lat' dir='ltr'><strong>iubebat,</strong></span> <span class='ocrx_word' id='word_1_320' title='bbox 463 1835 524 1863; x_wconf 83' lang='lat' dir='ltr'><strong>vide</strong></span> <span class='ocrx_word' id='word_1_321' title='bbox 535 1842 588 1870; x_wconf 91' lang='lat' dir='ltr'><strong>quo</strong></span> <span class='ocrx_word' id='word_1_322' title='bbox 603 1839 681 1870; x_wconf 88' lang='lat' dir='ltr'><strong>pacto</strong></span> <span class='ocrx_word' id='word_1_323' title='bbox 697 1839 752 1861; x_wconf 92' lang='lat' dir='ltr'><strong>tum</strong></span> <span class='ocrx_word' id='word_1_324' title='bbox 766 1841 813 1869; x_wconf 85' lang='lat' dir='ltr'><strong>per</strong></span> <span class='ocrx_word' id='word_1_325' title='bbox 833 1841 865 1861; x_wconf 89' lang='lat' dir='ltr'><strong>ea</strong></span> <span class='ocrx_word' id='word_1_326' title='bbox 881 1841 942 1868; x_wconf 81' lang='lat' dir='ltr'><strong>quae</strong></span> 
     </span>
    </p>
   </div>
   <div class='ocr_carea' id='block_1_39' title="bbox 148 1880 942 1917">
    <p class='ocr_par' dir='ltr' id='par_1_39' title="bbox 148 1880 942 1917">
     <span class='ocr_line' id='line_1_39' title="bbox 148 1880 942 1917; baseline -0.003 -8"><span class='ocrx_word' id='word_1_327' title='bbox 148 1882 224 1914; x_wconf 83' lang='lat' dir='ltr'><strong>dixit,</strong></span> <span class='ocrx_word' id='word_1_328' title='bbox 239 1887 294 1911; x_wconf 88' lang='lat' dir='ltr'><strong>tum</strong></span> <span class='ocrx_word' id='word_1_329' title='bbox 305 1889 354 1917; x_wconf 90' lang='lat' dir='ltr'><strong>per</strong></span> <span class='ocrx_word' id='word_1_330' title='bbox 367 1890 398 1910; x_wconf 85' lang='lat' dir='ltr'><strong>ea</strong></span> <span class='ocrx_word' id='word_1_331' title='bbox 418 1889 478 1917; x_wconf 70' lang='lat' dir='ltr'><strong>qua:</strong></span> <span class='ocrx_word' id='word_1_332' title='bbox 491 1881 612 1909; x_wconf 88' lang='lat' dir='ltr'><strong>dicturus</strong></span> <span class='ocrx_word' id='word_1_333' title='bbox 636 1885 688 1915; x_wconf 88' lang='lat' dir='ltr'><strong>est,</strong></span> <span class='ocrx_word' id='word_1_334' title='bbox 700 1881 751 1908; x_wconf 84' lang='lat' dir='ltr'><strong>hoc</strong></span> <span class='ocrx_word' id='word_1_335' title='bbox 764 1880 942 1916; x_wconf 73' lang='lat' dir='ltr'><strong>prmmunive-</strong></span> 
     </span>
    </p>
   </div>
   <div class='ocr_carea' id='block_1_40' title="bbox 150 1929 943 1964">
    <p class='ocr_par' dir='ltr' id='par_1_40' title="bbox 150 1929 943 1964">
     <span class='ocr_line' id='line_1_40' title="bbox 150 1929 943 1964; baseline -0.001 -8"><span class='ocrx_word' id='word_1_336' title='bbox 150 1929 195 1956; x_wconf 88' lang='lat' dir='ltr'><strong>rit.</strong></span> <span class='ocrx_word' id='word_1_337' title='bbox 211 1929 280 1964; x_wconf 88' lang='lat' dir='ltr'><strong>Quid</strong></span> <span class='ocrx_word' id='word_1_338' title='bbox 295 1930 367 1957; x_wconf 90' lang='lat' dir='ltr'><strong>enim</strong></span> <span class='ocrx_word' id='word_1_339' title='bbox 393 1929 447 1956; x_wconf 85' lang='lat' dir='ltr'><strong>ait?</strong></span> <span class='ocrx_word' id='word_1_340' title='bbox 461 1929 488 1957; x_wconf 82' lang='lat'><strong>5.</strong></span> <span class='ocrx_word' id='word_1_341' title='bbox 503 1929 534 1956; x_wconf 89' lang='lat' dir='ltr'><strong>Si</strong></span> <span class='ocrx_word' id='word_1_342' title='bbox 546 1929 602 1964; x_wconf 82' lang='lat' dir='ltr'><strong>quis</strong></span> <span class='ocrx_word' id='word_1_343' title='bbox 614 1934 697 1955; x_wconf 79' lang='lat' dir='ltr'><strong>autent</strong></span> <span class='ocrx_word' id='word_1_344' title='bbox 712 1929 876 1962; x_wconf 70' lang='lat' dir='ltr'><strong>contristabit,</strong></span> <span class='ocrx_word' id='word_1_345' title='bbox 892 1936 943 1955; x_wconf 82' lang='lat' dir='ltr'><strong>non</strong></span> 
     </span>
    </p>
   </div>
   <div class='ocr_carea' id='block_1_41' title="bbox 149 1973 942 2010">
    <p class='ocr_par' dir='ltr' id='par_1_41' title="bbox 149 1973 942 2010">
     <span class='ocr_line' id='line_1_41' title="bbox 149 1973 942 2010; baseline -0.001 -8"><span class='ocrx_word' id='word_1_346' title='bbox 149 1984 189 2002; x_wconf 83' lang='lat' dir='ltr'><strong>me</strong></span> <span class='ocrx_word' id='word_1_347' title='bbox 201 1976 368 2003; x_wconf 71' lang='lat' dir='ltr'><strong>contristabit.</strong></span> <span class='ocrx_word' id='word_1_348' title='bbox 383 1975 560 2010; x_wconf 83' lang='lat' dir='ltr'><strong>Posteaquam</strong></span> <span class='ocrx_word' id='word_1_349' title='bbox 572 1975 646 2010; x_wconf 88' lang='lat' dir='ltr'><strong>prius</strong></span> <span class='ocrx_word' id='word_1_350' title='bbox 659 1975 718 2001; x_wconf 90' lang='lat' dir='ltr'><strong>illos</strong></span> <span class='ocrx_word' id='word_1_351' title='bbox 731 1974 860 2008; x_wconf 81' lang='lat' dir='ltr'><strong>laudavit,</strong></span> <span class='ocrx_word' id='word_1_352' title='bbox 871 1973 942 2009; x_wconf 87' lang='lat' dir='ltr'><strong>quod</strong></span> 
     </span>
    </p>
   </div>
   <div class='ocr_carea' id='block_1_42' title="bbox 150 2021 942 2058">
    <p class='ocr_par' dir='ltr' id='par_1_42' title="bbox 150 2021 942 2058">
     <span class='ocr_line' id='line_1_42' title="bbox 150 2021 942 2058; baseline -0.001 -9"><span class='ocrx_word' id='word_1_353' title='bbox 150 2022 244 2050; x_wconf 88' lang='lat' dir='ltr'><strong>iisdem</strong></span> <span class='ocrx_word' id='word_1_354' title='bbox 258 2021 339 2050; x_wconf 87' lang='lat' dir='ltr'><strong>rebus</strong></span> <span class='ocrx_word' id='word_1_355' title='bbox 350 2026 378 2050; x_wconf 89' lang='lat' dir='ltr'><strong>et</strong></span> <span class='ocrx_word' id='word_1_356' title='bbox 388 2022 567 2058; x_wconf 76' lang='lat' dir='ltr'><strong>gaudercntet</strong></span> <span class='ocrx_word' id='word_1_357' title='bbox 577 2025 748 2057; x_wconf 80' lang='lat' dir='ltr'><strong>angerentur,</strong></span> <span class='ocrx_word' id='word_1_358' title='bbox 765 2025 820 2049; x_wconf 90' lang='lat' dir='ltr'><strong>tum</strong></span> <span class='ocrx_word' id='word_1_359' title='bbox 834 2021 942 2049; x_wconf 91' lang='lat' dir='ltr'><strong>demum</strong></span> 
     </span>
    </p>
   </div>
   <div class='ocr_carea' id='block_1_43' title="bbox 150 2067 941 2103">
    <p class='ocr_par' dir='ltr' id='par_1_43' title="bbox 150 2067 941 2103">
     <span class='ocr_line' id='line_1_43' title="bbox 150 2067 941 2103; baseline -0.001 -8"><span class='ocrx_word' id='word_1_360' title='bbox 150 2075 304 2096; x_wconf 84' lang='lat' dir='ltr'><strong>sermonem</strong></span> <span class='ocrx_word' id='word_1_361' title='bbox 319 2068 353 2096; x_wconf 90' lang='lat' dir='ltr'><strong>de</strong></span> <span class='ocrx_word' id='word_1_362' title='bbox 363 2068 413 2096; x_wconf 92' lang='lat' dir='ltr'><strong>hac</strong></span> <span class='ocrx_word' id='word_1_363' title='bbox 427 2075 457 2095; x_wconf 86' lang='lat' dir='ltr'><strong>re</strong></span> <span class='ocrx_word' id='word_1_364' title='bbox 471 2067 623 2103; x_wconf 77' lang='lat' dir='ltr'><strong>aggreditur</strong></span> <span class='ocrx_word' id='word_1_365' title='bbox 639 2075 646 2094; x_wconf 89' lang='lat'><strong>:</strong></span> <span class='ocrx_word' id='word_1_366' title='bbox 663 2075 722 2095; x_wconf 88' lang='lat' dir='ltr'><strong>ctnn</strong></span> <span class='ocrx_word' id='word_1_367' title='bbox 735 2068 808 2103; x_wconf 87' lang='lat' dir='ltr'><strong>prius</strong></span> <span class='ocrx_word' id='word_1_368' title='bbox 819 2067 941 2100; x_wconf 78' lang='lat' dir='ltr'><strong>dixisset,</strong></span> 
     </span>
    </p>
   </div>
   <div class='ocr_carea' id='block_1_44' title="bbox 150 2105 942 2150">
    <p class='ocr_par' dir='ltr' id='par_1_44' title="bbox 150 2105 942 2150">
     <span class='ocr_line' id='line_1_44' title="bbox 150 2105 942 2150; baseline -0.001 -9"><span class='ocrx_word' id='word_1_369' title='bbox 150 2113 279 2141; x_wconf 72' lang='lat' dir='ltr'><strong>Gaudium</strong></span> <span class='ocrx_word' id='word_1_370' title='bbox 294 2122 375 2141; x_wconf 77' lang='lat' dir='ltr'><strong>nteant</strong></span> <span class='ocrx_word' id='word_1_371' title='bbox 385 2119 495 2141; x_wconf 79' lang='lat' dir='ltr'><strong>oestrum</strong></span> <span class='ocrx_word' id='word_1_372' title='bbox 508 2115 619 2141; x_wconf 88' lang='lat' dir='ltr'><strong>omnium</strong></span> <span class='ocrx_word' id='word_1_373' title='bbox 634 2119 680 2141; x_wconf 83' lang='lat' dir='ltr'><strong>est.</strong></span> <span class='ocrx_word' id='word_1_374' title='bbox 695 2105 770 2147; x_wconf 88' lang='lat' dir='ltr'><strong>Quod</strong></span> <span class='ocrx_word' id='word_1_375' title='bbox 782 2113 803 2141; x_wconf 91' lang='lat' dir='ltr'><strong>si</strong></span> <span class='ocrx_word' id='word_1_376' title='bbox 817 2114 942 2150; x_wconf 79' lang='lat' dir='ltr'><strong>gaudium</strong></span> 
     </span>
    </p>
   </div>
   <div class='ocr_carea' id='block_1_45' title="bbox 150 2161 944 2195">
    <p class='ocr_par' dir='ltr' id='par_1_45' title="bbox 150 2161 944 2195">
     <span class='ocr_line' id='line_1_45' title="bbox 150 2161 944 2195; baseline 0 -8"><span class='ocrx_word' id='word_1_377' title='bbox 150 2168 240 2187; x_wconf 91' lang='lat' dir='ltr'><strong>meum</strong></span> <span class='ocrx_word' id='word_1_378' title='bbox 255 2161 375 2188; x_wconf 86' lang='lat' dir='ltr'><strong>omnium</strong></span> <span class='ocrx_word' id='word_1_379' title='bbox 392 2164 511 2188; x_wconf 89' lang='lat' dir='ltr'><strong>vestrum</strong></span> <span class='ocrx_word' id='word_1_380' title='bbox 526 2165 578 2193; x_wconf 72' lang='grc' dir='ltr'><strong>εει,</strong></span> <span class='ocrx_word' id='word_1_381' title='bbox 593 2164 700 2195; x_wconf 85' lang='lat' dir='ltr'><strong>oportet</strong></span> <span class='ocrx_word' id='word_1_382' title='bbox 715 2165 742 2187; x_wconf 86' lang='lat' dir='ltr'><strong>lIl.</strong></span> <span class='ocrx_word' id='word_1_383' title='bbox 755 2168 859 2188; x_wconf 92' lang='lat' dir='ltr'><strong>mecum</strong></span> <span class='ocrx_word' id='word_1_384' title='bbox 873 2168 944 2187; x_wconf 91' lang='lat' dir='ltr'><strong>nunc</strong></span> 
     </span>
    </p>
   </div>
   <div class='ocr_carea' id='block_1_46' title="bbox 150 2206 943 2241">
    <p class='ocr_par' dir='ltr' id='par_1_46' title="bbox 150 2206 943 2241">
     <span class='ocr_line' id='line_1_46' title="bbox 150 2206 943 2241; baseline 0.003 -9"><span class='ocrx_word' id='word_1_385' title='bbox 150 2213 258 2241; x_wconf 79' lang='lat' dir='ltr'><strong>qquue</strong></span> <span class='ocrx_word' id='word_1_386' title='bbox 272 2206 420 2241; x_wconf 81' lang='lat' dir='ltr'><strong>gaudeatis,</strong></span> <span class='ocrx_word' id='word_1_387' title='bbox 435 2210 464 2233; x_wconf 91' lang='lat' dir='ltr'><strong>ut</strong></span> <span class='ocrx_word' id='word_1_388' title='bbox 475 2211 537 2234; x_wconf 89' lang='lat' dir='ltr'><strong>tunc</strong></span> <span class='ocrx_word' id='word_1_389' title='bbox 553 2214 657 2234; x_wconf 89' lang='lat' dir='ltr'><strong>mecum</strong></span> <span class='ocrx_word' id='word_1_390' title='bbox 682 2206 817 2234; x_wconf 88' lang='lat' dir='ltr'><strong>doluistis.</strong></span> <span class='ocrx_word' id='word_1_391' title='bbox 834 2206 900 2234; x_wconf 86' lang='lat' dir='ltr'><strong>Nam</strong></span> <span class='ocrx_word' id='word_1_392' title='bbox 915 2212 943 2234; x_wconf 94' lang='lat' dir='ltr'><strong>ut</strong></span> 
     </span>
    </p>
   </div>
   <div class='ocr_carea' id='block_1_47' title="bbox 151 2251 945 2287">
    <p class='ocr_par' dir='ltr' id='par_1_47' title="bbox 151 2251 945 2287">
     <span class='ocr_line' id='line_1_47' title="bbox 151 2251 945 2287; baseline 0.001 -9"><span class='ocrx_word' id='word_1_393' title='bbox 151 2256 207 2279; x_wconf 92' lang='lat' dir='ltr'><strong>tum</strong></span> <span class='ocrx_word' id='word_1_394' title='bbox 219 2251 336 2279; x_wconf 79' lang='lat' dir='ltr'><strong>dolendo</strong></span> <span class='ocrx_word' id='word_1_395' title='bbox 352 2252 416 2279; x_wconf 92' lang='lat' dir='ltr'><strong>mihi</strong></span> <span class='ocrx_word' id='word_1_396' title='bbox 426 2252 589 2286; x_wconf 88' lang='lat' dir='ltr'><strong>voluptatem</strong></span> <span class='ocrx_word' id='word_1_397' title='bbox 600 2252 738 2285; x_wconf 85' lang='lat' dir='ltr'><strong>attulistis,</strong></span> <span class='ocrx_word' id='word_1_398' title='bbox 755 2253 790 2279; x_wconf 88' lang='lat' dir='ltr'><strong>ita</strong></span> <span class='ocrx_word' id='word_1_399' title='bbox 799 2260 869 2280; x_wconf 88' lang='lat' dir='ltr'><strong>nunc</strong></span> <span class='ocrx_word' id='word_1_400' title='bbox 879 2260 945 2287; x_wconf 75' lang='lat' dir='ltr'><strong>gau-</strong></span> 
     </span>
    </p>
   </div>
   <div class='ocr_carea' id='block_1_48' title="bbox 151 2298 945 2333">
    <p class='ocr_par' dir='ltr' id='par_1_48' title="bbox 151 2298 945 2333">
     <span class='ocr_line' id='line_1_48' title="bbox 151 2298 945 2333; baseline 0.003 -9"><span class='ocrx_word' id='word_1_401' title='bbox 151 2298 250 2331; x_wconf 85' lang='lat' dir='ltr'><strong>dendo,</strong></span> <span class='ocrx_word' id='word_1_402' title='bbox 267 2298 399 2333; x_wconf 86' lang='lat' dir='ltr'><strong>siquidem</strong></span> <span class='ocrx_word' id='word_1_403' title='bbox 414 2298 497 2333; x_wconf 81' lang='lat' dir='ltr'><strong>gavisi</strong></span> <span class='ocrx_word' id='word_1_404' title='bbox 519 2298 630 2331; x_wconf 88' lang='lat' dir='ltr'><strong>fueritis,</strong></span> <span class='ocrx_word' id='word_1_405' title='bbox 647 2298 716 2326; x_wconf 88' lang='lat' dir='ltr'><strong>idem</strong></span> <span class='ocrx_word' id='word_1_406' title='bbox 742 2299 872 2326; x_wconf 78' lang='lat' dir='ltr'><strong>efficietis.</strong></span> <span class='ocrx_word' id='word_1_407' title='bbox 890 2298 945 2326; x_wconf 80' lang='lat' dir='ltr'><strong>Nec</strong></span> 
     </span>
    </p>
   </div>
   <div class='ocr_carea' id='block_1_49' title="bbox 151 2343 944 2378">
    <p class='ocr_par' dir='ltr' id='par_1_49' title="bbox 151 2343 944 2378">
     <span class='ocr_line' id='line_1_49' title="bbox 151 2343 944 2378; baseline 0.003 -8"><span class='ocrx_word' id='word_1_408' title='bbox 151 2343 226 2374; x_wconf 79' lang='lat' dir='ltr'><strong>dixit.</strong></span> <span class='ocrx_word' id='word_1_409' title='bbox 242 2343 341 2372; x_wconf 68' lang='lat' dir='ltr'><strong>Mmror</strong></span> <span class='ocrx_word' id='word_1_410' title='bbox 357 2351 432 2372; x_wconf 90' lang='lat' dir='ltr'><strong>meus</strong></span> <span class='ocrx_word' id='word_1_411' title='bbox 443 2352 543 2372; x_wconf 68' lang='lat' dir='ltr'><strong>mceror</strong></span> <span class='ocrx_word' id='word_1_412' title='bbox 558 2345 676 2372; x_wconf 92' lang='lat' dir='ltr'><strong>omnium</strong></span> <span class='ocrx_word' id='word_1_413' title='bbox 691 2349 809 2373; x_wconf 91' lang='lat' dir='ltr'><strong>vestrum</strong></span> <span class='ocrx_word' id='word_1_414' title='bbox 821 2349 876 2378; x_wconf 88' lang='lat' dir='ltr'><strong>est;</strong></span> <span class='ocrx_word' id='word_1_415' title='bbox 896 2345 944 2372; x_wconf 86' lang='lat' dir='ltr'><strong>sed</strong></span> 
     </span>
    </p>
   </div>
   <div class='ocr_carea' id='block_1_50' title="bbox 151 2391 943 2425">
    <p class='ocr_par' dir='ltr' id='par_1_50' title="bbox 151 2391 943 2425">
     <span class='ocr_line' id='line_1_50' title="bbox 151 2391 943 2425; baseline 0 -7"><span class='ocrx_word' id='word_1_416' title='bbox 151 2399 212 2419; x_wconf 89' lang='lat' dir='ltr'><strong>cum</strong></span> <span class='ocrx_word' id='word_1_417' title='bbox 232 2392 259 2419; x_wconf 94' lang='lat' dir='ltr'><strong>in</strong></span> <span class='ocrx_word' id='word_1_418' title='bbox 283 2392 344 2420; x_wconf 87' lang='lat' dir='ltr'><strong>aliis</strong></span> <span class='ocrx_word' id='word_1_419' title='bbox 367 2392 434 2420; x_wconf 84' lang='lat' dir='ltr'><strong>locis</strong></span> <span class='ocrx_word' id='word_1_420' title='bbox 448 2393 499 2420; x_wconf 83' lang='lat' dir='ltr'><strong>hoc</strong></span> <span class='ocrx_word' id='word_1_421' title='bbox 514 2392 700 2425; x_wconf 74' lang='lat' dir='ltr'><strong>adstruxisset,</strong></span> <span class='ocrx_word' id='word_1_422' title='bbox 716 2400 787 2419; x_wconf 92' lang='lat' dir='ltr'><strong>nunc</strong></span> <span class='ocrx_word' id='word_1_423' title='bbox 806 2391 832 2420; x_wconf 94' lang='lat' dir='ltr'><strong>id</strong></span> <span class='ocrx_word' id='word_1_424' title='bbox 847 2392 943 2424; x_wconf 87' lang='lat' dir='ltr'><strong>solum,</strong></span> 
     </span>
    </p>
   </div>
   <div class='ocr_carea' id='block_1_51' title="bbox 151 2437 944 2473">
    <p class='ocr_par' dir='ltr' id='par_1_51' title="bbox 151 2437 944 2473">
     <span class='ocr_line' id='line_1_51' title="bbox 151 2437 944 2473; baseline -0.001 -8"><span class='ocrx_word' id='word_1_425' title='bbox 151 2445 206 2473; x_wconf 85' lang='lat' dir='ltr'><strong>quo</strong></span> <span class='ocrx_word' id='word_1_426' title='bbox 219 2437 335 2465; x_wconf 85' lang='lat' dir='ltr'><strong>habebat</strong></span> <span class='ocrx_word' id='word_1_427' title='bbox 356 2445 435 2472; x_wconf 86' lang='lat' dir='ltr'><strong>opus,</strong></span> <span class='ocrx_word' id='word_1_428' title='bbox 452 2438 552 2472; x_wconf 89' lang='lat' dir='ltr'><strong>posuit,</strong></span> <span class='ocrx_word' id='word_1_429' title='bbox 569 2445 666 2472; x_wconf 84' lang='lat' dir='ltr'><strong>nempe</strong></span> <span class='ocrx_word' id='word_1_430' title='bbox 679 2438 816 2473; x_wconf 77' lang='lat' dir='ltr'><strong>gaudium,</strong></span> <span class='ocrx_word' id='word_1_431' title='bbox 841 2437 944 2469; x_wconf 87' lang='lat' dir='ltr'><strong>dicens,</strong></span> 
     </span>
    </p>
   </div>
   <div class='ocr_carea' id='block_1_52' title="bbox 151 2482 946 2519">
    <p class='ocr_par' dir='ltr' id='par_1_52' title="bbox 151 2482 946 2519">
     <span class='ocr_line' id='line_1_52' title="bbox 151 2482 946 2519; baseline 0 -8"><span class='ocrx_word' id='word_1_432' title='bbox 151 2482 284 2511; x_wconf 84' lang='lat' dir='ltr'><strong>Gaudium</strong></span> <span class='ocrx_word' id='word_1_433' title='bbox 300 2492 383 2511; x_wconf 71' lang='lat' dir='ltr'><strong>meum</strong></span> <span class='ocrx_word' id='word_1_434' title='bbox 394 2484 506 2511; x_wconf 73' lang='lat' dir='ltr'><strong>ontnium</strong></span> <span class='ocrx_word' id='word_1_435' title='bbox 521 2489 628 2511; x_wconf 77' lang='lat' dir='ltr'><strong>vestrum</strong></span> <span class='ocrx_word' id='word_1_436' title='bbox 642 2489 687 2512; x_wconf 80' lang='lat' dir='ltr'><strong>est.</strong></span> <span class='ocrx_word' id='word_1_437' title='bbox 712 2484 811 2511; x_wconf 84' lang='lat' dir='ltr'><strong>Deinde</strong></span> <span class='ocrx_word' id='word_1_438' title='bbox 827 2485 946 2519; x_wconf 84' lang='lat' dir='ltr'><strong>superio-</strong></span> 
     </span>
    </p>
   </div>
   <div class='ocr_carea' id='block_1_53' title="bbox 154 2530 945 2566">
    <p class='ocr_par' dir='ltr' id='par_1_53' title="bbox 154 2530 945 2566">
     <span class='ocr_line' id='line_1_53' title="bbox 154 2530 945 2566; baseline -0.001 -8"><span class='ocrx_word' id='word_1_439' title='bbox 154 2539 210 2558; x_wconf 89' lang='lat' dir='ltr'><strong>rem</strong></span> <span class='ocrx_word' id='word_1_440' title='bbox 222 2538 332 2566; x_wconf 90' lang='lat' dir='ltr'><strong>quoqne</strong></span> <span class='ocrx_word' id='word_1_441' title='bbox 346 2531 470 2558; x_wconf 84' lang='lat' dir='ltr'><strong>meminit</strong></span> <span class='ocrx_word' id='word_1_442' title='bbox 484 2530 525 2557; x_wconf 89' lang='lat' dir='ltr'><strong>his</strong></span> <span class='ocrx_word' id='word_1_443' title='bbox 538 2531 626 2558; x_wconf 84' lang='lat' dir='ltr'><strong>verbis</strong></span> <span class='ocrx_word' id='word_1_444' title='bbox 643 2538 649 2556; x_wconf 89' lang='lat'>:</span> <span class='ocrx_word' id='word_1_445' title='bbox 667 2531 697 2558; x_wconf 85' lang='lat' dir='ltr'><strong>Si</strong></span> <span class='ocrx_word' id='word_1_446' title='bbox 710 2531 766 2565; x_wconf 76' lang='lat' dir='ltr'><strong>quis</strong></span> <span class='ocrx_word' id='word_1_447' title='bbox 779 2537 863 2557; x_wconf 72' lang='lat' dir='ltr'><strong>autem</strong></span> <span class='ocrx_word' id='word_1_448' title='bbox 882 2539 945 2558; x_wconf 82' lang='lat' dir='ltr'><strong>con-</strong></span> 
     </span>
    </p>
   </div>
   <div class='ocr_carea' id='block_1_54' title="bbox 153 2575 949 2610">
    <p class='ocr_par' dir='ltr' id='par_1_54' title="bbox 153 2575 949 2610">
     <span class='ocr_line' id='line_1_54' title="bbox 153 2575 949 2610; baseline 0.001 -9"><span class='ocrx_word' id='word_1_449' title='bbox 153 2575 271 2608; x_wconf 71' lang='lat' dir='ltr'><strong>trietaoit,</strong></span> <span class='ocrx_word' id='word_1_450' title='bbox 284 2583 336 2602; x_wconf 82' lang='lat' dir='ltr'><strong>non</strong></span> <span class='ocrx_word' id='word_1_451' title='bbox 350 2583 389 2602; x_wconf 90' lang='lat' dir='ltr'><strong>me</strong></span> <span class='ocrx_word' id='word_1_452' title='bbox 401 2576 567 2608; x_wconf 72' lang='lat' dir='ltr'><strong>contristabit,</strong></span> <span class='ocrx_word' id='word_1_453' title='bbox 584 2576 628 2602; x_wconf 77' lang='lat' dir='ltr'><strong>sed</strong></span> <span class='ocrx_word' id='word_1_454' title='bbox 643 2584 673 2602; x_wconf 76' lang='lat' dir='ltr'><strong>ea:</strong></span> <span class='ocrx_word' id='word_1_455' title='bbox 683 2581 763 2610; x_wconf 78' lang='lat' dir='ltr'><strong>parte,</strong></span> <span class='ocrx_word' id='word_1_456' title='bbox 779 2580 805 2602; x_wconf 89' lang='lat' dir='ltr'><strong>ut</strong></span> <span class='ocrx_word' id='word_1_457' title='bbox 827 2584 876 2602; x_wconf 84' lang='lat' dir='ltr'><strong>non</strong></span> <span class='ocrx_word' id='word_1_458' title='bbox 891 2584 949 2602; x_wconf 81' lang='lat' dir='ltr'><strong>one-</strong></span> 
     </span>
    </p>
   </div>
   <div class='ocr_carea' id='block_1_55' title="bbox 155 2622 948 2660">
    <p class='ocr_par' dir='ltr' id='par_1_55' title="bbox 155 2622 948 2660">
     <span class='ocr_line' id='line_1_55' title="bbox 155 2622 948 2660; baseline 0.001 -11"><span class='ocrx_word' id='word_1_459' title='bbox 155 2631 205 2649; x_wconf 83' lang='lat' dir='ltr'><strong>rent</strong></span> <span class='ocrx_word' id='word_1_460' title='bbox 216 2630 260 2649; x_wconf 69' lang='lat' dir='ltr'><strong>vos</strong></span> <span class='ocrx_word' id='word_1_461' title='bbox 270 2630 367 2649; x_wconf 75' lang='lat' dir='ltr'><strong>omnes.</strong></span> <span class='ocrx_word' id='word_1_462' title='bbox 377 2622 446 2653; x_wconf 85' lang='lat' dir='ltr'><strong>Scio,</strong></span> <span class='ocrx_word' id='word_1_463' title='bbox 464 2622 559 2657; x_wconf 83' lang='lat' dir='ltr'><strong>inquit,</strong></span> <span class='ocrx_word' id='word_1_464' title='bbox 574 2623 646 2657; x_wconf 89' lang='lat' dir='ltr'><strong>quod</strong></span> <span class='ocrx_word' id='word_1_465' title='bbox 666 2623 703 2649; x_wconf 84' lang='lat' dir='ltr'><strong>ira</strong></span> <span class='ocrx_word' id='word_1_466' title='bbox 718 2628 745 2650; x_wconf 89' lang='lat' dir='ltr'><strong>e&#39;.</strong></span> <span class='ocrx_word' id='word_1_467' title='bbox 765 2623 948 2660; x_wconf 76' lang='lat' dir='ltr'><strong>indignatione</strong></span> 
     </span>
    </p>
   </div>
   <div class='ocr_carea' id='block_1_56' title="bbox 155 2668 950 2705">
    <p class='ocr_par' dir='ltr' id='par_1_56' title="bbox 155 2668 950 2705">
     <span class='ocr_line' id='line_1_56' title="bbox 155 2668 950 2705; baseline -0.001 -8"><span class='ocrx_word' id='word_1_468' title='bbox 155 2676 261 2697; x_wconf 87' lang='lat' dir='ltr'><strong>mecum</strong></span> <span class='ocrx_word' id='word_1_469' title='bbox 276 2668 403 2696; x_wconf 91' lang='lat' dir='ltr'><strong>commoti</strong></span> <span class='ocrx_word' id='word_1_470' title='bbox 419 2669 504 2696; x_wconf 84' lang='lat' dir='ltr'><strong>fuistis</strong></span> <span class='ocrx_word' id='word_1_471' title='bbox 516 2673 625 2704; x_wconf 83' lang='lat' dir='ltr'><strong>propter</strong></span> <span class='ocrx_word' id='word_1_472' title='bbox 637 2677 697 2697; x_wconf 91' lang='lat' dir='ltr'><strong>eum</strong></span> <span class='ocrx_word' id='word_1_473' title='bbox 712 2670 757 2705; x_wconf 91' lang='lat' dir='ltr'><strong>qui</strong></span> <span class='ocrx_word' id='word_1_474' title='bbox 768 2675 890 2705; x_wconf 88' lang='lat' dir='ltr'><strong>stuprum</strong></span> <span class='ocrx_word' id='word_1_475' title='bbox 902 2670 950 2697; x_wconf 92' lang='lat' dir='ltr'><strong>ad-</strong></span> 
     </span>
    </p>
   </div>
   <div class='ocr_carea' id='block_1_57' title="bbox 155 2715 950 2752">
    <p class='ocr_par' dir='ltr' id='par_1_57' title="bbox 155 2715 950 2752">
     <span class='ocr_line' id='line_1_57' title="bbox 155 2715 950 2752; baseline 0 -9"><span class='ocrx_word' id='word_1_476' title='bbox 155 2716 266 2744; x_wconf 85' lang='lat' dir='ltr'><strong>miserat</strong></span> <span class='ocrx_word' id='word_1_477' title='bbox 281 2724 288 2741; x_wconf 90' lang='lat'><strong>:</strong></span> <span class='ocrx_word' id='word_1_478' title='bbox 303 2720 383 2751; x_wconf 88' lang='lat' dir='ltr'><strong>atque</strong></span> <span class='ocrx_word' id='word_1_479' title='bbox 397 2715 449 2742; x_wconf 92' lang='lat' dir='ltr'><strong>hoc</strong></span> <span class='ocrx_word' id='word_1_480' title='bbox 471 2715 573 2743; x_wconf 88' lang='lat' dir='ltr'><strong>facinus</strong></span> <span class='ocrx_word' id='word_1_481' title='bbox 586 2724 632 2742; x_wconf 79' lang='lat' dir='ltr'><strong>vos</strong></span> <span class='ocrx_word' id='word_1_482' title='bbox 646 2724 741 2743; x_wconf 87' lang='lat' dir='ltr'><strong>omnes</strong></span> <span class='ocrx_word' id='word_1_483' title='bbox 754 2725 785 2743; x_wconf 84' lang='lat' dir='ltr'><strong>ex</strong></span> <span class='ocrx_word' id='word_1_484' title='bbox 798 2721 950 2752; x_wconf 80' lang='lat' dir='ltr'><strong>partorum-</strong></span> 
     </span>
    </p>
   </div>
   <div class='ocr_carea' id='block_1_58' title="bbox 155 2760 951 2797">
    <p class='ocr_par' dir='ltr' id='par_1_58' title="bbox 155 2760 951 2797">
     <span class='ocr_line' id='line_1_58' title="bbox 155 2760 951 2797; baseline 0.003 -9"><span class='ocrx_word' id='word_1_485' title='bbox 155 2761 226 2789; x_wconf 82' lang='lat' dir='ltr'><strong>stitia</strong></span> <span class='ocrx_word' id='word_1_486' title='bbox 237 2760 338 2789; x_wconf 71' lang='lat' dir='ltr'><strong>aﬂecit.</strong></span> <span class='ocrx_word' id='word_1_487' title='bbox 357 2761 445 2795; x_wconf 83' lang='lat' dir='ltr'><strong>Atque</strong></span> <span class='ocrx_word' id='word_1_488' title='bbox 456 2760 516 2788; x_wconf 85' lang='lat' dir='ltr'><strong>ideo</strong></span> <span class='ocrx_word' id='word_1_489' title='bbox 530 2761 596 2793; x_wconf 80' lang='lat' dir='ltr'><strong>dixi,</strong></span> <span class='ocrx_word' id='word_1_490' title='bbox 610 2761 651 2788; x_wconf 72' lang='lat' dir='ltr'><strong>Ea:</strong></span> <span class='ocrx_word' id='word_1_491' title='bbox 665 2767 745 2796; x_wconf 78' lang='lat' dir='ltr'><strong>parte,</strong></span> <span class='ocrx_word' id='word_1_492' title='bbox 760 2769 812 2789; x_wconf 94' lang='lat' dir='ltr'><strong>non</strong></span> <span class='ocrx_word' id='word_1_493' title='bbox 824 2762 894 2797; x_wconf 87' lang='lat' dir='ltr'><strong>quod</strong></span> <span class='ocrx_word' id='word_1_494' title='bbox 904 2769 951 2790; x_wconf 86' lang='lat' dir='ltr'><strong>vos</strong></span> 
     </span>
    </p>
   </div>
   <div class='ocr_carea' id='block_1_59' title="bbox 155 2806 950 2844">
    <p class='ocr_par' dir='ltr' id='par_1_59' title="bbox 155 2806 950 2844">
     <span class='ocr_line' id='line_1_59' title="bbox 155 2806 950 2844; baseline 0.001 -9"><span class='ocrx_word' id='word_1_495' title='bbox 155 2808 288 2836; x_wconf 86' lang='lat' dir='ltr'><strong>minorem</strong></span> <span class='ocrx_word' id='word_1_496' title='bbox 302 2806 365 2834; x_wconf 87' lang='lat' dir='ltr'><strong>inde</strong></span> <span class='ocrx_word' id='word_1_497' title='bbox 380 2814 523 2834; x_wconf 73' lang='lat' dir='ltr'><strong>mmrorcm</strong></span> <span class='ocrx_word' id='word_1_498' title='bbox 538 2808 706 2842; x_wconf 81' lang='lat' dir='ltr'><strong>acceperitis,</strong></span> <span class='ocrx_word' id='word_1_499' title='bbox 722 2816 802 2843; x_wconf 86' lang='lat' dir='ltr'><strong>quam</strong></span> <span class='ocrx_word' id='word_1_500' title='bbox 812 2806 883 2844; x_wconf 57' lang='lat' dir='ltr'><strong>‘cgo:</strong></span> <span class='ocrx_word' id='word_1_501' title='bbox 903 2809 950 2836; x_wconf 88' lang='lat' dir='ltr'><strong>scd</strong></span> 
     </span>
    </p>
   </div>
   <div class='ocr_carea' id='block_1_60' title="bbox 155 2854 948 2891">
    <p class='ocr_par' dir='ltr' id='par_1_60' title="bbox 155 2854 948 2891">
     <span class='ocr_line' id='line_1_60' title="bbox 155 2854 948 2891; baseline -0.001 -8"><span class='ocrx_word' id='word_1_502' title='bbox 155 2862 188 2883; x_wconf 87' lang='lat' dir='ltr'><strong>ne</strong></span> <span class='ocrx_word' id='word_1_503' title='bbox 202 2856 292 2891; x_wconf 87' lang='lat' dir='ltr'><strong>illum,</strong></span> <span class='ocrx_word' id='word_1_504' title='bbox 304 2854 351 2889; x_wconf 86' lang='lat' dir='ltr'><strong>qui</strong></span> <span class='ocrx_word' id='word_1_505' title='bbox 364 2858 485 2888; x_wconf 80' lang='lat' dir='ltr'><strong>stuprum</strong></span> <span class='ocrx_word' id='word_1_506' title='bbox 502 2854 675 2888; x_wconf 76' lang='lat' dir='ltr'><strong>perpetravit,</strong></span> <span class='ocrx_word' id='word_1_507' title='bbox 691 2854 801 2883; x_wconf 88' lang='lat' dir='ltr'><strong>nimium</strong></span> <span class='ocrx_word' id='word_1_508' title='bbox 827 2863 948 2883; x_wconf 81' lang='lat' dir='ltr'><strong>onerent.</strong></span> 
     </span>
    </p>
   </div>
   <div class='ocr_carea' id='block_1_61' title="bbox 326 2908 646 2941">
    <p class='ocr_par' dir='ltr' id='par_1_61' title="bbox 326 2908 646 2941">
     <span class='ocr_line' id='line_1_61' title="bbox 326 2908 646 2941; baseline -0.003 0"><span class='ocrx_word' id='word_1_509' title='bbox 326 2917 461 2941; x_wconf 64' lang='grc' dir='ltr'><strong>,νη-κοίη</strong></span> <span class='ocrx_word' id='word_1_510' title='bbox 485 2908 543 2938; x_wconf 76' lang='lat' dir='ltr'><strong>Gn.</strong></span> <span class='ocrx_word' id='word_1_511' title='bbox 568 2910 646 2940; x_wconf 76' lang='lat' dir='ltr'><strong>LXI.</strong></span> 
     </span>
    </p>
   </div>
   <div class='ocr_carea' id='block_1_62' title="bbox 649 115 1233 149">
    <p class='ocr_par' dir='ltr' id='par_1_62' title="bbox 649 115 1233 149">
     <span class='ocr_line' id='line_1_62' title="bbox 649 115 1233 149; baseline 0 0"><span class='ocrx_word' id='word_1_512' title='bbox 649 116 684 149; x_wconf 72' lang='grc' dir='ltr'><strong>ἶΝ</strong></span> <span class='ocrx_word' id='word_1_513' title='bbox 705 117 812 149; x_wconf 71' lang='grc' dir='ltr'><strong>ΕῬΙΞΤ.</strong></span> <span class='ocrx_word' id='word_1_514' title='bbox 832 118 854 147; x_wconf 90' lang='grc'><strong>11</strong></span> <span class='ocrx_word' id='word_1_515' title='bbox 887 115 932 146; x_wconf 82' lang='lat' dir='ltr'><strong>AD</strong></span> <span class='ocrx_word' id='word_1_516' title='bbox 952 116 1030 146; x_wconf 73' lang='lat' dir='ltr'><strong>(10R.</strong></span> <span class='ocrx_word' id='word_1_517' title='bbox 1053 117 1166 147; x_wconf 79' lang='lat' dir='ltr'><strong>IIOIIIL.</strong></span> <span class='ocrx_word' id='word_1_518' title='bbox 1188 118 1233 149; x_wconf 80' lang='grc' dir='ltr'><strong>ιν.</strong></span> 
     </span>
    </p>
   </div>
   <div class='ocr_carea' id='block_1_63' title="bbox 1727 123 1778 152">
    <p class='ocr_par' dir='ltr' id='par_1_63' title="bbox 1727 123 1778 152">
     <span class='ocr_line' id='line_1_63' title="bbox 1727 123 1778 152; baseline -0.02 0"><span class='ocrx_word' id='word_1_519' title='bbox 1727 123 1778 152; x_wconf 66' lang='grc' dir='ltr'><strong>ΗΞ</strong></span> 
     </span>
    </p>
   </div>
   <div class='ocr_carea' id='block_1_64' title="bbox 986 176 1778 215">
    <p class='ocr_par' dir='ltr' id='par_1_64' title="bbox 986 176 1778 215">
     <span class='ocr_line' id='line_1_64' title="bbox 986 176 1778 215; baseline 0.008 -11"><span class='ocrx_word' id='word_1_520' title='bbox 986 176 1117 210; x_wconf 80' lang='lat' dir='ltr'><strong>Quocirca</strong></span> <span class='ocrx_word' id='word_1_521' title='bbox 1132 185 1184 205; x_wconf 89' lang='lat' dir='ltr'><strong>non</strong></span> <span class='ocrx_word' id='word_1_522' title='bbox 1195 177 1331 206; x_wconf 86' lang='lat' dir='ltr'><strong>mesolum</strong></span> <span class='ocrx_word' id='word_1_523' title='bbox 1341 177 1386 205; x_wconf 85' lang='lat' dir='ltr'><strong>ille</strong></span> <span class='ocrx_word' id='word_1_524' title='bbox 1396 177 1421 205; x_wconf 90' lang='lat' dir='ltr'><strong>in</strong></span> <span class='ocrx_word' id='word_1_525' title='bbox 1433 185 1577 206; x_wconf 79' lang='lat' dir='ltr'><strong>mcerorem</strong></span> <span class='ocrx_word' id='word_1_526' title='bbox 1590 180 1715 215; x_wconf 81' lang='lat' dir='ltr'><strong>coniecit,</strong></span> <span class='ocrx_word' id='word_1_527' title='bbox 1731 182 1778 209; x_wconf 86' lang='lat' dir='ltr'><strong>sed</strong></span> 
     </span>
    </p>
   </div>
   <div class='ocr_carea' id='block_1_65' title="bbox 987 223 1776 260">
    <p class='ocr_par' dir='ltr' id='par_1_65' title="bbox 987 223 1776 260">
     <span class='ocr_line' id='line_1_65' title="bbox 987 223 1776 260; baseline 0.009 -12"><span class='ocrx_word' id='word_1_528' title='bbox 987 230 1034 250; x_wconf 87' lang='lat' dir='ltr'><strong>vos</strong></span> <span class='ocrx_word' id='word_1_529' title='bbox 1056 223 1137 250; x_wconf 90' lang='lat' dir='ltr'><strong>etiam</strong></span> <span class='ocrx_word' id='word_1_530' title='bbox 1161 230 1270 257; x_wconf 87' lang='lat' dir='ltr'><strong>omnes;</strong></span> <span class='ocrx_word' id='word_1_531' title='bbox 1295 224 1399 252; x_wconf 86' lang='lat' dir='ltr'><strong>etiamsi</strong></span> <span class='ocrx_word' id='word_1_532' title='bbox 1415 228 1445 252; x_wconf 88' lang='lat' dir='ltr'><strong>ut</strong></span> <span class='ocrx_word' id='word_1_533' title='bbox 1458 224 1639 260; x_wconf 80' lang='lat' dir='ltr'><strong>indulgentius</strong></span> <span class='ocrx_word' id='word_1_534' title='bbox 1660 234 1721 254; x_wconf 88' lang='lat' dir='ltr'><strong>cum</strong></span> <span class='ocrx_word' id='word_1_535' title='bbox 1742 236 1776 255; x_wconf 84' lang='lat' dir='ltr'><strong>eo</strong></span> 
     </span>
    </p>
   </div>
   <div class='ocr_carea' id='block_1_66' title="bbox 986 269 1778 305">
    <p class='ocr_par' dir='ltr' id='par_1_66' title="bbox 986 269 1778 305">
     <span class='ocr_line' id='line_1_66' title="bbox 986 269 1778 305; baseline 0.008 -10"><span class='ocrx_word' id='word_1_536' title='bbox 986 275 1103 303; x_wconf 76' lang='lat' dir='ltr'><strong>agerem,</strong></span> <span class='ocrx_word' id='word_1_537' title='bbox 1121 269 1187 303; x_wconf 84' lang='lat' dir='ltr'><strong>dixi,</strong></span> <span class='ocrx_word' id='word_1_538' title='bbox 1205 269 1246 296; x_wconf 72' lang='lat' dir='ltr'><strong>Ex</strong></span> <span class='ocrx_word' id='word_1_539' title='bbox 1257 274 1337 304; x_wconf 74' lang='lat' dir='ltr'><strong>parte.</strong></span> <span class='ocrx_word' id='word_1_540' title='bbox 1349 269 1432 298; x_wconf 80' lang='lat' dir='ltr'><strong>Vides</strong></span> <span class='ocrx_word' id='word_1_541' title='bbox 1444 271 1580 305; x_wconf 88' lang='lat' dir='ltr'><strong>quomodo</strong></span> <span class='ocrx_word' id='word_1_542' title='bbox 1594 272 1683 298; x_wconf 87' lang='lat' dir='ltr'><strong>statim</strong></span> <span class='ocrx_word' id='word_1_543' title='bbox 1694 272 1778 301; x_wconf 84' lang='lat' dir='ltr'><strong>iratos</strong></span> 
     </span>
    </p>
   </div>
   <div class='ocr_carea' id='block_1_67' title="bbox 986 315 1778 353">
    <p class='ocr_par' dir='ltr' id='par_1_67' title="bbox 986 315 1778 353">
     <span class='ocr_line' id='line_1_67' title="bbox 986 315 1778 353; baseline 0.008 -13"><span class='ocrx_word' id='word_1_544' title='bbox 986 321 1079 342; x_wconf 66' lang='lat' dir='ltr'><strong>eorum</strong></span> <span class='ocrx_word' id='word_1_545' title='bbox 1089 316 1194 344; x_wconf 90' lang='lat' dir='ltr'><strong>animos</strong></span> <span class='ocrx_word' id='word_1_546' title='bbox 1206 315 1322 350; x_wconf 89' lang='lat' dir='ltr'><strong>lenicrit,</strong></span> <span class='ocrx_word' id='word_1_547' title='bbox 1332 323 1392 344; x_wconf 89' lang='lat' dir='ltr'><strong>cum</strong></span> <span class='ocrx_word' id='word_1_548' title='bbox 1404 316 1523 344; x_wconf 88' lang='lat' dir='ltr'><strong>ostendit</strong></span> <span class='ocrx_word' id='word_1_549' title='bbox 1534 316 1607 351; x_wconf 89' lang='lat' dir='ltr'><strong>ipsos</strong></span> <span class='ocrx_word' id='word_1_550' title='bbox 1616 317 1778 353; x_wconf 71' lang='lat' dir='ltr'><strong>indignatio-</strong></span> 
     </span>
    </p>
   </div>
   <div class='ocr_carea' id='block_1_68' title="bbox 986 361 1780 400">
    <p class='ocr_par' dir='ltr' id='par_1_68' title="bbox 986 361 1780 400">
     <span class='ocr_line' id='line_1_68' title="bbox 986 361 1780 400; baseline 0.006 -14"><span class='ocrx_word' id='word_1_551' title='bbox 986 367 1027 387; x_wconf 85' lang='lat' dir='ltr'><strong>ms</strong></span> <span class='ocrx_word' id='word_1_552' title='bbox 1042 367 1148 396; x_wconf 88' lang='lat' dir='ltr'><strong>quoque</strong></span> <span class='ocrx_word' id='word_1_553' title='bbox 1162 362 1303 396; x_wconf 88' lang='lat' dir='ltr'><strong>participes</strong></span> <span class='ocrx_word' id='word_1_554' title='bbox 1317 361 1417 389; x_wconf 83' lang='lat' dir='ltr'><strong>fuisse?</strong></span> <span class='ocrx_word' id='word_1_555' title='bbox 1431 362 1457 389; x_wconf 88' lang='lat'><strong>6.</strong></span> <span class='ocrx_word' id='word_1_556' title='bbox 1473 361 1570 398; x_wconf 60' lang='grc' dir='ltr'><strong>διψίεᾶ</strong></span> <span class='ocrx_word' id='word_1_557' title='bbox 1579 363 1619 390; x_wconf 79' lang='lat' dir='ltr'><strong>illi</strong></span> <span class='ocrx_word' id='word_1_558' title='bbox 1632 384 1639 396; x_wconf 87' lang='lat'><strong>,</strong></span> <span class='ocrx_word' id='word_1_559' title='bbox 1655 365 1698 398; x_wconf 86' lang='lat' dir='ltr'><strong>qui</strong></span> <span class='ocrx_word' id='word_1_560' title='bbox 1708 365 1780 400; x_wconf 69' lang='lat' dir='ltr'><strong>ejus-</strong></span> 
     </span>
    </p>
   </div>
   <div class='ocr_carea' id='block_1_69' title="bbox 986 406 1778 443">
    <p class='ocr_par' dir='ltr' id='par_1_69' title="bbox 986 406 1778 443">
     <span class='ocr_line' id='line_1_69' title="bbox 986 406 1778 443; baseline 0.005 -10"><span class='ocrx_word' id='word_1_561' title='bbox 986 406 1055 433; x_wconf 85' lang='lat' dir='ltr'><strong>modi</strong></span> <span class='ocrx_word' id='word_1_562' title='bbox 1073 411 1110 434; x_wconf 75' lang='lat' dir='ltr'><strong>est</strong></span> <span class='ocrx_word' id='word_1_563' title='bbox 1122 428 1130 440; x_wconf 92' lang='lat'><strong>,</strong></span> <span class='ocrx_word' id='word_1_564' title='bbox 1145 407 1289 442; x_wconf 84' lang='lat' dir='ltr'><strong>objurgatio</strong></span> <span class='ocrx_word' id='word_1_565' title='bbox 1302 416 1332 434; x_wconf 87' lang='lat' dir='ltr'><strong>ea</strong></span> <span class='ocrx_word' id='word_1_566' title='bbox 1345 415 1401 442; x_wconf 70' lang='lat' dir='ltr'><strong>qum</strong></span> <span class='ocrx_word' id='word_1_567' title='bbox 1411 408 1441 441; x_wconf 81' lang='lat' dir='ltr'><strong>ﬁt</strong></span> <span class='ocrx_word' id='word_1_568' title='bbox 1460 415 1475 434; x_wconf 76' lang='grc' dir='ltr'><em>α</em></span> <span class='ocrx_word' id='word_1_569' title='bbox 1489 408 1614 443; x_wconf 75' lang='lat' dir='ltr'><strong>pluribus.</strong></span> <span class='ocrx_word' id='word_1_570' title='bbox 1629 409 1686 436; x_wconf 87' lang='lat' dir='ltr'><strong>Non</strong></span> <span class='ocrx_word' id='word_1_571' title='bbox 1698 410 1778 443; x_wconf 90' lang='lat' dir='ltr'><strong>dixit,</strong></span> 
     </span>
    </p>
   </div>
   <div class='ocr_carea' id='block_1_70' title="bbox 986 452 1779 490">
    <p class='ocr_par' dir='ltr' id='par_1_70' title="bbox 986 452 1779 490">
     <span class='ocr_line' id='line_1_70' title="bbox 986 452 1779 490; baseline 0.005 -10"><span class='ocrx_word' id='word_1_572' title='bbox 986 452 1164 487; x_wconf 81' lang='lat' dir='ltr'><strong>Fornicatori,</strong></span> <span class='ocrx_word' id='word_1_573' title='bbox 1178 453 1225 481; x_wconf 91' lang='lat' dir='ltr'><strong>sed</strong></span> <span class='ocrx_word' id='word_1_574' title='bbox 1240 461 1344 487; x_wconf 86' lang='lat' dir='ltr'><strong>rursus,</strong></span> <span class='ocrx_word' id='word_1_575' title='bbox 1362 453 1394 480; x_wconf 76' lang='lat' dir='ltr'><strong>Ei</strong></span> <span class='ocrx_word' id='word_1_576' title='bbox 1407 454 1452 490; x_wconf 85' lang='lat' dir='ltr'><strong>qui</strong></span> <span class='ocrx_word' id='word_1_577' title='bbox 1464 454 1590 489; x_wconf 71' lang='lat' dir='ltr'><strong>ejusmodi</strong></span> <span class='ocrx_word' id='word_1_578' title='bbox 1602 459 1638 482; x_wconf 70' lang='lat' dir='ltr'><strong>est</strong></span> <span class='ocrx_word' id='word_1_579' title='bbox 1649 476 1656 487; x_wconf 94' lang='lat'><strong>,</strong></span> <span class='ocrx_word' id='word_1_580' title='bbox 1670 460 1698 483; x_wconf 89' lang='lat' dir='ltr'><strong>ut</strong></span> <span class='ocrx_word' id='word_1_581' title='bbox 1712 462 1739 483; x_wconf 88' lang='lat' dir='ltr'><strong>et</strong></span> <span class='ocrx_word' id='word_1_582' title='bbox 1754 458 1779 484; x_wconf 91' lang='lat' dir='ltr'><strong>in</strong></span> 
     </span>
    </p>
   </div>
   <div class='ocr_carea' id='block_1_71' title="bbox 986 499 1779 534">
    <p class='ocr_par' dir='ltr' id='par_1_71' title="bbox 986 499 1779 534">
     <span class='ocr_line' id='line_1_71' title="bbox 986 499 1779 534; baseline 0.005 -8"><span class='ocrx_word' id='word_1_583' title='bbox 986 499 1149 533; x_wconf 74' lang='lat' dir='ltr'><strong>przccedenti</strong></span> <span class='ocrx_word' id='word_1_584' title='bbox 1162 499 1285 534; x_wconf 80' lang='lat' dir='ltr'><strong>epistola;</strong></span> <span class='ocrx_word' id='word_1_585' title='bbox 1300 507 1392 527; x_wconf 80' lang='lat' dir='ltr'><strong>verum</strong></span> <span class='ocrx_word' id='word_1_586' title='bbox 1407 508 1460 527; x_wconf 88' lang='lat' dir='ltr'><strong>non</strong></span> <span class='ocrx_word' id='word_1_587' title='bbox 1470 500 1591 528; x_wconf 88' lang='lat' dir='ltr'><strong>eamdem</strong></span> <span class='ocrx_word' id='word_1_588' title='bbox 1601 501 1636 528; x_wconf 91' lang='lat' dir='ltr'><strong>ob</strong></span> <span class='ocrx_word' id='word_1_589' title='bbox 1648 508 1757 530; x_wconf 87' lang='lat' dir='ltr'><strong>causam</strong></span> <span class='ocrx_word' id='word_1_590' title='bbox 1771 512 1779 530; x_wconf 90' lang='lat'><strong>:</strong></span> 
     </span>
    </p>
   </div>
   <div class='ocr_carea' id='block_1_72' title="bbox 987 545 1780 580">
    <p class='ocr_par' dir='ltr' id='par_1_72' title="bbox 987 545 1780 580">
     <span class='ocr_line' id='line_1_72' title="bbox 987 545 1780 580; baseline 0.005 -9"><span class='ocrx_word' id='word_1_591' title='bbox 987 545 1040 572; x_wconf 91' lang='lat' dir='ltr'><strong>illic</strong></span> <span class='ocrx_word' id='word_1_592' title='bbox 1067 545 1139 572; x_wconf 89' lang='lat' dir='ltr'><strong>enim</strong></span> <span class='ocrx_word' id='word_1_593' title='bbox 1161 545 1196 572; x_wconf 91' lang='lat' dir='ltr'><strong>ob</strong></span> <span class='ocrx_word' id='word_1_594' title='bbox 1222 545 1352 580; x_wconf 87' lang='lat' dir='ltr'><strong>pudorem</strong></span> <span class='ocrx_word' id='word_1_595' title='bbox 1366 545 1402 572; x_wconf 89' lang='lat' dir='ltr'><strong>ita</strong></span> <span class='ocrx_word' id='word_1_596' title='bbox 1417 546 1597 580; x_wconf 82' lang='lat' dir='ltr'><strong>loquebatur,</strong></span> <span class='ocrx_word' id='word_1_597' title='bbox 1617 547 1660 575; x_wconf 87' lang='lat' dir='ltr'><strong>hic</strong></span> <span class='ocrx_word' id='word_1_598' title='bbox 1678 548 1714 575; x_wconf 91' lang='lat' dir='ltr'><strong>ob</strong></span> <span class='ocrx_word' id='word_1_599' title='bbox 1737 548 1780 575; x_wconf 93' lang='lat' dir='ltr'><strong>iu-</strong></span> 
     </span>
    </p>
   </div>
   <div class='ocr_carea' id='block_1_73' title="bbox 986 590 1781 627">
    <p class='ocr_par' dir='ltr' id='par_1_73' title="bbox 986 590 1781 627">
     <span class='ocr_line' id='line_1_73' title="bbox 986 590 1781 627; baseline 0.005 -10"><span class='ocrx_word' id='word_1_600' title='bbox 986 590 1159 625; x_wconf 82' lang='lat' dir='ltr'><strong>dulgentiam.</strong></span> <span class='ocrx_word' id='word_1_601' title='bbox 1171 590 1210 618; x_wconf 92' lang='lat' dir='ltr'><strong>Ob</strong></span> <span class='ocrx_word' id='word_1_602' title='bbox 1221 591 1303 625; x_wconf 89' lang='lat' dir='ltr'><strong>idque</strong></span> <span class='ocrx_word' id='word_1_603' title='bbox 1317 598 1366 618; x_wconf 82' lang='lat' dir='ltr'><strong>nec</strong></span> <span class='ocrx_word' id='word_1_604' title='bbox 1373 591 1428 626; x_wconf 83' lang='lat' dir='ltr'><strong>iam</strong></span> <span class='ocrx_word' id='word_1_605' title='bbox 1439 592 1540 626; x_wconf 83' lang='lat' dir='ltr'><strong>uspiam</strong></span> <span class='ocrx_word' id='word_1_606' title='bbox 1553 594 1654 627; x_wconf 85' lang='lat' dir='ltr'><strong>peccati</strong></span> <span class='ocrx_word' id='word_1_607' title='bbox 1663 595 1781 622; x_wconf 56' lang='lat' dir='ltr'><strong>mentio:-</strong></span> 
     </span>
    </p>
   </div>
   <div class='ocr_carea' id='block_1_74' title="bbox 988 636 1780 673">
    <p class='ocr_par' dir='ltr' id='par_1_74' title="bbox 988 636 1780 673">
     <span class='ocr_line' id='line_1_74' title="bbox 988 636 1780 673; baseline 0.006 -10"><span class='ocrx_word' id='word_1_608' title='bbox 988 645 1049 663; x_wconf 90' lang='lat' dir='ltr'><strong>nem</strong></span> <span class='ocrx_word' id='word_1_609' title='bbox 1065 637 1136 670; x_wconf 88' lang='lat' dir='ltr'><strong>facit,</strong></span> <span class='ocrx_word' id='word_1_610' title='bbox 1150 636 1221 672; x_wconf 90' lang='lat' dir='ltr'><strong>quod</strong></span> <span class='ocrx_word' id='word_1_611' title='bbox 1237 641 1341 672; x_wconf 86' lang='lat' dir='ltr'><strong>tempus</strong></span> <span class='ocrx_word' id='word_1_612' title='bbox 1355 641 1437 670; x_wconf 88' lang='lat' dir='ltr'><strong>esset,</strong></span> <span class='ocrx_word' id='word_1_613' title='bbox 1452 642 1480 664; x_wconf 93' lang='lat' dir='ltr'><strong>ut</strong></span> <span class='ocrx_word' id='word_1_614' title='bbox 1497 638 1581 672; x_wconf 87' lang='lat' dir='ltr'><strong>ipsius</strong></span> <span class='ocrx_word' id='word_1_615' title='bbox 1603 640 1780 673; x_wconf 88' lang='lat' dir='ltr'><strong>patrocinium</strong></span> 
     </span>
    </p>
   </div>
   <div class='ocr_carea' id='block_1_75' title="bbox 987 682 1779 718">
    <p class='ocr_par' dir='ltr' id='par_1_75' title="bbox 987 682 1779 718">
     <span class='ocr_line' id='line_1_75' title="bbox 987 682 1779 718; baseline 0.004 -8"><span class='ocrx_word' id='word_1_616' title='bbox 987 683 1144 718; x_wconf 84' lang='lat' dir='ltr'><strong>susciperet.</strong></span> <span class='ocrx_word' id='word_1_617' title='bbox 1157 683 1182 710; x_wconf 86' lang='lat'><strong>7.</strong></span> <span class='ocrx_word' id='word_1_618' title='bbox 1194 682 1237 709; x_wconf 86' lang='lat' dir='ltr'><strong>Ita</strong></span> <span class='ocrx_word' id='word_1_619' title='bbox 1248 687 1277 709; x_wconf 85' lang='lat' dir='ltr'><strong>ut</strong></span> <span class='ocrx_word' id='word_1_620' title='bbox 1289 691 1302 710; x_wconf 85' lang='lat' dir='ltr'><strong>e</strong></span> <span class='ocrx_word' id='word_1_621' title='bbox 1315 683 1442 710; x_wconf 81' lang='lat' dir='ltr'><strong>contrario</strong></span> <span class='ocrx_word' id='word_1_622' title='bbox 1455 683 1534 718; x_wconf 80' lang='lat' dir='ltr'><strong>magis</strong></span> <span class='ocrx_word' id='word_1_623' title='bbox 1545 683 1642 712; x_wconf 69' lang='lat' dir='ltr'><strong>donatis</strong></span> <span class='ocrx_word' id='word_1_624' title='bbox 1655 690 1678 712; x_wconf 81' lang='lat' dir='ltr'><strong>et</strong></span> <span class='ocrx_word' id='word_1_625' title='bbox 1688 694 1779 713; x_wconf 82' lang='lat' dir='ltr'><strong>causo-</strong></span> 
     </span>
    </p>
   </div>
   <div class='ocr_carea' id='block_1_76' title="bbox 988 728 1783 768">
    <p class='ocr_par' dir='ltr' id='par_1_76' title="bbox 988 728 1783 768">
     <span class='ocr_line' id='line_1_76' title="bbox 988 728 1783 768; baseline 0.005 -13"><span class='ocrx_word' id='word_1_626' title='bbox 988 729 1082 761; x_wconf 75' lang='lat' dir='ltr'><strong>lemt&#39;m&#39;,</strong></span> <span class='ocrx_word' id='word_1_627' title='bbox 1100 737 1131 755; x_wconf 83' lang='lat' dir='ltr'><strong>ne</strong></span> <span class='ocrx_word' id='word_1_628' title='bbox 1143 729 1208 763; x_wconf 80' lang='lat' dir='ltr'><strong>forte</strong></span> <span class='ocrx_word' id='word_1_629' title='bbox 1222 728 1406 756; x_wconf 83' lang='lat' dir='ltr'><strong>abundantiore</strong></span> <span class='ocrx_word' id='word_1_630' title='bbox 1425 729 1527 756; x_wconf 74' lang='lat' dir='ltr'><strong>tristitia</strong></span> <span class='ocrx_word' id='word_1_631' title='bbox 1553 731 1714 758; x_wconf 73' lang='lat' dir='ltr'><strong>absorbeatur</strong></span> <span class='ocrx_word' id='word_1_632' title='bbox 1737 734 1783 768; x_wconf 79' lang='lat' dir='ltr'><strong>qui</strong></span> 
     </span>
    </p>
   </div>
   <div class='ocr_carea' id='block_1_77' title="bbox 986 776 1782 813">
    <p class='ocr_par' dir='ltr' id='par_1_77' title="bbox 986 776 1782 813">
     <span class='ocr_line' id='line_1_77' title="bbox 986 776 1782 813; baseline 0.006 -11"><span class='ocrx_word' id='word_1_633' title='bbox 986 781 1023 803; x_wconf 73' lang='grc' dir='ltr'><strong>εει</strong></span> <span class='ocrx_word' id='word_1_634' title='bbox 1037 777 1171 810; x_wconf 77' lang='lat' dir='ltr'><strong>ejusmodi.</strong></span> <span class='ocrx_word' id='word_1_635' title='bbox 1185 776 1243 804; x_wconf 86' lang='lat' dir='ltr'><strong>Non</strong></span> <span class='ocrx_word' id='word_1_636' title='bbox 1254 776 1326 804; x_wconf 92' lang='lat' dir='ltr'><strong>enim</strong></span> <span class='ocrx_word' id='word_1_637' title='bbox 1334 776 1505 812; x_wconf 85' lang='lat' dir='ltr'><strong>solnmjubct</strong></span> <span class='ocrx_word' id='word_1_638' title='bbox 1515 777 1690 813; x_wconf 75' lang='lat' dir='ltr'><strong>obiurgationi</strong></span> <span class='ocrx_word' id='word_1_639' title='bbox 1701 779 1782 807; x_wconf 72' lang='lat' dir='ltr'><strong>finem</strong></span> 
     </span>
    </p>
   </div>
   <div class='ocr_carea' id='block_1_78' title="bbox 988 822 1780 858">
    <p class='ocr_par' dir='ltr' id='par_1_78' title="bbox 988 822 1780 858">
     <span class='ocr_line' id='line_1_78' title="bbox 988 822 1780 858; baseline 0.004 -9"><span class='ocrx_word' id='word_1_640' title='bbox 988 822 1098 858; x_wconf 80' lang='lat' dir='ltr'><strong>imponi,</strong></span> <span class='ocrx_word' id='word_1_641' title='bbox 1111 823 1158 850; x_wconf 85' lang='lat' dir='ltr'><strong>sed</strong></span> <span class='ocrx_word' id='word_1_642' title='bbox 1173 823 1253 850; x_wconf 84' lang='lat' dir='ltr'><strong>etiam</strong></span> <span class='ocrx_word' id='word_1_643' title='bbox 1271 823 1344 849; x_wconf 87' lang='lat' dir='ltr'><strong>illtnn</strong></span> <span class='ocrx_word' id='word_1_644' title='bbox 1358 822 1392 849; x_wconf 81' lang='lat' dir='ltr'><strong>ad</strong></span> <span class='ocrx_word' id='word_1_645' title='bbox 1412 822 1528 857; x_wconf 87' lang='lat' dir='ltr'><strong>priorem</strong></span> <span class='ocrx_word' id='word_1_646' title='bbox 1556 828 1653 851; x_wconf 83' lang='lat' dir='ltr'><strong>statum</strong></span> <span class='ocrx_word' id='word_1_647' title='bbox 1677 824 1780 852; x_wconf 89' lang='lat' dir='ltr'><strong>reduci.</strong></span> 
     </span>
    </p>
   </div>
   <div class='ocr_carea' id='block_1_79' title="bbox 989 868 1784 903">
    <p class='ocr_par' dir='ltr' id='par_1_79' title="bbox 989 868 1784 903">
     <span class='ocr_line' id='line_1_79' title="bbox 989 868 1784 903; baseline 0.003 -7"><span class='ocrx_word' id='word_1_648' title='bbox 989 868 1094 896; x_wconf 86' lang='lat' dir='ltr'><strong>Etenim</strong></span> <span class='ocrx_word' id='word_1_649' title='bbox 1107 869 1128 896; x_wconf 93' lang='lat' dir='ltr'><strong>si</strong></span> <span class='ocrx_word' id='word_1_650' title='bbox 1150 868 1210 903; x_wconf 91' lang='lat' dir='ltr'><strong>quis</strong></span> <span class='ocrx_word' id='word_1_651' title='bbox 1225 876 1297 902; x_wconf 89' lang='lat' dir='ltr'><strong>cum,</strong></span> <span class='ocrx_word' id='word_1_652' title='bbox 1315 869 1359 903; x_wconf 90' lang='lat' dir='ltr'><strong>qui</strong></span> <span class='ocrx_word' id='word_1_653' title='bbox 1373 868 1532 896; x_wconf 82' lang='lat' dir='ltr'><strong>verberibus</strong></span> <span class='ocrx_word' id='word_1_654' title='bbox 1553 876 1640 897; x_wconf 75' lang='lat' dir='ltr'><strong>etusns</strong></span> <span class='ocrx_word' id='word_1_655' title='bbox 1655 870 1706 902; x_wconf 89' lang='lat' dir='ltr'><strong>sit,</strong></span> <span class='ocrx_word' id='word_1_656' title='bbox 1724 875 1784 898; x_wconf 86' lang='lat' dir='ltr'><strong>tan-</strong></span> 
     </span>
    </p>
   </div>
   <div class='ocr_carea' id='block_1_80' title="bbox 989 913 1780 949">
    <p class='ocr_par' dir='ltr' id='par_1_80' title="bbox 989 913 1780 949">
     <span class='ocr_line' id='line_1_80' title="bbox 989 913 1780 949; baseline 0.004 -8"><span class='ocrx_word' id='word_1_657' title='bbox 989 914 1128 942; x_wconf 91' lang='lat' dir='ltr'><strong>tummodo</strong></span> <span class='ocrx_word' id='word_1_658' title='bbox 1137 914 1251 942; x_wconf 88' lang='lat' dir='ltr'><strong>missum</strong></span> <span class='ocrx_word' id='word_1_659' title='bbox 1265 913 1345 941; x_wconf 84' lang='lat' dir='ltr'><strong>faciat</strong></span> <span class='ocrx_word' id='word_1_660' title='bbox 1359 921 1409 941; x_wconf 80' lang='lat' dir='ltr'><strong>nec</strong></span> <span class='ocrx_word' id='word_1_661' title='bbox 1422 914 1445 941; x_wconf 91' lang='lat' dir='ltr'><strong>ei</strong></span> <span class='ocrx_word' id='word_1_662' title='bbox 1458 914 1609 949; x_wconf 86' lang='lat' dir='ltr'><strong>medeatur,</strong></span> <span class='ocrx_word' id='word_1_663' title='bbox 1624 915 1689 943; x_wconf 93' lang='lat' dir='ltr'><strong>nihil</strong></span> <span class='ocrx_word' id='word_1_664' title='bbox 1706 916 1780 944; x_wconf 82' lang='lat' dir='ltr'><strong>fecit.</strong></span> 
     </span>
    </p>
   </div>
   <div class='ocr_carea' id='block_1_81' title="bbox 990 951 1783 996">
    <p class='ocr_par' dir='ltr' id='par_1_81' title="bbox 990 951 1783 996">
     <span class='ocr_line' id='line_1_81' title="bbox 990 951 1783 996; baseline 0.003 -9"><span class='ocrx_word' id='word_1_665' title='bbox 990 959 1056 988; x_wconf 80' lang='lat' dir='ltr'><strong>Vide</strong></span> <span class='ocrx_word' id='word_1_666' title='bbox 1069 951 1157 987; x_wconf 84' lang='lat' dir='ltr'><strong>autem</strong></span> <span class='ocrx_word' id='word_1_667' title='bbox 1174 967 1290 995; x_wconf 88' lang='lat' dir='ltr'><strong>quonam</strong></span> <span class='ocrx_word' id='word_1_668' title='bbox 1302 967 1394 987; x_wconf 84' lang='lat' dir='ltr'><strong>rursus</strong></span> <span class='ocrx_word' id='word_1_669' title='bbox 1405 959 1486 987; x_wconf 87' lang='lat' dir='ltr'><strong>modo</strong></span> <span class='ocrx_word' id='word_1_670' title='bbox 1498 960 1574 988; x_wconf 90' lang='lat' dir='ltr'><strong>illum</strong></span> <span class='ocrx_word' id='word_1_671' title='bbox 1586 969 1692 996; x_wconf 87' lang='lat' dir='ltr'><strong>quoque</strong></span> <span class='ocrx_word' id='word_1_672' title='bbox 1705 969 1783 989; x_wconf 87' lang='lat' dir='ltr'><strong>coer-</strong></span> 
     </span>
    </p>
   </div>
   <div class='ocr_carea' id='block_1_82' title="bbox 990 1006 1782 1040">
    <p class='ocr_par' dir='ltr' id='par_1_82' title="bbox 990 1006 1782 1040">
     <span class='ocr_line' id='line_1_82' title="bbox 990 1006 1782 1040; baseline 0.001 -6"><span class='ocrx_word' id='word_1_673' title='bbox 990 1011 1070 1039; x_wconf 86' lang='lat' dir='ltr'><strong>ceat,</strong></span> <span class='ocrx_word' id='word_1_674' title='bbox 1092 1013 1126 1033; x_wconf 88' lang='lat' dir='ltr'><strong>ne</strong></span> <span class='ocrx_word' id='word_1_675' title='bbox 1149 1006 1184 1033; x_wconf 92' lang='lat' dir='ltr'><strong>ob</strong></span> <span class='ocrx_word' id='word_1_676' title='bbox 1208 1006 1388 1033; x_wconf 83' lang='lat' dir='ltr'><strong>condonatum</strong></span> <span class='ocrx_word' id='word_1_677' title='bbox 1414 1010 1553 1040; x_wconf 87' lang='lat' dir='ltr'><strong>peccatum</strong></span> <span class='ocrx_word' id='word_1_678' title='bbox 1581 1007 1700 1035; x_wconf 85' lang='lat' dir='ltr'><strong>deterior</strong></span> <span class='ocrx_word' id='word_1_679' title='bbox 1724 1008 1782 1035; x_wconf 77' lang='lat' dir='ltr'><strong>fiat.</strong></span> 
     </span>
    </p>
   </div>
   <div class='ocr_carea' id='block_1_83' title="bbox 989 1051 1783 1088">
    <p class='ocr_par' dir='ltr' id='par_1_83' title="bbox 989 1051 1783 1088">
     <span class='ocr_line' id='line_1_83' title="bbox 989 1051 1783 1088; baseline 0.001 -9"><span class='ocrx_word' id='word_1_680' title='bbox 989 1051 1055 1079; x_wconf 83' lang='lat' dir='ltr'><strong>Nam</strong></span> <span class='ocrx_word' id='word_1_681' title='bbox 1072 1051 1195 1085; x_wconf 81' lang='lat' dir='ltr'><strong>quamvis</strong></span> <span class='ocrx_word' id='word_1_682' title='bbox 1215 1055 1353 1085; x_wconf 83' lang='lat' dir='ltr'><strong>peccatum</strong></span> <span class='ocrx_word' id='word_1_683' title='bbox 1367 1051 1507 1078; x_wconf 85' lang='lat' dir='ltr'><strong>confessus</strong></span> <span class='ocrx_word' id='word_1_684' title='bbox 1521 1051 1620 1085; x_wconf 87' lang='lat' dir='ltr'><strong>fuerit,</strong></span> <span class='ocrx_word' id='word_1_685' title='bbox 1646 1052 1783 1088; x_wconf 77' lang='lat' dir='ltr'><strong>ipsiusque</strong></span> 
     </span>
    </p>
   </div>
   <div class='ocr_carea' id='block_1_84' title="bbox 990 1096 1783 1134">
    <p class='ocr_par' dir='ltr' id='par_1_84' title="bbox 990 1096 1783 1134">
     <span class='ocr_line' id='line_1_84' title="bbox 990 1096 1783 1134; baseline 0.003 -10"><span class='ocrx_word' id='word_1_686' title='bbox 990 1104 1052 1124; x_wconf 89' lang='lat' dir='ltr'><strong>eum</strong></span> <span class='ocrx_word' id='word_1_687' title='bbox 1065 1096 1234 1131; x_wconf 73' lang='lat' dir='ltr'><strong>pmnituerit;</strong></span> <span class='ocrx_word' id='word_1_688' title='bbox 1255 1096 1373 1123; x_wconf 85' lang='lat' dir='ltr'><strong>ostendit</strong></span> <span class='ocrx_word' id='word_1_689' title='bbox 1384 1100 1472 1124; x_wconf 89' lang='lat' dir='ltr'><strong>tamen</strong></span> <span class='ocrx_word' id='word_1_690' title='bbox 1484 1104 1545 1124; x_wconf 93' lang='lat' dir='ltr'><strong>cum</strong></span> <span class='ocrx_word' id='word_1_691' title='bbox 1561 1105 1614 1124; x_wconf 91' lang='lat' dir='ltr'><strong>non</strong></span> <span class='ocrx_word' id='word_1_692' title='bbox 1630 1102 1683 1125; x_wconf 81' lang='lat' dir='ltr'><strong>tam</strong></span> <span class='ocrx_word' id='word_1_693' title='bbox 1695 1099 1783 1134; x_wconf 54' lang='lat' dir='ltr'><strong>pinniv</strong></span> 
     </span>
    </p>
   </div>
   <div class='ocr_carea' id='block_1_85' title="bbox 992 1141 1786 1176">
    <p class='ocr_par' dir='ltr' id='par_1_85' title="bbox 992 1141 1786 1176">
     <span class='ocr_line' id='line_1_85' title="bbox 992 1141 1786 1176; baseline 0.003 -7"><span class='ocrx_word' id='word_1_694' title='bbox 992 1142 1082 1169; x_wconf 75' lang='lat' dir='ltr'><strong>tentia:</strong></span> <span class='ocrx_word' id='word_1_695' title='bbox 1097 1148 1188 1176; x_wconf 84' lang='lat' dir='ltr'><strong>opera,</strong></span> <span class='ocrx_word' id='word_1_696' title='bbox 1205 1148 1285 1176; x_wconf 85' lang='lat' dir='ltr'><strong>quam</strong></span> <span class='ocrx_word' id='word_1_697' title='bbox 1311 1141 1397 1175; x_wconf 76' lang='lat' dir='ltr'><strong>gratia</strong></span> <span class='ocrx_word' id='word_1_698' title='bbox 1416 1146 1443 1169; x_wconf 91' lang='lat' dir='ltr'><strong>et</strong></span> <span class='ocrx_word' id='word_1_699' title='bbox 1455 1141 1586 1169; x_wconf 81' lang='lat' dir='ltr'><strong>beneﬁcio</strong></span> <span class='ocrx_word' id='word_1_700' title='bbox 1601 1142 1704 1170; x_wconf 82' lang='lat' dir='ltr'><strong>veniam</strong></span> <span class='ocrx_word' id='word_1_701' title='bbox 1721 1151 1786 1171; x_wconf 91' lang='lat' dir='ltr'><strong>con-</strong></span> 
     </span>
    </p>
   </div>
   <div class='ocr_carea' id='block_1_86' title="bbox 990 1187 1784 1225">
    <p class='ocr_par' dir='ltr' id='par_1_86' title="bbox 990 1187 1784 1225">
     <span class='ocr_line' id='line_1_86' title="bbox 990 1187 1784 1225; baseline 0.004 -10"><span class='ocrx_word' id='word_1_702' title='bbox 990 1188 1077 1223; x_wconf 84' lang='lat' dir='ltr'><strong>sequi.</strong></span> <span class='ocrx_word' id='word_1_703' title='bbox 1094 1187 1134 1215; x_wconf 85' lang='lat' dir='ltr'><strong>Ob</strong></span> <span class='ocrx_word' id='word_1_704' title='bbox 1148 1187 1228 1223; x_wconf 79' lang='lat' dir='ltr'><strong>idque</strong></span> <span class='ocrx_word' id='word_1_705' title='bbox 1247 1187 1296 1221; x_wconf 86' lang='lat' dir='ltr'><strong>ait,</strong></span> <span class='ocrx_word' id='word_1_706' title='bbox 1310 1187 1413 1215; x_wconf 69' lang='lat' dir='ltr'><strong>Donati:</strong></span> <span class='ocrx_word' id='word_1_707' title='bbox 1431 1192 1455 1215; x_wconf 84' lang='lat' dir='ltr'><strong>et</strong></span> <span class='ocrx_word' id='word_1_708' title='bbox 1475 1188 1648 1216; x_wconf 70' lang='lat' dir='ltr'><strong>consolemim&#39;.</strong></span> <span class='ocrx_word' id='word_1_709' title='bbox 1666 1190 1699 1217; x_wconf 87' lang='lat' dir='ltr'><strong>Et</strong></span> <span class='ocrx_word' id='word_1_710' title='bbox 1713 1191 1784 1225; x_wconf 81' lang='lat' dir='ltr'><strong>quod</strong></span> 
     </span>
    </p>
   </div>
   <div class='ocr_carea' id='block_1_87' title="bbox 991 1233 1786 1271">
    <p class='ocr_par' dir='ltr' id='par_1_87' title="bbox 991 1233 1786 1271">
     <span class='ocr_line' id='line_1_87' title="bbox 991 1233 1786 1271; baseline 0.003 -9"><span class='ocrx_word' id='word_1_711' title='bbox 991 1234 1120 1269; x_wconf 69' lang='lat' dir='ltr'><strong>ecquitur,</strong></span> <span class='ocrx_word' id='word_1_712' title='bbox 1136 1234 1205 1262; x_wconf 89' lang='lat' dir='ltr'><strong>idem</strong></span> <span class='ocrx_word' id='word_1_713' title='bbox 1216 1233 1345 1262; x_wconf 84' lang='lat' dir='ltr'><strong>declarat.</strong></span> <span class='ocrx_word' id='word_1_714' title='bbox 1360 1233 1418 1261; x_wconf 88' lang='lat' dir='ltr'><strong>Non</strong></span> <span class='ocrx_word' id='word_1_715' title='bbox 1427 1234 1498 1261; x_wconf 89' lang='lat' dir='ltr'><strong>enim</strong></span> <span class='ocrx_word' id='word_1_716' title='bbox 1510 1234 1580 1270; x_wconf 88' lang='lat' dir='ltr'><strong>quod</strong></span> <span class='ocrx_word' id='word_1_717' title='bbox 1593 1235 1618 1262; x_wconf 91' lang='lat' dir='ltr'><strong>id</strong></span> <span class='ocrx_word' id='word_1_718' title='bbox 1627 1243 1786 1271; x_wconf 72' lang='lat' dir='ltr'><strong>prouicrca~</strong></span> 
     </span>
    </p>
   </div>
   <div class='ocr_carea' id='block_1_88' title="bbox 991 1280 1787 1317">
    <p class='ocr_par' dir='ltr' id='par_1_88' title="bbox 991 1280 1787 1317">
     <span class='ocr_line' id='line_1_88' title="bbox 991 1280 1787 1317; baseline 0.004 -10"><span class='ocrx_word' id='word_1_719' title='bbox 991 1285 1044 1313; x_wconf 87' lang='lat' dir='ltr'><strong>tur,</strong></span> <span class='ocrx_word' id='word_1_720' title='bbox 1058 1288 1107 1308; x_wconf 88' lang='lat' dir='ltr'><strong>nec</strong></span> <span class='ocrx_word' id='word_1_721' title='bbox 1120 1280 1191 1315; x_wconf 89' lang='lat' dir='ltr'><strong>quod</strong></span> <span class='ocrx_word' id='word_1_722' title='bbox 1205 1287 1275 1312; x_wconf 85' lang='lat' dir='ltr'><strong>eam,</strong></span> <span class='ocrx_word' id='word_1_723' title='bbox 1290 1287 1370 1315; x_wconf 84' lang='lat' dir='ltr'><strong>quam</strong></span> <span class='ocrx_word' id='word_1_724' title='bbox 1390 1287 1438 1315; x_wconf 92' lang='lat' dir='ltr'><strong>par</strong></span> <span class='ocrx_word' id='word_1_725' title='bbox 1453 1280 1499 1312; x_wconf 90' lang='lat' dir='ltr'><strong>sit,</strong></span> <span class='ocrx_word' id='word_1_726' title='bbox 1516 1281 1701 1315; x_wconf 64' lang='lat' dir='ltr'><strong>paenitentiam</strong></span> <span class='ocrx_word' id='word_1_727' title='bbox 1718 1291 1787 1317; x_wconf 80' lang='lat' dir='ltr'><strong>prae-</strong></span> 
     </span>
    </p>
   </div>
   <div class='ocr_carea' id='block_1_89' title="bbox 990 1327 1786 1364">
    <p class='ocr_par' dir='ltr' id='par_1_89' title="bbox 990 1327 1786 1364">
     <span class='ocr_line' id='line_1_89' title="bbox 990 1327 1786 1364; baseline 0.003 -9"><span class='ocrx_word' id='word_1_728' title='bbox 990 1327 1099 1360; x_wconf 71' lang='lat' dir='ltr'><strong>ttiterit,</strong></span> <span class='ocrx_word' id='word_1_729' title='bbox 1113 1327 1160 1355; x_wconf 89' lang='lat' dir='ltr'><strong>sed</strong></span> <span class='ocrx_word' id='word_1_730' title='bbox 1174 1328 1235 1362; x_wconf 87' lang='lat' dir='ltr'><strong>quia</strong></span> <span class='ocrx_word' id='word_1_731' title='bbox 1249 1327 1372 1354; x_wconf 82' lang='lat' dir='ltr'><strong>infirmus</strong></span> <span class='ocrx_word' id='word_1_732' title='bbox 1384 1331 1436 1360; x_wconf 89' lang='lat' dir='ltr'><strong>est,</strong></span> <span class='ocrx_word' id='word_1_733' title='bbox 1452 1327 1563 1359; x_wconf 83' lang='lat' dir='ltr'><strong>idcirco,</strong></span> <span class='ocrx_word' id='word_1_734' title='bbox 1575 1328 1620 1361; x_wconf 90' lang='lat' dir='ltr'><strong>ait,</strong></span> <span class='ocrx_word' id='word_1_735' title='bbox 1643 1328 1693 1356; x_wconf 88' lang='lat' dir='ltr'><strong>hoc</strong></span> <span class='ocrx_word' id='word_1_736' title='bbox 1705 1335 1765 1364; x_wconf 88' lang='lat' dir='ltr'><strong>pcto</strong></span> <span class='ocrx_word' id='word_1_737' title='bbox 1778 1339 1786 1347; x_wconf 70' lang='grc' dir='ltr'><strong><em>υ</em></strong></span> 
     </span>
    </p>
   </div>
   <div class='ocr_carea' id='block_1_90' title="bbox 991 1372 1787 1409">
    <p class='ocr_par' dir='ltr' id='par_1_90' title="bbox 991 1372 1787 1409">
     <span class='ocr_line' id='line_1_90' title="bbox 991 1372 1787 1409; baseline 0.001 -7"><span class='ocrx_word' id='word_1_738' title='bbox 991 1373 1063 1402; x_wconf 85' lang='lat' dir='ltr'><strong>unde</strong></span> <span class='ocrx_word' id='word_1_739' title='bbox 1078 1374 1158 1401; x_wconf 86' lang='lat' dir='ltr'><strong>etiam</strong></span> <span class='ocrx_word' id='word_1_740' title='bbox 1174 1373 1331 1408; x_wconf 76' lang='lat' dir='ltr'><strong>subiunxit,</strong></span> <span class='ocrx_word' id='word_1_741' title='bbox 1347 1372 1388 1400; x_wconf 83' lang='lat' dir='ltr'><strong>Ne</strong></span> <span class='ocrx_word' id='word_1_742' title='bbox 1409 1374 1474 1409; x_wconf 81' lang='lat' dir='ltr'><strong>forte</strong></span> <span class='ocrx_word' id='word_1_743' title='bbox 1488 1374 1667 1402; x_wconf 74' lang='lat' dir='ltr'><strong>abundantiori</strong></span> <span class='ocrx_word' id='word_1_744' title='bbox 1683 1376 1787 1403; x_wconf 73' lang='lat' dir='ltr'><strong>tristitia</strong></span> 
     </span>
    </p>
   </div>
   <div class='ocr_carea' id='block_1_91' title="bbox 991 1419 1788 1455">
    <p class='ocr_par' dir='ltr' id='par_1_91' title="bbox 991 1419 1788 1455">
     <span class='ocr_line' id='line_1_91' title="bbox 991 1419 1788 1455; baseline 0.003 -7"><span class='ocrx_word' id='word_1_745' title='bbox 991 1420 1155 1448; x_wconf 71' lang='lat' dir='ltr'><strong>absorbeatur</strong></span> <span class='ocrx_word' id='word_1_746' title='bbox 1168 1420 1258 1455; x_wconf 74' lang='lat' dir='ltr'><strong>quiest</strong></span> <span class='ocrx_word' id='word_1_747' title='bbox 1276 1419 1412 1455; x_wconf 78' lang='lat' dir='ltr'><strong>ejusmodi.</strong></span> <span class='ocrx_word' id='word_1_748' title='bbox 1426 1419 1492 1454; x_wconf 73' lang='lat' dir='ltr'><strong>Qua:</strong></span> <span class='ocrx_word' id='word_1_749' title='bbox 1503 1421 1584 1448; x_wconf 88' lang='lat' dir='ltr'><strong>verba</strong></span> <span class='ocrx_word' id='word_1_750' title='bbox 1596 1426 1658 1448; x_wconf 86' lang='lat' dir='ltr'><strong>sunt</strong></span> <span class='ocrx_word' id='word_1_751' title='bbox 1670 1421 1788 1450; x_wconf 86' lang='lat' dir='ltr'><strong>hominis</strong></span> 
     </span>
    </p>
   </div>
   <div class='ocr_carea' id='block_1_92' title="bbox 992 1465 1788 1502">
    <p class='ocr_par' dir='ltr' id='par_1_92' title="bbox 992 1465 1788 1502">
     <span class='ocr_line' id='line_1_92' title="bbox 992 1465 1788 1502; baseline 0.003 -8"><span class='ocrx_word' id='word_1_752' title='bbox 992 1474 1095 1502; x_wconf 79' lang='lat' dir='ltr'><strong>magna:</strong></span> <span class='ocrx_word' id='word_1_753' title='bbox 1110 1465 1275 1501; x_wconf 70' lang='lat' dir='ltr'><strong>pmnitentiaa</strong></span> <span class='ocrx_word' id='word_1_754' title='bbox 1289 1465 1472 1493; x_wconf 85' lang='lat' dir='ltr'><strong>testimonium</strong></span> <span class='ocrx_word' id='word_1_755' title='bbox 1492 1465 1541 1500; x_wconf 89' lang='lat' dir='ltr'><strong>ipsi</strong></span> <span class='ocrx_word' id='word_1_756' title='bbox 1558 1466 1698 1495; x_wconf 87' lang='lat' dir='ltr'><strong>tribuentis</strong></span> <span class='ocrx_word' id='word_1_757' title='bbox 1709 1488 1716 1500; x_wconf 93' lang='lat'><strong>,</strong></span> <span class='ocrx_word' id='word_1_758' title='bbox 1737 1475 1788 1496; x_wconf 85' lang='lat' dir='ltr'><strong>nec</strong></span> 
     </span>
    </p>
   </div>
   <div class='ocr_carea' id='block_1_93' title="bbox 991 1511 1785 1547">
    <p class='ocr_par' dir='ltr' id='par_1_93' title="bbox 991 1511 1785 1547">
     <span class='ocr_line' id='line_1_93' title="bbox 991 1511 1785 1547; baseline 0 -6"><span class='ocrx_word' id='word_1_759' title='bbox 991 1521 1052 1541; x_wconf 90' lang='lat' dir='ltr'><strong>eum</strong></span> <span class='ocrx_word' id='word_1_760' title='bbox 1064 1513 1090 1540; x_wconf 88' lang='lat' dir='ltr'><strong>in</strong></span> <span class='ocrx_word' id='word_1_761' title='bbox 1100 1512 1314 1547; x_wconf 84' lang='lat' dir='ltr'><strong>desperationem</strong></span> <span class='ocrx_word' id='word_1_762' title='bbox 1323 1519 1402 1539; x_wconf 88' lang='lat' dir='ltr'><strong>ruere</strong></span> <span class='ocrx_word' id='word_1_763' title='bbox 1415 1511 1538 1538; x_wconf 89' lang='lat' dir='ltr'><strong>sinentis.</strong></span> <span class='ocrx_word' id='word_1_764' title='bbox 1548 1511 1617 1545; x_wconf 82' lang='lat' dir='ltr'><strong>Quid</strong></span> <span class='ocrx_word' id='word_1_765' title='bbox 1630 1517 1672 1540; x_wconf 87' lang='lat' dir='ltr'><strong>est</strong></span> <span class='ocrx_word' id='word_1_766' title='bbox 1684 1518 1785 1546; x_wconf 83' lang='lat' dir='ltr'><strong>autem,</strong></span> 
     </span>
    </p>
   </div>
   <div class='ocr_carea' id='block_1_94' title="bbox 992 1557 1787 1593">
    <p class='ocr_par' dir='ltr' id='par_1_94' title="bbox 992 1557 1787 1593">
     <span class='ocr_line' id='line_1_94' title="bbox 992 1557 1787 1593; baseline 0 -6"><span class='ocrx_word' id='word_1_767' title='bbox 992 1558 1182 1587; x_wconf 79' lang='lat' dir='ltr'><strong>Absorbeatur?</strong></span> <span class='ocrx_word' id='word_1_768' title='bbox 1194 1558 1295 1593; x_wconf 91' lang='lat' dir='ltr'><strong>Nempe</strong></span> <span class='ocrx_word' id='word_1_769' title='bbox 1308 1558 1351 1585; x_wconf 86' lang='lat' dir='ltr'><strong>vel</strong></span> <span class='ocrx_word' id='word_1_770' title='bbox 1363 1557 1414 1585; x_wconf 92' lang='lat' dir='ltr'><strong>hoc</strong></span> <span class='ocrx_word' id='word_1_771' title='bbox 1430 1558 1539 1590; x_wconf 88' lang='lat' dir='ltr'><strong>faciens,</strong></span> <span class='ocrx_word' id='word_1_772' title='bbox 1555 1558 1624 1593; x_wconf 87' lang='lat' dir='ltr'><strong>quod</strong></span> <span class='ocrx_word' id='word_1_773' title='bbox 1635 1566 1650 1586; x_wconf 86' lang='lat' dir='ltr'><strong>a</strong></span> <span class='ocrx_word' id='word_1_774' title='bbox 1666 1559 1732 1587; x_wconf 88' lang='lat' dir='ltr'><strong>.Iuda</strong></span> <span class='ocrx_word' id='word_1_775' title='bbox 1747 1560 1787 1587; x_wconf 85' lang='lat' dir='ltr'><strong>fa-</strong></span> 
     </span>
    </p>
   </div>
   <div class='ocr_carea' id='block_1_95' title="bbox 993 1604 1788 1638">
    <p class='ocr_par' dir='ltr' id='par_1_95' title="bbox 993 1604 1788 1638">
     <span class='ocr_line' id='line_1_95' title="bbox 993 1604 1788 1638; baseline 0 -5"><span class='ocrx_word' id='word_1_776' title='bbox 993 1610 1065 1633; x_wconf 87' lang='lat' dir='ltr'><strong>ctum</strong></span> <span class='ocrx_word' id='word_1_777' title='bbox 1081 1609 1138 1638; x_wconf 89' lang='lat' dir='ltr'><strong>est;</strong></span> <span class='ocrx_word' id='word_1_778' title='bbox 1166 1604 1209 1632; x_wconf 85' lang='lat' dir='ltr'><strong>vel</strong></span> <span class='ocrx_word' id='word_1_779' title='bbox 1223 1604 1315 1638; x_wconf 88' lang='lat' dir='ltr'><strong>etiam,</strong></span> <span class='ocrx_word' id='word_1_780' title='bbox 1330 1604 1352 1631; x_wconf 90' lang='lat' dir='ltr'><strong>si</strong></span> <span class='ocrx_word' id='word_1_781' title='bbox 1368 1604 1430 1631; x_wconf 74' lang='lat' dir='ltr'><strong>vita:</strong></span> <span class='ocrx_word' id='word_1_782' title='bbox 1442 1611 1524 1631; x_wconf 86' lang='lat' dir='ltr'><strong>usura</strong></span> <span class='ocrx_word' id='word_1_783' title='bbox 1539 1604 1654 1637; x_wconf 88' lang='lat' dir='ltr'><strong>fruatur,</strong></span> <span class='ocrx_word' id='word_1_784' title='bbox 1669 1605 1788 1634; x_wconf 83' lang='lat' dir='ltr'><strong>deterior</strong></span> 
     </span>
    </p>
   </div>
   <div class='ocr_carea' id='block_1_96' title="bbox 993 1649 1787 1685">
    <p class='ocr_par' dir='ltr' id='par_1_96' title="bbox 993 1649 1787 1685">
     <span class='ocr_line' id='line_1_96' title="bbox 993 1649 1787 1685; baseline 0 -6"><span class='ocrx_word' id='word_1_785' title='bbox 993 1652 1088 1679; x_wconf 86' lang='lat' dir='ltr'><strong>factus.</strong></span> <span class='ocrx_word' id='word_1_786' title='bbox 1115 1651 1221 1678; x_wconf 88' lang='lat' dir='ltr'><strong>Etenim</strong></span> <span class='ocrx_word' id='word_1_787' title='bbox 1235 1651 1258 1678; x_wconf 87' lang='lat' dir='ltr'><strong>si</strong></span> <span class='ocrx_word' id='word_1_788' title='bbox 1278 1649 1392 1682; x_wconf 87' lang='lat' dir='ltr'><strong>resiliat,</strong></span> <span class='ocrx_word' id='word_1_789' title='bbox 1409 1649 1506 1685; x_wconf 89' lang='lat' dir='ltr'><strong>inquit,</strong></span> <span class='ocrx_word' id='word_1_790' title='bbox 1523 1650 1595 1685; x_wconf 87' lang='lat' dir='ltr'><strong>quod</strong></span> <span class='ocrx_word' id='word_1_791' title='bbox 1620 1656 1787 1680; x_wconf 88' lang='lat' dir='ltr'><strong>contractum</strong></span> 
     </span>
    </p>
   </div>
   <div class='ocr_carea' id='block_1_97' title="bbox 993 1696 1790 1734">
    <p class='ocr_par' dir='ltr' id='par_1_97' title="bbox 993 1696 1790 1734">
     <span class='ocr_line' id='line_1_97' title="bbox 993 1696 1790 1734; baseline 0 -8"><span class='ocrx_word' id='word_1_792' title='bbox 993 1707 1028 1727; x_wconf 81' lang='lat' dir='ltr'><strong>ex</strong></span> <span class='ocrx_word' id='word_1_793' title='bbox 1055 1700 1178 1734; x_wconf 80' lang='lat' dir='ltr'><strong>longiore</strong></span> <span class='ocrx_word' id='word_1_794' title='bbox 1209 1697 1397 1732; x_wconf 79' lang='lat' dir='ltr'><strong>objurgatione</strong></span> <span class='ocrx_word' id='word_1_795' title='bbox 1433 1696 1556 1724; x_wconf 89' lang='lat' dir='ltr'><strong>dolorem</strong></span> <span class='ocrx_word' id='word_1_796' title='bbox 1594 1705 1647 1726; x_wconf 84' lang='lat' dir='ltr'><strong>non</strong></span> <span class='ocrx_word' id='word_1_797' title='bbox 1674 1699 1790 1734; x_wconf 88' lang='lat' dir='ltr'><strong>amplius</strong></span> 
     </span>
    </p>
   </div>
   <div class='ocr_carea' id='block_1_98' title="bbox 994 1742 1791 1780">
    <p class='ocr_par' dir='ltr' id='par_1_98' title="bbox 994 1742 1791 1780">
     <span class='ocr_line' id='line_1_98' title="bbox 994 1742 1791 1780; baseline 0 -8"><span class='ocrx_word' id='word_1_798' title='bbox 994 1744 1065 1772; x_wconf 86' lang='lat' dir='ltr'><strong>ferre</strong></span> <span class='ocrx_word' id='word_1_799' title='bbox 1086 1748 1183 1780; x_wconf 79' lang='lat' dir='ltr'><strong>queat;</strong></span> <span class='ocrx_word' id='word_1_800' title='bbox 1199 1742 1341 1778; x_wconf 84' lang='lat' dir='ltr'><strong>desperata</strong></span> <span class='ocrx_word' id='word_1_801' title='bbox 1367 1742 1465 1776; x_wconf 84' lang='lat' dir='ltr'><strong>salute,</strong></span> <span class='ocrx_word' id='word_1_802' title='bbox 1491 1747 1538 1770; x_wconf 84' lang='lat' dir='ltr'><strong>aut</strong></span> <span class='ocrx_word' id='word_1_803' title='bbox 1553 1742 1579 1770; x_wconf 92' lang='lat' dir='ltr'><strong>in</strong></span> <span class='ocrx_word' id='word_1_804' title='bbox 1593 1743 1728 1778; x_wconf 89' lang='lat' dir='ltr'><strong>laqueum,</strong></span> <span class='ocrx_word' id='word_1_805' title='bbox 1742 1750 1791 1772; x_wconf 80' lang='lat' dir='ltr'><strong>aut</strong></span> 
     </span>
    </p>
   </div>
   <div class='ocr_carea' id='block_1_99' title="bbox 994 1788 1789 1825">
    <p class='ocr_par' dir='ltr' id='par_1_99' title="bbox 994 1788 1789 1825">
     <span class='ocr_line' id='line_1_99' title="bbox 994 1788 1789 1825; baseline -0.001 -7"><span class='ocrx_word' id='word_1_806' title='bbox 994 1792 1021 1819; x_wconf 88' lang='lat' dir='ltr'><strong>in</strong></span> <span class='ocrx_word' id='word_1_807' title='bbox 1048 1790 1178 1825; x_wconf 86' lang='lat' dir='ltr'><strong>majorem</strong></span> <span class='ocrx_word' id='word_1_808' title='bbox 1209 1789 1337 1824; x_wconf 83' lang='lat' dir='ltr'><strong>deinceps</strong></span> <span class='ocrx_word' id='word_1_809' title='bbox 1369 1788 1567 1824; x_wconf 88' lang='lat' dir='ltr'><strong>improbitatem</strong></span> <span class='ocrx_word' id='word_1_810' title='bbox 1599 1794 1668 1817; x_wconf 92' lang='lat' dir='ltr'><strong>ruet.</strong></span> <span class='ocrx_word' id='word_1_811' title='bbox 1696 1790 1789 1825; x_wconf 86' lang='lat' dir='ltr'><strong>Itaque</strong></span> 
     </span>
    </p>
   </div>
   <div class='ocr_carea' id='block_1_100' title="bbox 994 1834 1788 1870">
    <p class='ocr_par' dir='ltr' id='par_1_100' title="bbox 994 1834 1788 1870">
     <span class='ocr_line' id='line_1_100' title="bbox 994 1834 1788 1870; baseline -0.003 -5"><span class='ocrx_word' id='word_1_812' title='bbox 994 1836 1191 1865; x_wconf 87' lang='lat' dir='ltr'><strong>occurrendum</strong></span> <span class='ocrx_word' id='word_1_813' title='bbox 1206 1841 1268 1869; x_wconf 87' lang='lat' dir='ltr'><strong>est,</strong></span> <span class='ocrx_word' id='word_1_814' title='bbox 1296 1842 1330 1862; x_wconf 89' lang='lat' dir='ltr'><strong>nc</strong></span> <span class='ocrx_word' id='word_1_815' title='bbox 1357 1834 1435 1862; x_wconf 83' lang='lat' dir='ltr'><strong>ulcus</strong></span> <span class='ocrx_word' id='word_1_816' title='bbox 1456 1834 1643 1870; x_wconf 80' lang='lat' dir='ltr'><strong>ingravescat,</strong></span> <span class='ocrx_word' id='word_1_817' title='bbox 1678 1843 1746 1864; x_wconf 87' lang='lat' dir='ltr'><strong>neve</strong></span> <span class='ocrx_word' id='word_1_818' title='bbox 1763 1836 1788 1863; x_wconf 90' lang='lat' dir='ltr'><strong>id</strong></span> 
     </span>
    </p>
   </div>
   <div class='ocr_carea' id='block_1_101' title="bbox 994 1880 1787 1919">
    <p class='ocr_par' dir='ltr' id='par_1_101' title="bbox 994 1880 1787 1919">
     <span class='ocr_line' id='line_1_101' title="bbox 994 1880 1787 1919; baseline -0.003 -8"><span class='ocrx_word' id='word_1_819' title='bbox 994 1882 1065 1919; x_wconf 89' lang='lat' dir='ltr'><strong>quod</strong></span> <span class='ocrx_word' id='word_1_820' title='bbox 1078 1887 1152 1910; x_wconf 85' lang='lat' dir='ltr'><strong>recte</strong></span> <span class='ocrx_word' id='word_1_821' title='bbox 1162 1882 1284 1915; x_wconf 88' lang='lat' dir='ltr'><strong>fecimus,</strong></span> <span class='ocrx_word' id='word_1_822' title='bbox 1296 1880 1331 1908; x_wconf 91' lang='lat' dir='ltr'><strong>ob</strong></span> <span class='ocrx_word' id='word_1_823' title='bbox 1343 1880 1493 1915; x_wconf 79' lang='lat' dir='ltr'><strong>neglectum</strong></span> <span class='ocrx_word' id='word_1_824' title='bbox 1501 1880 1608 1908; x_wconf 92' lang='lat' dir='ltr'><strong>modum</strong></span> <span class='ocrx_word' id='word_1_825' title='bbox 1623 1881 1787 1909; x_wconf 83' lang='lat' dir='ltr'><strong>amittamus.</strong></span> 
     </span>
    </p>
   </div>
   <div class='ocr_carea' id='block_1_102' title="bbox 1029 1925 1786 1962">
    <p class='ocr_par' dir='ltr' id='par_1_102' title="bbox 1029 1925 1786 1962">
     <span class='ocr_line' id='line_1_102' title="bbox 1029 1925 1786 1962; baseline -0.001 -6"><span class='ocrx_word' id='word_1_826' title='bbox 1029 1930 1056 1957; x_wconf 79' lang='grc'><strong>4.</strong></span> <span class='ocrx_word' id='word_1_827' title='bbox 1074 1928 1136 1956; x_wconf 76' lang='lat' dir='ltr'><strong>Ilzec</strong></span> <span class='ocrx_word' id='word_1_828' title='bbox 1151 1931 1239 1955; x_wconf 87' lang='lat' dir='ltr'><strong>autem</strong></span> <span class='ocrx_word' id='word_1_829' title='bbox 1260 1933 1294 1954; x_wconf 91' lang='lat' dir='ltr'><strong>eo</strong></span> <span class='ocrx_word' id='word_1_830' title='bbox 1309 1926 1433 1958; x_wconf 89' lang='lat' dir='ltr'><strong>dicebat,</strong></span> <span class='ocrx_word' id='word_1_831' title='bbox 1447 1929 1478 1953; x_wconf 88' lang='lat' dir='ltr'><strong>ut</strong></span> <span class='ocrx_word' id='word_1_832' title='bbox 1489 1929 1516 1953; x_wconf 87' lang='lat' dir='ltr'><strong>et</strong></span> <span class='ocrx_word' id='word_1_833' title='bbox 1529 1925 1603 1953; x_wconf 91' lang='lat' dir='ltr'><strong>illum</strong></span> <span class='ocrx_word' id='word_1_834' title='bbox 1614 1946 1622 1959; x_wconf 87' lang='lat'><strong>,</strong></span> <span class='ocrx_word' id='word_1_835' title='bbox 1644 1927 1715 1962; x_wconf 86' lang='lat' dir='ltr'><strong>quod</strong></span> <span class='ocrx_word' id='word_1_836' title='bbox 1729 1927 1786 1962; x_wconf 89' lang='lat' dir='ltr'><strong>iam</strong></span> 
     </span>
    </p>
   </div>
   <div class='ocr_carea' id='block_1_103' title="bbox 995 1971 1788 2008">
    <p class='ocr_par' dir='ltr' id='par_1_103' title="bbox 995 1971 1788 2008">
     <span class='ocr_line' id='line_1_103' title="bbox 995 1971 1788 2008; baseline 0 -7"><span class='ocrx_word' id='word_1_837' title='bbox 995 1974 1068 2006; x_wconf 84' lang='lat' dir='ltr'><strong>dixi,</strong></span> <span class='ocrx_word' id='word_1_838' title='bbox 1094 1976 1233 2000; x_wconf 86' lang='lat' dir='ltr'><strong>coerceret</strong></span> <span class='ocrx_word' id='word_1_839' title='bbox 1254 1976 1281 1999; x_wconf 89' lang='lat' dir='ltr'><strong>et</strong></span> <span class='ocrx_word' id='word_1_840' title='bbox 1301 1971 1458 1998; x_wconf 88' lang='lat' dir='ltr'><strong>admoneret</strong></span> <span class='ocrx_word' id='word_1_841' title='bbox 1470 1991 1478 2004; x_wconf 89' lang='lat'><strong>,</strong></span> <span class='ocrx_word' id='word_1_842' title='bbox 1495 1978 1528 1999; x_wconf 91' lang='lat' dir='ltr'><strong>nc</strong></span> <span class='ocrx_word' id='word_1_843' title='bbox 1542 1975 1604 2006; x_wconf 90' lang='lat' dir='ltr'><strong>post</strong></span> <span class='ocrx_word' id='word_1_844' title='bbox 1616 1971 1788 2008; x_wconf 79' lang='lat' dir='ltr'><strong>impetratam</strong></span> 
     </span>
    </p>
   </div>
   <div class='ocr_carea' id='block_1_104' title="bbox 995 2017 1788 2055">
    <p class='ocr_par' dir='ltr' id='par_1_104' title="bbox 995 2017 1788 2055">
     <span class='ocr_line' id='line_1_104' title="bbox 995 2017 1788 2055; baseline 0 -7"><span class='ocrx_word' id='word_1_845' title='bbox 995 2021 1101 2048; x_wconf 86' lang='lat' dir='ltr'><strong>veniam</strong></span> <span class='ocrx_word' id='word_1_846' title='bbox 1116 2019 1236 2055; x_wconf 77' lang='lat' dir='ltr'><strong>ignavior</strong></span> <span class='ocrx_word' id='word_1_847' title='bbox 1250 2018 1336 2046; x_wconf 79' lang='lat' dir='ltr'><strong>ﬁeret.</strong></span> <span class='ocrx_word' id='word_1_848' title='bbox 1352 2017 1411 2045; x_wconf 85' lang='lat' dir='ltr'><strong>Non</strong></span> <span class='ocrx_word' id='word_1_849' title='bbox 1437 2018 1507 2045; x_wconf 89' lang='lat' dir='ltr'><strong>enim</strong></span> <span class='ocrx_word' id='word_1_850' title='bbox 1519 2037 1528 2050; x_wconf 89' lang='lat'><strong>,</strong></span> <span class='ocrx_word' id='word_1_851' title='bbox 1548 2018 1634 2054; x_wconf 86' lang='lat' dir='ltr'><strong>inquit</strong></span> <span class='ocrx_word' id='word_1_852' title='bbox 1647 2039 1655 2052; x_wconf 95' lang='lat'><strong>,</strong></span> <span class='ocrx_word' id='word_1_853' title='bbox 1669 2027 1729 2047; x_wconf 89' lang='lat' dir='ltr'><strong>eum</strong></span> <span class='ocrx_word' id='word_1_854' title='bbox 1752 2020 1788 2050; x_wconf 77' lang='lat' dir='ltr'><strong>ita</strong></span> 
     </span>
    </p>
   </div>
   <div class='ocr_carea' id='block_1_105' title="bbox 995 2062 1789 2101">
    <p class='ocr_par' dir='ltr' id='par_1_105' title="bbox 995 2062 1789 2101">
     <span class='ocr_line' id='line_1_105' title="bbox 995 2062 1789 2101; baseline -0.001 -7"><span class='ocrx_word' id='word_1_855' title='bbox 995 2065 1183 2101; x_wconf 79' lang='lat' dir='ltr'><strong>excepi,quasi</strong></span> <span class='ocrx_word' id='word_1_856' title='bbox 1198 2063 1292 2092; x_wconf 86' lang='lat' dir='ltr'><strong>sordes</strong></span> <span class='ocrx_word' id='word_1_857' title='bbox 1305 2062 1411 2098; x_wconf 82' lang='lat' dir='ltr'><strong>penitus</strong></span> <span class='ocrx_word' id='word_1_858' title='bbox 1424 2063 1592 2097; x_wconf 88' lang='lat' dir='ltr'><strong>absterserit,</strong></span> <span class='ocrx_word' id='word_1_859' title='bbox 1601 2064 1649 2092; x_wconf 89' lang='lat' dir='ltr'><strong>sed</strong></span> <span class='ocrx_word' id='word_1_860' title='bbox 1663 2065 1734 2100; x_wconf 91' lang='lat' dir='ltr'><strong>quod</strong></span> <span class='ocrx_word' id='word_1_861' title='bbox 1741 2073 1789 2093; x_wconf 76' lang='lat' dir='ltr'><strong>ve—</strong></span> 
     </span>
    </p>
   </div>
   <div class='ocr_carea' id='block_1_106' title="bbox 995 2108 1789 2147">
    <p class='ocr_par' dir='ltr' id='par_1_106' title="bbox 995 2108 1789 2147">
     <span class='ocr_line' id='line_1_106' title="bbox 995 2108 1789 2147; baseline -0.001 -7"><span class='ocrx_word' id='word_1_862' title='bbox 995 2120 1072 2140; x_wconf 86' lang='lat' dir='ltr'><strong>rerer</strong></span> <span class='ocrx_word' id='word_1_863' title='bbox 1090 2119 1124 2139; x_wconf 91' lang='lat' dir='ltr'><strong>ne</strong></span> <span class='ocrx_word' id='word_1_864' title='bbox 1146 2110 1253 2146; x_wconf 76' lang='lat' dir='ltr'><strong>gravius</strong></span> <span class='ocrx_word' id='word_1_865' title='bbox 1274 2108 1374 2144; x_wconf 89' lang='lat' dir='ltr'><strong>aliquid</strong></span> <span class='ocrx_word' id='word_1_866' title='bbox 1393 2108 1420 2135; x_wconf 91' lang='lat' dir='ltr'><strong>in</strong></span> <span class='ocrx_word' id='word_1_867' title='bbox 1441 2116 1472 2136; x_wconf 87' lang='lat' dir='ltr'><strong>se</strong></span> <span class='ocrx_word' id='word_1_868' title='bbox 1493 2108 1658 2138; x_wconf 82' lang='lat' dir='ltr'><strong>admitteret.</strong></span> <span class='ocrx_word' id='word_1_869' title='bbox 1679 2110 1719 2138; x_wconf 87' lang='lat' dir='ltr'><strong>Ex</strong></span> <span class='ocrx_word' id='word_1_870' title='bbox 1734 2119 1789 2147; x_wconf 90' lang='lat' dir='ltr'><strong>quo</strong></span> 
     </span>
    </p>
   </div>
   <div class='ocr_carea' id='block_1_107' title="bbox 997 2154 1790 2190">
    <p class='ocr_par' dir='ltr' id='par_1_107' title="bbox 997 2154 1790 2190">
     <span class='ocr_line' id='line_1_107' title="bbox 997 2154 1790 2190; baseline -0.001 -4"><span class='ocrx_word' id='word_1_871' title='bbox 997 2158 1062 2186; x_wconf 88' lang='lat' dir='ltr'><strong>illud</strong></span> <span class='ocrx_word' id='word_1_872' title='bbox 1074 2157 1214 2190; x_wconf 88' lang='lat' dir='ltr'><strong>discimus,</strong></span> <span class='ocrx_word' id='word_1_873' title='bbox 1229 2162 1282 2183; x_wconf 90' lang='lat' dir='ltr'><strong>non</strong></span> <span class='ocrx_word' id='word_1_874' title='bbox 1295 2162 1330 2182; x_wconf 78' lang='lat' dir='ltr'><strong>ex</strong></span> <span class='ocrx_word' id='word_1_875' title='bbox 1344 2154 1477 2182; x_wconf 81' lang='lat' dir='ltr'><strong>scelerum</strong></span> <span class='ocrx_word' id='word_1_876' title='bbox 1493 2159 1595 2183; x_wconf 88' lang='lat' dir='ltr'><strong>tantum</strong></span> <span class='ocrx_word' id='word_1_877' title='bbox 1610 2159 1705 2183; x_wconf 83' lang='lat' dir='ltr'><strong>natura</strong></span> <span class='ocrx_word' id='word_1_878' title='bbox 1718 2177 1726 2188; x_wconf 85' lang='lat'><strong>,</strong></span> <span class='ocrx_word' id='word_1_879' title='bbox 1741 2158 1790 2185; x_wconf 84' lang='lat' dir='ltr'><strong>sed</strong></span> 
     </span>
    </p>
   </div>
   <div class='ocr_carea' id='block_1_108' title="bbox 997 2200 1791 2239">
    <p class='ocr_par' dir='ltr' id='par_1_108' title="bbox 997 2200 1791 2239">
     <span class='ocr_line' id='line_1_108' title="bbox 997 2200 1791 2239; baseline -0.003 -6"><span class='ocrx_word' id='word_1_880' title='bbox 997 2213 1029 2232; x_wconf 87' lang='lat' dir='ltr'><strong>ex</strong></span> <span class='ocrx_word' id='word_1_881' title='bbox 1043 2203 1210 2239; x_wconf 86' lang='lat' dir='ltr'><strong>peccantium</strong></span> <span class='ocrx_word' id='word_1_882' title='bbox 1225 2203 1306 2230; x_wconf 86' lang='lat' dir='ltr'><strong>etiam</strong></span> <span class='ocrx_word' id='word_1_883' title='bbox 1320 2201 1409 2228; x_wconf 89' lang='lat' dir='ltr'><strong>animo</strong></span> <span class='ocrx_word' id='word_1_884' title='bbox 1421 2205 1501 2236; x_wconf 89' lang='lat' dir='ltr'><strong>atque</strong></span> <span class='ocrx_word' id='word_1_885' title='bbox 1515 2200 1655 2231; x_wconf 71' lang='lat' dir='ltr'><strong>adectione</strong></span> <span class='ocrx_word' id='word_1_886' title='bbox 1670 2203 1791 2232; x_wconf 82' lang='lat' dir='ltr'><strong>indicen-</strong></span> 
     </span>
    </p>
   </div>
   <div class='ocr_carea' id='block_1_109' title="bbox 997 2246 1791 2284">
    <p class='ocr_par' dir='ltr' id='par_1_109' title="bbox 997 2246 1791 2284">
     <span class='ocr_line' id='line_1_109' title="bbox 997 2246 1791 2284; baseline -0.004 -5"><span class='ocrx_word' id='word_1_887' title='bbox 997 2252 1058 2279; x_wconf 86' lang='lat' dir='ltr'><strong>dam</strong></span> <span class='ocrx_word' id='word_1_888' title='bbox 1073 2258 1133 2278; x_wconf 90' lang='lat' dir='ltr'><strong>esse</strong></span> <span class='ocrx_word' id='word_1_889' title='bbox 1146 2248 1342 2284; x_wconf 77' lang='lat' dir='ltr'><strong>paenitentiam,</strong></span> <span class='ocrx_word' id='word_1_890' title='bbox 1358 2251 1387 2274; x_wconf 95' lang='lat' dir='ltr'><strong>ut</strong></span> <span class='ocrx_word' id='word_1_891' title='bbox 1403 2251 1457 2274; x_wconf 91' lang='lat' dir='ltr'><strong>tum</strong></span> <span class='ocrx_word' id='word_1_892' title='bbox 1474 2246 1536 2275; x_wconf 82' lang='lat' dir='ltr'><strong>fecit</strong></span> <span class='ocrx_word' id='word_1_893' title='bbox 1551 2247 1705 2283; x_wconf 86' lang='lat' dir='ltr'><strong>Apostolus,</strong></span> <span class='ocrx_word' id='word_1_894' title='bbox 1720 2250 1791 2284; x_wconf 85' lang='lat' dir='ltr'><strong>quod</strong></span> 
     </span>
    </p>
   </div>
   <div class='ocr_carea' id='block_1_110' title="bbox 999 2293 1792 2332">
    <p class='ocr_par' dir='ltr' id='par_1_110' title="bbox 999 2293 1792 2332">
     <span class='ocr_line' id='line_1_110' title="bbox 999 2293 1792 2332; baseline -0.003 -8"><span class='ocrx_word' id='word_1_895' title='bbox 999 2298 1082 2332; x_wconf 82' lang='lat' dir='ltr'><strong>ipsius</strong></span> <span class='ocrx_word' id='word_1_896' title='bbox 1097 2295 1306 2323; x_wconf 82' lang='lat' dir='ltr'><strong>imbecillitatem</strong></span> <span class='ocrx_word' id='word_1_897' title='bbox 1321 2293 1520 2321; x_wconf 81' lang='lat' dir='ltr'><strong>extimescerct.</strong></span> <span class='ocrx_word' id='word_1_898' title='bbox 1542 2293 1659 2329; x_wconf 83' lang='lat' dir='ltr'><strong>Ideoque</strong></span> <span class='ocrx_word' id='word_1_899' title='bbox 1673 2295 1792 2329; x_wconf 76' lang='lat' dir='ltr'><strong>dicabat,</strong></span> 
     </span>
    </p>
   </div>
   <div class='ocr_carea' id='block_1_111' title="bbox 999 2338 1793 2376">
    <p class='ocr_par' dir='ltr' id='par_1_111' title="bbox 999 2338 1793 2376">
     <span class='ocr_line' id='line_1_111' title="bbox 999 2338 1793 2376; baseline -0.003 -5"><span class='ocrx_word' id='word_1_900' title='bbox 999 2343 1040 2371; x_wconf 81' lang='lat' dir='ltr'><strong>Ne</strong></span> <span class='ocrx_word' id='word_1_901' title='bbox 1054 2342 1217 2370; x_wconf 75' lang='lat' dir='ltr'><strong>absorbeatur</strong></span> <span class='ocrx_word' id='word_1_902' title='bbox 1229 2362 1236 2374; x_wconf 89' lang='lat'><strong>,</strong></span> <span class='ocrx_word' id='word_1_903' title='bbox 1249 2340 1322 2368; x_wconf 87' lang='lat' dir='ltr'><strong>velut</strong></span> <span class='ocrx_word' id='word_1_904' title='bbox 1332 2347 1347 2366; x_wconf 89' lang='lat' dir='ltr'><strong>a</strong></span> <span class='ocrx_word' id='word_1_905' title='bbox 1360 2338 1447 2367; x_wconf 90' lang='lat' dir='ltr'><strong>bellua</strong></span> <span class='ocrx_word' id='word_1_906' title='bbox 1461 2339 1587 2374; x_wconf 77' lang='lat' dir='ltr'><strong>quadam,</strong></span> <span class='ocrx_word' id='word_1_907' title='bbox 1601 2345 1682 2376; x_wconf 88' lang='lat' dir='ltr'><strong>atque</strong></span> <span class='ocrx_word' id='word_1_908' title='bbox 1696 2349 1711 2368; x_wconf 84' lang='lat' dir='ltr'><strong>a</strong></span> <span class='ocrx_word' id='word_1_909' title='bbox 1723 2346 1793 2369; x_wconf 84' lang='lat' dir='ltr'><strong>tem-</strong></span> 
     </span>
    </p>
   </div>
   <div class='ocr_carea' id='block_1_112' title="bbox 1000 2385 1792 2425">
    <p class='ocr_par' dir='ltr' id='par_1_112' title="bbox 1000 2385 1792 2425">
     <span class='ocr_line' id='line_1_112' title="bbox 1000 2385 1792 2425; baseline -0.001 -8"><span class='ocrx_word' id='word_1_910' title='bbox 1000 2393 1101 2425; x_wconf 85' lang='lat' dir='ltr'><strong>pestate</strong></span> <span class='ocrx_word' id='word_1_911' title='bbox 1114 2397 1145 2415; x_wconf 91' lang='lat' dir='ltr'><strong>ac</strong></span> <span class='ocrx_word' id='word_1_912' title='bbox 1159 2387 1293 2423; x_wconf 89' lang='lat' dir='ltr'><strong>procellis.</strong></span> <span class='ocrx_word' id='word_1_913' title='bbox 1304 2386 1331 2414; x_wconf 87' lang='lat'><strong>8.</strong></span> <span class='ocrx_word' id='word_1_914' title='bbox 1347 2385 1458 2421; x_wconf 80' lang='lat' dir='ltr'><strong>Propter</strong></span> <span class='ocrx_word' id='word_1_915' title='bbox 1468 2385 1535 2420; x_wconf 86' lang='lat' dir='ltr'><strong>quod</strong></span> <span class='ocrx_word' id='word_1_916' title='bbox 1550 2386 1653 2413; x_wconf 67' lang='lat' dir='ltr'><strong>obsecro</strong></span> <span class='ocrx_word' id='word_1_917' title='bbox 1663 2395 1717 2414; x_wconf 71' lang='lat' dir='ltr'><strong>vos.</strong></span> <span class='ocrx_word' id='word_1_918' title='bbox 1732 2387 1792 2416; x_wconf 77' lang='lat' dir='ltr'><strong>Non</strong></span> 
     </span>
    </p>
   </div>
   <div class='ocr_carea' id='block_1_113' title="bbox 997 2432 1792 2471">
    <p class='ocr_par' dir='ltr' id='par_1_113' title="bbox 997 2432 1792 2471">
     <span class='ocr_line' id='line_1_113' title="bbox 997 2432 1792 2471; baseline -0.005 -9"><span class='ocrx_word' id='word_1_919' title='bbox 997 2436 1052 2471; x_wconf 83' lang='lat' dir='ltr'><strong>iam</strong></span> <span class='ocrx_word' id='word_1_920' title='bbox 1067 2436 1190 2470; x_wconf 82' lang='lat' dir='ltr'><strong>imperat,</strong></span> <span class='ocrx_word' id='word_1_921' title='bbox 1205 2433 1252 2461; x_wconf 90' lang='lat' dir='ltr'><strong>sed</strong></span> <span class='ocrx_word' id='word_1_922' title='bbox 1266 2432 1400 2465; x_wconf 88' lang='lat' dir='ltr'><strong>obsecrat,</strong></span> <span class='ocrx_word' id='word_1_923' title='bbox 1415 2439 1468 2459; x_wconf 91' lang='lat' dir='ltr'><strong>non</strong></span> <span class='ocrx_word' id='word_1_924' title='bbox 1483 2436 1511 2458; x_wconf 90' lang='lat' dir='ltr'><strong>ut</strong></span> <span class='ocrx_word' id='word_1_925' title='bbox 1524 2437 1683 2467; x_wconf 75' lang='lat' dir='ltr'><strong>prteccptor,</strong></span> <span class='ocrx_word' id='word_1_926' title='bbox 1698 2433 1745 2461; x_wconf 82' lang='lat' dir='ltr'><strong>sed</strong></span> <span class='ocrx_word' id='word_1_927' title='bbox 1761 2439 1792 2461; x_wconf 84' lang='lat' dir='ltr'><strong>ut</strong></span> 
     </span>
    </p>
   </div>
   <div class='ocr_carea' id='block_1_114' title="bbox 1000 2477 1794 2517">
    <p class='ocr_par' dir='ltr' id='par_1_114' title="bbox 1000 2477 1794 2517">
     <span class='ocr_line' id='line_1_114' title="bbox 1000 2477 1794 2517; baseline -0.001 -8"><span class='ocrx_word' id='word_1_928' title='bbox 1000 2482 1120 2517; x_wconf 83' lang='lat' dir='ltr'><strong>a-qualis,</strong></span> <span class='ocrx_word' id='word_1_929' title='bbox 1149 2485 1228 2516; x_wconf 87' lang='lat' dir='ltr'><strong>atque</strong></span> <span class='ocrx_word' id='word_1_930' title='bbox 1252 2479 1305 2506; x_wconf 88' lang='lat' dir='ltr'><strong>illis</strong></span> <span class='ocrx_word' id='word_1_931' title='bbox 1328 2478 1354 2505; x_wconf 94' lang='lat' dir='ltr'><strong>in</strong></span> <span class='ocrx_word' id='word_1_932' title='bbox 1375 2477 1515 2513; x_wconf 87' lang='lat' dir='ltr'><strong>iudiciaria</strong></span> <span class='ocrx_word' id='word_1_933' title='bbox 1541 2478 1606 2506; x_wconf 82' lang='lat' dir='ltr'><strong>sede</strong></span> <span class='ocrx_word' id='word_1_934' title='bbox 1630 2481 1794 2512; x_wconf 85' lang='lat' dir='ltr'><strong>constitutis.</strong></span> 
     </span>
    </p>
   </div>
   <div class='ocr_carea' id='block_1_115' title="bbox 1001 2523 1794 2563">
    <p class='ocr_par' dir='ltr' id='par_1_115' title="bbox 1001 2523 1794 2563">
     <span class='ocr_line' id='line_1_115' title="bbox 1001 2523 1794 2563; baseline -0.001 -9"><span class='ocrx_word' id='word_1_935' title='bbox 1001 2529 1058 2563; x_wconf 83' lang='lat' dir='ltr'><strong>ipse</strong></span> <span class='ocrx_word' id='word_1_936' title='bbox 1072 2528 1098 2554; x_wconf 90' lang='lat' dir='ltr'><strong>in</strong></span> <span class='ocrx_word' id='word_1_937' title='bbox 1114 2526 1217 2562; x_wconf 81' lang='lat' dir='ltr'><strong>patroni</strong></span> <span class='ocrx_word' id='word_1_938' title='bbox 1233 2525 1293 2552; x_wconf 77' lang='lat' dir='ltr'><strong>loco</strong></span> <span class='ocrx_word' id='word_1_939' title='bbox 1308 2528 1388 2560; x_wconf 89' lang='lat' dir='ltr'><strong>atque</strong></span> <span class='ocrx_word' id='word_1_940' title='bbox 1402 2523 1497 2551; x_wconf 84' lang='lat' dir='ltr'><strong>ordine</strong></span> <span class='ocrx_word' id='word_1_941' title='bbox 1511 2530 1540 2550; x_wconf 88' lang='lat' dir='ltr'><strong>se</strong></span> <span class='ocrx_word' id='word_1_942' title='bbox 1555 2524 1708 2553; x_wconf 82' lang='lat' dir='ltr'><strong>collocavit.</strong></span> <span class='ocrx_word' id='word_1_943' title='bbox 1719 2526 1794 2560; x_wconf 81' lang='lat' dir='ltr'><strong>Quo-</strong></span> 
     </span>
    </p>
   </div>
   <div class='ocr_carea' id='block_1_116' title="bbox 1003 2568 1792 2606">
    <p class='ocr_par' dir='ltr' id='par_1_116' title="bbox 1003 2568 1792 2606">
     <span class='ocr_line' id='line_1_116' title="bbox 1003 2568 1792 2606; baseline -0.003 -5"><span class='ocrx_word' id='word_1_944' title='bbox 1003 2574 1073 2601; x_wconf 92' lang='lat' dir='ltr'><strong>niam</strong></span> <span class='ocrx_word' id='word_1_945' title='bbox 1086 2573 1158 2600; x_wconf 90' lang='lat' dir='ltr'><strong>enim</strong></span> <span class='ocrx_word' id='word_1_946' title='bbox 1173 2571 1198 2598; x_wconf 88' lang='lat' dir='ltr'><strong>id</strong></span> <span class='ocrx_word' id='word_1_947' title='bbox 1212 2591 1220 2604; x_wconf 93' lang='lat'><strong>,</strong></span> <span class='ocrx_word' id='word_1_948' title='bbox 1236 2570 1307 2606; x_wconf 88' lang='lat' dir='ltr'><strong>quod</strong></span> <span class='ocrx_word' id='word_1_949' title='bbox 1323 2570 1350 2596; x_wconf 90' lang='lat' dir='ltr'><strong>in</strong></span> <span class='ocrx_word' id='word_1_950' title='bbox 1363 2568 1453 2597; x_wconf 90' lang='lat' dir='ltr'><strong>animo</strong></span> <span class='ocrx_word' id='word_1_951' title='bbox 1467 2569 1603 2603; x_wconf 84' lang='lat' dir='ltr'><strong>habebat,</strong></span> <span class='ocrx_word' id='word_1_952' title='bbox 1619 2571 1792 2605; x_wconf 82' lang='lat' dir='ltr'><strong>confecerat,</strong></span> 
     </span>
    </p>
   </div>
   <div class='ocr_carea' id='block_1_117' title="bbox 1003 2615 1796 2656">
    <p class='ocr_par' dir='ltr' id='par_1_117' title="bbox 1003 2615 1796 2656">
     <span class='ocr_line' id='line_1_117' title="bbox 1003 2615 1796 2656; baseline -0.004 -8"><span class='ocrx_word' id='word_1_953' title='bbox 1003 2629 1057 2656; x_wconf 74' lang='lat' dir='ltr'><strong>pra:</strong></span> <span class='ocrx_word' id='word_1_954' title='bbox 1068 2619 1164 2655; x_wconf 76' lang='lat' dir='ltr'><strong>gaudio</strong></span> <span class='ocrx_word' id='word_1_955' title='bbox 1172 2619 1226 2653; x_wconf 88' lang='lat' dir='ltr'><strong>iam</strong></span> <span class='ocrx_word' id='word_1_956' title='bbox 1241 2617 1350 2645; x_wconf 92' lang='lat' dir='ltr'><strong>modum</strong></span> <span class='ocrx_word' id='word_1_957' title='bbox 1362 2617 1388 2644; x_wconf 89' lang='lat' dir='ltr'><strong>in</strong></span> <span class='ocrx_word' id='word_1_958' title='bbox 1398 2616 1572 2651; x_wconf 82' lang='lat' dir='ltr'><strong>supplicando</strong></span> <span class='ocrx_word' id='word_1_959' title='bbox 1585 2615 1702 2645; x_wconf 82' lang='lat' dir='ltr'><strong>excedit.</strong></span> <span class='ocrx_word' id='word_1_960' title='bbox 1711 2618 1796 2652; x_wconf 85' lang='lat' dir='ltr'><strong>Quid-</strong></span> 
     </span>
    </p>
   </div>
   <div class='ocr_carea' id='block_1_118' title="bbox 1004 2662 1796 2699">
    <p class='ocr_par' dir='ltr' id='par_1_118' title="bbox 1004 2662 1796 2699">
     <span class='ocr_line' id='line_1_118' title="bbox 1004 2662 1796 2699; baseline -0.003 -5"><span class='ocrx_word' id='word_1_961' title='bbox 1004 2674 1064 2694; x_wconf 90' lang='lat' dir='ltr'><strong>nam</strong></span> <span class='ocrx_word' id='word_1_962' title='bbox 1080 2671 1130 2698; x_wconf 87' lang='lat' dir='ltr'><strong>cst,</strong></span> <span class='ocrx_word' id='word_1_963' title='bbox 1144 2672 1247 2699; x_wconf 65' lang='lat' dir='ltr'><strong>quaeso,</strong></span> <span class='ocrx_word' id='word_1_964' title='bbox 1259 2664 1294 2691; x_wconf 87' lang='lat' dir='ltr'><strong>de</strong></span> <span class='ocrx_word' id='word_1_965' title='bbox 1309 2670 1361 2698; x_wconf 89' lang='lat' dir='ltr'><strong>quo</strong></span> <span class='ocrx_word' id='word_1_966' title='bbox 1373 2662 1518 2690; x_wconf 76' lang='lat' dir='ltr'><strong>obsecras?</strong></span> <span class='ocrx_word' id='word_1_967' title='bbox 1535 2663 1570 2690; x_wconf 87' lang='lat' dir='ltr'><strong>Ut</strong></span> <span class='ocrx_word' id='word_1_968' title='bbox 1581 2664 1686 2698; x_wconf 74' lang='lat' dir='ltr'><strong>firmatis</strong></span> <span class='ocrx_word' id='word_1_969' title='bbox 1701 2665 1727 2691; x_wconf 86' lang='lat' dir='ltr'><strong>in</strong></span> <span class='ocrx_word' id='word_1_970' title='bbox 1739 2673 1796 2692; x_wconf 75' lang='lat' dir='ltr'><strong>eum</strong></span> 
     </span>
    </p>
   </div>
   <div class='ocr_carea' id='block_1_119' title="bbox 1004 2709 1799 2744">
    <p class='ocr_par' dir='ltr' id='par_1_119' title="bbox 1004 2709 1799 2744">
     <span class='ocr_line' id='line_1_119' title="bbox 1004 2709 1799 2744; baseline -0.003 -4"><span class='ocrx_word' id='word_1_971' title='bbox 1004 2715 1143 2740; x_wconf 78' lang='lat' dir='ltr'><strong>caritatem.</strong></span> <span class='ocrx_word' id='word_1_972' title='bbox 1166 2712 1222 2740; x_wconf 86' lang='lat' dir='ltr'><strong>Iloc</strong></span> <span class='ocrx_word' id='word_1_973' title='bbox 1242 2715 1293 2744; x_wconf 85' lang='lat' dir='ltr'><strong>est,</strong></span> <span class='ocrx_word' id='word_1_974' title='bbox 1315 2709 1520 2742; x_wconf 80' lang='lat' dir='ltr'><strong>constabilialis,</strong></span> <span class='ocrx_word' id='word_1_975' title='bbox 1543 2717 1593 2737; x_wconf 87' lang='lat' dir='ltr'><strong>nec</strong></span> <span class='ocrx_word' id='word_1_976' title='bbox 1618 2718 1679 2738; x_wconf 82' lang='lat' dir='ltr'><strong>eum</strong></span> <span class='ocrx_word' id='word_1_977' title='bbox 1705 2710 1799 2738; x_wconf 77' lang='lat' dir='ltr'><strong>leviter</strong></span> 
     </span>
    </p>
   </div>
   <div class='ocr_carea' id='block_1_120' title="bbox 1005 2755 1798 2793">
    <p class='ocr_par' dir='ltr' id='par_1_120' title="bbox 1005 2755 1798 2793">
     <span class='ocr_line' id='line_1_120' title="bbox 1005 2755 1798 2793; baseline -0.006 -6"><span class='ocrx_word' id='word_1_978' title='bbox 1005 2767 1037 2787; x_wconf 87' lang='lat' dir='ltr'><strong>ac</strong></span> <span class='ocrx_word' id='word_1_979' title='bbox 1065 2758 1168 2793; x_wconf 84' lang='lat' dir='ltr'><strong>vulgari</strong></span> <span class='ocrx_word' id='word_1_980' title='bbox 1189 2757 1269 2784; x_wconf 92' lang='lat' dir='ltr'><strong>modo</strong></span> <span class='ocrx_word' id='word_1_981' title='bbox 1291 2756 1453 2792; x_wconf 81' lang='lat' dir='ltr'><strong>suscipiatis.</strong></span> <span class='ocrx_word' id='word_1_982' title='bbox 1475 2755 1578 2789; x_wconf 86' lang='lat' dir='ltr'><strong>Quibus</strong></span> <span class='ocrx_word' id='word_1_983' title='bbox 1602 2756 1683 2784; x_wconf 89' lang='lat' dir='ltr'><strong>etiam</strong></span> <span class='ocrx_word' id='word_1_984' title='bbox 1710 2756 1798 2784; x_wconf 73' lang='lat' dir='ltr'><strong>verbis</strong></span> 
     </span>
    </p>
   </div>
   <div class='ocr_carea' id='block_1_121' title="bbox 1007 2801 1799 2836">
    <p class='ocr_par' dir='ltr' id='par_1_121' title="bbox 1007 2801 1799 2836">
     <span class='ocr_line' id='line_1_121' title="bbox 1007 2801 1799 2836; baseline -0.006 -3"><span class='ocrx_word' id='word_1_985' title='bbox 1007 2812 1119 2833; x_wconf 71' lang='lat' dir='ltr'><strong>summa:</strong></span> <span class='ocrx_word' id='word_1_986' title='bbox 1133 2804 1239 2831; x_wconf 83' lang='lat' dir='ltr'><strong>virtutis</strong></span> <span class='ocrx_word' id='word_1_987' title='bbox 1261 2802 1443 2830; x_wconf 84' lang='lat' dir='ltr'><strong>testimonium</strong></span> <span class='ocrx_word' id='word_1_988' title='bbox 1457 2802 1521 2836; x_wconf 91' lang='lat' dir='ltr'><strong>ipsis</strong></span> <span class='ocrx_word' id='word_1_989' title='bbox 1535 2802 1668 2829; x_wconf 88' lang='lat' dir='ltr'><strong>tribuebat</strong></span> <span class='ocrx_word' id='word_1_990' title='bbox 1680 2809 1686 2828; x_wconf 73' lang='grc' dir='ltr'>ε</span> <span class='ocrx_word' id='word_1_991' title='bbox 1698 2802 1726 2828; x_wconf 81' lang='lat' dir='ltr'><strong>si</strong></span> <span class='ocrx_word' id='word_1_992' title='bbox 1738 2801 1799 2836; x_wconf 79' lang='lat' dir='ltr'><strong>qui-</strong></span> 
     </span>
    </p>
   </div>
   <div class='ocr_carea' id='block_1_122' title="bbox 1009 2847 1800 2885">
    <p class='ocr_par' dir='ltr' id='par_1_122' title="bbox 1009 2847 1800 2885">
     <span class='ocr_line' id='line_1_122' title="bbox 1009 2847 1800 2885; baseline -0.006 -5"><span class='ocrx_word' id='word_1_993' title='bbox 1009 2851 1070 2881; x_wconf 84' lang='lat' dir='ltr'><strong>dem</strong></span> <span class='ocrx_word' id='word_1_994' title='bbox 1085 2851 1114 2882; x_wconf 87' lang='lat' dir='ltr'><strong>ii.</strong></span> <span class='ocrx_word' id='word_1_995' title='bbox 1129 2851 1172 2885; x_wconf 89' lang='lat' dir='ltr'><strong>qui</strong></span> <span class='ocrx_word' id='word_1_996' title='bbox 1188 2850 1322 2878; x_wconf 81' lang='lat' dir='ltr'><strong>hominem</strong></span> <span class='ocrx_word' id='word_1_997' title='bbox 1338 2849 1413 2877; x_wconf 89' lang='lat' dir='ltr'><strong>illum</strong></span> <span class='ocrx_word' id='word_1_998' title='bbox 1439 2855 1522 2884; x_wconf 87' lang='lat' dir='ltr'><strong>usque</strong></span> <span class='ocrx_word' id='word_1_999' title='bbox 1536 2847 1604 2875; x_wconf 88' lang='lat' dir='ltr'><strong>adeo</strong></span> <span class='ocrx_word' id='word_1_1000' title='bbox 1624 2847 1749 2876; x_wconf 83' lang='lat' dir='ltr'><strong>amabant</strong></span> <span class='ocrx_word' id='word_1_1001' title='bbox 1768 2855 1800 2875; x_wconf 84' lang='lat' dir='ltr'><strong>ac</strong></span> 
     </span>
    </p>
   </div>
   <div class='ocr_carea' id='block_1_123' title="bbox 1589 2897 1628 2928">
    <p class='ocr_par' dir='ltr' id='par_1_123' title="bbox 1589 2897 1628 2928">
     <span class='ocr_line' id='line_1_123' title="bbox 1589 2897 1628 2928; baseline 0.051 -2"><span class='ocrx_word' id='word_1_1002' title='bbox 1589 2897 1628 2928; x_wconf 77' lang='lat'><strong>27</strong></span> 
     </span>
    </p>
   </div>
  </div>
