2021 3117
238 104 295 132 1⁸Ξῦ

239 160 395 193 tuebantur,
413 164 441 187 ut
454 160 536 188 etiam
551 159 647 188 animis
667 159 823 187 inﬂarentnr
835 180 842 192 ,
857 159 924 188 adeo
937 168 1030 188 rursus

238 215 300 235 eum
314 206 430 234 aversati
451 206 505 234 sint
517 227 524 239 .
541 210 569 233 ut
583 211 722 241 tantopere
749 205 923 234 laborandum
948 206 1029 234 Paulo

237 252 328 286 fuerit,
345 258 373 279 ut
396 253 535 279 caritatem
558 251 584 278 in
604 258 664 278 eum
678 251 824 279 firmarent.
840 251 903 279 limo
914 251 1030 287 discipu-

237 299 323 325 lorum
333 318 342 331 ,
357 297 415 325 hmc
430 297 551 332 magistri
568 296 653 324 virtus
664 301 705 324 est
720 306 728 324 ε
741 297 812 332 quod
829 297 867 325 illi
878 302 932 325 tam
946 299 1030 326 mori-

236 351 315 378 geros
329 350 358 370 se
371 342 518 377 przcbeant,
536 342 579 369 hic
589 347 643 369 tam
658 342 785 377 praeclare
799 343 871 378 ipsos
885 350 1030 378 componat

236 397 267 417 ac
280 389 444 416 moderetur.
466 389 524 416 lloc
537 389 560 416 si
583 395 655 416 nune
672 396 779 424 quoque
795 389 870 417 ﬂeret
883 410 891 424 ,
907 390 951 425 qui
967 397 1029 425 pec-

235 439 309 468 cant,
332 435 403 462 haud
425 435 483 463 sine
504 442 586 463 sensu
606 441 758 471 peecarent.
773 436 829 464 Nec
841 437 912 465 enim
928 441 1029 464 temere

236 490 327 509 amare
339 486 456 517 oportet,
473 489 523 509 nec
535 482 594 510 sine
608 482 713 510 ratione
732 484 861 511 aversari.
880 483 908 511 9.
923 482 956 510 In
981 484 1028 511 hoc

235 529 302 556 cnim
319 529 394 556 etiam
408 528 498 564 scripsi
512 528 580 556 vobis
590 549 599 561 ,
614 534 642 556 ut
663 537 811 565 cognoscam
830 530 1028 566 experimentum

234 580 343 602 vestrum
355 595 362 608 ,
378 583 412 602 an
426 575 453 601 in
466 574 582 602 omnibus
596 575 737 603 obedientes
751 576 816 603 sitis.
831 575 888 603 Hoc
901 580 941 603 est
951 595 958 608 ,
974 583 1026 602 non

234 620 314 649 modo
326 621 352 648 in
365 620 538 656 amputanda,
556 620 603 648 sed
614 620 695 647 etiam
711 621 737 647 in
751 620 930 656 adjungcndo.
945 620 1027 648 Vides

233 675 350 702 quonam
368 673 446 702 pacto
471 667 514 694 hic
528 674 634 702 quoque
653 674 746 694 rursus
765 671 865 694 metum
882 666 1025 694 immittat?

235 713 268 742 Ut
280 714 351 741 enim
374 721 435 741 cum
449 713 493 741 ille
512 717 668 748 peccasset,
685 717 816 740 terrorem
833 712 898 748 ipsis
912 712 1024 748 injecit,

233 761 284 788 nisi
304 768 366 788 eum
387 759 585 791 abscinderent,
600 759 694 786 dicens
705 778 713 792 ,
732 758 859 794 Exiguum
874 760 1024 791 fermentum

232 811 310 834 totam
323 814 433 833 ntassam
446 805 584 840 corrumpit
595 805 618 840 (Ι
627 825 633 832 .
645 804 704 832 Cor.
716 805 742 832 5.
753 805 781 839 6)
792 825 800 838 ,
811 805 916 839 aliaque
930 805 1003 839 plura
1014 813 1022 833 :

231 853 325 881 eodem
340 853 383 880 hic
396 859 502 888 quoque
517 851 597 879 modo
611 850 800 879 inobedientia:
815 855 914 878 metum
929 851 1022 878 iisdem

231 899 330 934 injicit,
346 899 387 926 his
403 899 458 925 fere
472 897 561 925 verbis
584 901 661 924 utens
683 905 690 926 :
707 896 740 924 Ut
755 901 818 924 tunc
842 904 894 923 non
914 903 962 931 pro
978 896 1023 924 illo

229 949 343 976 tantum,
364 943 412 971 sed
425 944 506 971 etiam
523 950 571 978 pro
588 943 674 975 vobis,
698 943 737 970 sic
754 949 823 970 nunc
841 949 947 977 queque
968 950 1021 970 non

228 991 312 1025 magis
324 989 396 1017 illius
410 1010 418 1023 ,
433 996 514 1024 quam
540 993 628 1016 vestra
643 995 723 1016 causa
736 987 877 1016 consilium
890 987 965 1015 vobis
977 995 1022 1015 ca-

228 1037 354 1072 piendum
369 1040 410 1064 cst
420 1057 427 1069 ,
444 1043 477 1064 ne
491 1036 644 1070 pervicaces
657 1041 738 1070 atque
753 1034 891 1062 inhumani
904 1042 964 1063 esse
978 1035 1019 1062 vi-

226 1082 353 1114 dcamini,
365 1089 416 1110 nec
432 1081 458 1109 in
471 1081 596 1109 omnibus
610 1080 775 1108 obedientes.
792 1081 830 1108 Ac
845 1081 957 1116 proinde
970 1081 1018 1114 ait,

227 1127 260 1156 In
273 1129 320 1155 hoc
335 1128 402 1155 enim
415 1127 491 1154 etiam
504 1126 595 1161 scripsi
614 1126 692 1158 vobis,
714 1131 741 1153 ut
755 1134 906 1162 cognoscam
921 1127 1020 1161 expeti—

225 1178 338 1201 utentum
367 1177 498 1206 vestrum,
522 1180 557 1199 an
583 1172 611 1198 in
636 1171 750 1199 omnibus
781 1171 923 1199 obedientes
951 1172 1017 1199 sitis.

227 1220 331 1248 Etenim
353 1219 418 1247 illud
440 1219 547 1246 invidiae
569 1218 683 1246 fortasse
695 1217 833 1246 aclivoris
855 1225 915 1246 esse
934 1218 1017 1245 videri

224 1268 357 1302 potuisset
370 1274 378 1299 ;
394 1265 446 1294 hoc
457 1270 547 1293 autem
562 1272 654 1300 puram
670 1264 696 1291 in
719 1264 813 1299 primis
831 1271 863 1292 ac
884 1264 1017 1292 sinceram

223 1313 405 1341 obedientiam
427 1311 564 1344 ostendit,
588 1314 616 1339 et
631 1318 666 1338 an
680 1310 714 1337 ad
728 1310 904 1338 humanitatis
928 1309 1017 1338 officia

222 1358 311 1386 idonei
329 1358 398 1385 sitia.

257 1405 447 1440 Discipuloram
463 1402 583 1439 o/ﬂcium.
605 1417 641 1423 —
656 1402 713 1430 Hoc
728 1403 800 1431 enim
815 1402 960 1438 proborum
974 1402 1015 1430 di-

221 1453 384 1488 scipulorum
399 1455 451 1484 est,
473 1458 571 1486 nempe
581 1458 634 1478 non
648 1450 729 1478 modo
743 1451 798 1483 illa,
815 1450 862 1478 sed
880 1451 1014 1479 contraria

219 1505 326 1534 quoque
337 1497 478 1532 imperanti
493 1496 690 1532 obtemperare.
702 1496 763 1524 ldeo
775 1496 853 1529 dixit,
867 1496 908 1523 Ad
917 1497 1011 1524 omnia.

220 1544 323 1578 Quibus
337 1543 426 1572 verbis
439 1543 568 1575 ostendit,
585 1543 636 1570 nisi
648 1542 775 1570 obediant
789 1563 797 1576 ,
812 1543 838 1570 id
854 1551 907 1570 non
923 1548 975 1571 tam
989 1544 1014 1572 ei

219 1599 298 1627 quam
314 1591 364 1618 sibi
378 1590 443 1625 ipsis
459 1590 558 1625 probro
571 1596 603 1616 ac
622 1588 749 1616 dedecori
768 1589 835 1623 fore,
851 1595 880 1616 ut
894 1590 937 1625 qui
954 1597 1014 1625 per-

218 1636 328 1663 vicacia:
350 1635 503 1670 opinionem
517 1634 657 1661 collecturi
673 1634 736 1661 sint.
754 1634 810 1662 lloc
831 1639 920 1662 autem
937 1635 1010 1669 facit,

218 1687 247 1709 nt
261 1682 323 1709 hinc
338 1688 444 1716 quoque
464 1680 538 1715 ipsOs
553 1679 586 1707 ad
608 1679 755 1715 parendum
771 1679 890 1715 impellat
912 1689 919 1708 :
941 1681 1012 1708 unde

217 1729 298 1756 etiam
311 1727 358 1759 ait,
371 1725 405 1753 In
420 1726 467 1753 hoc
479 1725 545 1753 enim
558 1729 581 1752 et
593 1725 682 1760 scripsi
696 1725 775 1752 vobis.
785 1725 877 1761 Neque
889 1726 960 1754 enim
977 1726 1012 1755 ob

217 1781 276 1802 eam
287 1780 395 1801 causam
410 1771 529 1807 scripsit,
543 1771 590 1798 sed
606 1771 658 1798 hoc
671 1771 772 1799 idcirco
782 1771 859 1806 dixit,
874 1776 904 1799 ut
917 1779 1011 1800 eorum

214 1821 320 1848 animos
334 1819 472 1854 pelliceret
488 1825 494 1845 :
525 1817 598 1853 quod
620 1818 690 1845 enim
708 1818 844 1853 praecipue
867 1819 1008 1853 agebatur,

215 1871 274 1894 crat
288 1867 358 1893 illius
367 1865 450 1898 salus,
462 1864 506 1899 qui
519 1869 654 1900 peccarat.
663 1864 762 1892 Verum
772 1865 816 1892 ubi
830 1865 897 1893 nihil
905 1866 1008 1900 damni,

215 1914 278 1949 ipsis
295 1913 375 1941 etiam
394 1912 567 1948 gratificatur.
591 1911 642 1939 Per
665 1911 722 1939 hmo
742 1916 830 1940 autem
851 1912 951 1946 verba,
968 1913 1009 1940 Ad

214 1961 309 1992 omnia,
320 1966 415 1986 rursus
427 1965 475 1986 eos
488 1957 589 1989 laudat,
606 1958 745 1992 pristinam
761 1966 855 1985 eorum
873 1958 1005 1986 obedien-

215 2007 278 2033 tiam
303 2010 530 2036 commemorans,
557 2008 639 2038 atque
666 2003 692 2030 in
716 2003 834 2031 medium
860 2003 1005 2032 adducens.

213 2052 256 2079 10.
270 2051 315 2078 Cui
323 2054 407 2078 autem
417 2049 514 2084 aliquid
524 2049 626 2076 donatis
639 2069 646 2082 ,
658 2053 681 2076 et
696 2057 752 2084 ego.
763 2049 844 2076 Vides
858 2057 911 2084 quo
927 2055 1007 2085 pacto

213 2104 307 2124 rursus
329 2095 494 2132 posteriores
513 2094 563 2122 sibi
578 2094 688 2128 tribuit,
704 2094 764 2122 illos
784 2094 909 2122 videlicet
923 2095 1007 2123 duces

211 2147 291 2178 atque
314 2141 453 2177 auspices,
472 2147 502 2167 se
520 2146 584 2167 vero
606 2139 733 2167 comitem
754 2139 896 2168 dumtaXat
913 2146 1005 2169 osten-

210 2187 299 2216 dens?
313 2187 358 2215 Sic
377 2186 503 2214 nimirum
525 2185 703 2212 exacerbatus
723 2185 828 2213 animus
851 2187 1004 2222 mitigatur,

213 2235 253 2262 sic
263 2234 347 2262 durus
361 2239 392 2260 ac
416 2232 537 2268 pertinax
553 2231 700 2259 emollitur.
722 2231 817 2260 Postea
833 2240 868 2260 ne
892 2234 1004 2269 snpinos

213 2287 260 2307 eos
274 2279 378 2310 reddat,
392 2282 421 2305 ut
435 2284 519 2312 penes
540 2285 607 2312 quos
631 2277 731 2312 negotii
746 2285 850 2306 summa
861 2279 897 2306 sit
909 2300 916 2313 ,
930 2285 957 2308 et
971 2287 1005 2308 ne

212 2327 288 2354 illum
302 2325 414 2352 missum
428 2323 536 2357 faciant,
551 2323 584 2350 ad
596 2323 646 2350 hoc
663 2324 735 2358 ipsos
748 2324 871 2359 impellit,
887 2324 951 2352 dum
967 2328 1004 2353 ait

212 2380 243 2400 se
255 2378 361 2406 quoque
369 2370 407 2398 illi
416 2370 595 2397 condonasse.
613 2369 683 2396 Nam
696 2374 719 2396 et
732 2377 777 2405 ego
789 2370 811 2397 si
825 2370 887 2405 quid
901 2371 1002 2405 donavi,

211 2418 279 2452 quod
289 2417 391 2450 donavi,
405 2420 508 2451 propter
520 2424 574 2443 vos.
588 2415 658 2449 Quin
672 2415 723 2443 hoc
736 2423 842 2451 quoque
857 2416 944 2451 ipsum
959 2425 1005 2445 ve-

213 2469 270 2492 sttra
281 2470 361 2491 causa
377 2462 439 2496 feci,
455 2462 550 2497 inquit.
565 2462 599 2489 Et
613 2462 693 2495 sicut,
708 2469 770 2489 cum
784 2462 859 2490 illum
871 2464 1002 2498 amputari

209 2509 321 2546 jubebat
332 2530 340 2542 ,
355 2516 406 2536 nec
419 2508 444 2536 ei
459 2502 613 2543 indulgendi
629 2507 770 2535 arbitrium
786 2509 851 2543 ipsis
866 2509 1001 2543 permisit,

211 2557 314 2589 dicens,
334 2555 394 2582 Jam
405 2555 517 2590 judicaui
533 2555 633 2582 tradere
646 2555 793 2590 hujusmodi
817 2556 944 2583 hominem
958 2564 1005 2583 sa-

199 2598 279 2630 ‘tanc
292 2602 336 2637 (ι.
353 2601 412 2629 Cor.
424 2601 451 2628 5.
465 2601 493 2636 5)
503 2621 511 2633 ,
525 2608 557 2628 ac
576 2608 670 2628 rursus
684 2605 773 2628 tamen
787 2609 835 2630 eos
857 2603 999 2631 sententia:

211 2649 301 2675 socios
314 2647 418 2679 ascivit,
432 2655 494 2674 cum
511 2647 623 2680 diceret,
640 2646 805 2683 Congregatis
819 2648 888 2675 vobis
903 2648 1003 2676 tradere

211 2702 269 2722 cum
283 2702 292 2721 :
306 2693 372 2720 duas
386 2693 510 2720 videlicet
524 2699 568 2720 res
578 2693 713 2720 maximas
723 2698 831 2721 struens
840 2714 848 2726 ,
863 2701 961 2729 nempe
975 2698 1003 2721 ut

208 2744 237 2767 et
249 2740 381 2767 sententia
396 2739 521 2772 ferretur,
536 2742 565 2766 et
579 2744 668 2766 tamen
685 2745 738 2766 non
752 2739 810 2766 sine
824 2739 886 2771 illis,
903 2747 936 2766 ne
952 2739 1002 2766 hac

209 2786 313 2813 ratione
333 2792 380 2813 eos
399 2785 500 2812 laedere
520 2784 672 2817 videretur;
687 2792 718 2811 ac
733 2792 820 2820 neque
845 2786 921 2813 solus
940 2793 999 2813 eam

207 2831 370 2867 proferebat,
385 2838 418 2859 ne
433 2831 471 2859 illi
483 2838 545 2859 eum
561 2835 728 2866 arrogantem
743 2838 814 2866 csse,
829 2838 860 2859 ac
874 2838 904 2859 se
920 2831 952 2859 ab
965 2838 997 2860 eo

601 103 629 131 S.
649 103 787 132 JOANNlS
804 103 1039 133 CIIRYSOSTOMI
1059 105 1216 134 AliClllEP.
1237 107 1503 137 CONSTANTINOP.

1830 113 1884 142 424

1083 162 1398 198 contenmijudicarent;
1412 173 1462 194 nec
1476 173 1570 193 rursus
1585 174 1642 194 rem
1662 171 1743 196 totam
1759 168 1880 204 ipsorum

1085 207 1198 235 arbitrio
1211 210 1414 244 committebat,
1430 219 1463 239 ne
1479 216 1589 247 accepta
1611 213 1723 248 hujusce
1741 215 1780 242 rei
1804 221 1880 250 pote-

1084 257 1153 280 state
1178 254 1324 288 proderent
1338 264 1399 283 eum
1416 257 1460 292 qui
1473 263 1645 292 peccaverat,
1662 259 1879 294 intempestiwm

1084 305 1148 333 erga
1160 299 1246 334 ipsum
1263 300 1455 337 indulgentiam
1464 303 1622 332 adhibentes
1638 314 1644 331 :
1661 306 1697 332 ita
1711 306 1755 334 hic
1767 314 1876 343 quoque

1083 343 1156 378 facit,
1172 345 1264 374 dicens
1280 356 1287 374 :
1304 347 1360 382 Ego
1371 348 1427 383 jam
1439 349 1600 384 condonavi,
1615 351 1660 386 qui
1676 352 1702 379 in
1717 352 1807 387 priore
1821 354 1878 388 epi-

1081 390 1151 417 stola
1168 391 1223 426 jam
1238 393 1460 422 condemnaram.
1483 395 1584 424 Deinde
1599 404 1642 429 ne,
1661 402 1795 433 tamquam
1809 406 1875 426 con-

1082 437 1186 471 tempti,
1198 437 1294 465 animis
1309 438 1511 468 oﬂ’enderentur
1520 461 1527 474 ,
1540 442 1577 468 ait
1587 462 1595 474 ,
1612 441 1724 478 Propter
1737 451 1790 471 vos.
1807 445 1875 478 Quid

1081 479 1178 514 igitur?
1186 489 1219 508 au
1231 487 1260 510 ut
1270 483 1303 510 ab
1313 483 1466 512 hominibus
1474 486 1586 521 gratiam
1600 487 1685 520 iniret,
1695 488 1745 523 ipsi
1757 489 1876 524 ignovit?

1079 526 1324 565 Minimezideoqne
1344 530 1452 566 adjecit,
1464 531 1497 559 In
1507 541 1614 568 persona
1623 532 1727 561 Christi.
1741 535 1808 569 Quid
1821 540 1874 569 est,

1080 571 1113 600 In
1125 582 1233 609 persona
1248 575 1362 604 Christi?
1373 577 1430 605 lloc
1445 583 1498 612 est,
1509 578 1656 607 secundum
1671 580 1766 614 Deum,
1782 582 1824 609 vel
1840 581 1874 608 ad

1079 617 1176 646 Christi
1191 620 1313 655 gloriam.
1325 621 1351 648 Ν
1354 630 1367 649 e
1377 623 1602 651 circumveniantur
1613 633 1629 650 η
1642 629 1732 652 satana
1743 634 1752 653 :
1765 627 1808 654 ii.
1822 635 1873 654 non

1078 664 1145 691 enim
1164 666 1311 700 ignoramus
1330 668 1496 703 cogitationes
1513 670 1580 705 ejus.
1607 670 1712 703 Viden‘,
1730 675 1758 698 ut
1779 677 1806 699 et
1821 672 1872 700 illis

1078 715 1241 745 potestatem
1253 714 1383 742 concedat
1396 735 1404 747 ,
1420 720 1448 742 et
1461 716 1584 743 eamdem
1598 725 1691 744 rursus
1703 718 1802 746 adimat
1818 728 1826 746 :
1844 724 1873 747 ut

1078 757 1150 785 illinc
1164 758 1270 793 quidem
1281 767 1328 787 eos
1344 760 1448 796 mitiget
1461 768 1492 789 ac
1504 761 1635 794 emolliat,
1650 763 1712 791 hinc
1725 769 1813 792 autem
1829 772 1871 792 eo-

1076 811 1136 831 rum
1157 805 1338 840 arrogantiam
1359 808 1501 842 amputet?
1515 808 1571 836 Nec
1585 817 1648 837 vero
1669 809 1694 837 id
1717 810 1802 837 solum
1820 811 1870 838 hoc

1076 849 1138 877 loco
1149 850 1268 884 molitur,
1279 852 1326 880 sed
1339 853 1404 880 illud
1419 861 1537 889 quoque,
1551 859 1579 881 nt
1589 855 1714 882 ostendat
1726 863 1870 884 commune

1075 895 1268 924 detrimentum
1283 897 1341 926 fore
1353 919 1361 932 ,
1379 899 1402 926 si
1427 907 1480 927 non
1503 899 1656 928 obedierint
1670 909 1676 928 :
1693 901 1764 936 quod
1788 903 1868 929 etiam

1075 941 1100 969 in
1117 942 1251 978 principio
1266 942 1338 971 fecit.
1355 944 1421 971 Nam
1437 949 1492 972 tum
1506 945 1587 972 etiam
1604 945 1719 976 dicebat.
1736 945 1868 974 Modicum

1073 987 1224 1022 fermentum
1239 993 1317 1015 totam
1331 997 1441 1016 mussant
1463 990 1603 1024 corrumpit
1618 990 1627 1026 (
1641 990 1663 1018 1η
1681 990 1740 1017 Cor.
1769 992 1796 1019 Ξ.
1813 992 1829 1018 6
1839 994 1866 1026 );

1073 1039 1098 1060 et
1115 1041 1207 1061 rursus
1221 1034 1274 1066 hic,
1291 1034 1325 1062 Ut
1336 1043 1385 1062 non
1399 1036 1626 1062 circumveniuntur
1636 1044 1651 1062 a
1661 1041 1752 1063 satana
1764 1045 1773 1063 :
1788 1042 1868 1072 atque

1073 1079 1144 1107 illius
1155 1081 1200 1116 qui
1225 1086 1350 1116 peccarat
1371 1082 1566 1109 absolutionem
1585 1082 1683 1118 ubique
1704 1082 1755 1110 sibi
1771 1087 1797 1110 et
1813 1083 1867 1110 illis

1071 1131 1189 1161 arrogat.

1106 1172 1134 1200 5.
1148 1171 1246 1200 Verum
1260 1172 1341 1200 altius
1354 1180 1412 1200 rem
1426 1172 1568 1200 considera
1587 1182 1594 1201 :
1609 1173 1642 1201 Si
1652 1173 1708 1209 quis
1732 1179 1815 1201 autem
1828 1182 1867 1201 me

1070 1219 1225 1245 contristavit
1236 1240 1243 1252 ,
1259 1218 1354 1254 inquit,
1371 1227 1422 1246 non
1435 1227 1474 1246 me
1487 1219 1659 1252 contristavit,
1676 1219 1720 1246 sed
1734 1228 1766 1247 et
1780 1225 1863 1255 parte,

1070 1269 1160 1291 utnon
1178 1273 1278 1292 onerent
1292 1273 1378 1292 omnes
1397 1273 1460 1296 vos;
1475 1272 1506 1292 ac
1521 1264 1617 1292 deinde
1637 1273 1730 1293 rursus
1741 1287 1748 1299 ,
1767 1266 1866 1301 Suﬁ'icit

1069 1311 1092 1337 ei
1115 1311 1159 1345 qui
1184 1311 1308 1346 ejusmodi
1331 1315 1377 1344 cst,
1401 1311 1544 1346 objurgatio
1569 1319 1608 1345 ea,
1636 1320 1692 1347 quit
1716 1312 1744 1346 ﬁt
1760 1321 1775 1338 a
1803 1313 1864 1348 plu-

1068 1356 1148 1383 ribus.
1175 1356 1232 1384 lloc
1269 1356 1352 1391 ipsius
1377 1356 1517 1384 decretum
1547 1361 1589 1384 est
1610 1362 1692 1392 atque
1715 1359 1860 1385 sententia.

1068 1401 1122 1429 Nec
1137 1406 1225 1429 tamen
1241 1402 1268 1429 in
1282 1401 1333 1429 hoc
1346 1401 1455 1429 decreto
1472 1402 1604 1435 constitit,
1629 1402 1677 1429 sed
1692 1410 1798 1430 rursum
1812 1411 1859 1431 eos

1067 1455 1173 1484 quoque
1188 1448 1277 1475 socios
1290 1447 1417 1480 adhibet,
1433 1447 1526 1476 dicens
1543 1456 1550 1475 :
1566 1446 1600 1475 Ut
1615 1456 1629 1475 e
1641 1449 1768 1475 contrario
1782 1450 1862 1484 magis

1066 1493 1212 1521 condonetis
1226 1498 1249 1520 et
1263 1493 1438 1520 consolemini.
1456 1492 1565 1528 Propter
1575 1493 1643 1528 quod
1653 1493 1755 1521 obsecro
1766 1503 1819 1526 vos,
1836 1500 1862 1521 ut

1066 1539 1170 1574 [innetis
1190 1539 1216 1566 in
1242 1546 1298 1565 eum
1320 1539 1462 1565 caritatem.
1490 1539 1524 1566 At
1550 1543 1642 1574 postea
1668 1547 1749 1574 quam
1776 1544 1861 1567 totum

1066 1584 1137 1612 istud
1152 1591 1245 1612 eorum
1261 1584 1373 1611 arbitrio
1386 1584 1518 1619 permisit,
1533 1583 1567 1611 ad
1579 1585 1768 1612 auctoritatem
1783 1593 1859 1613 suam

1065 1630 1192 1666 deinceps
1205 1630 1310 1662 transit,
1321 1629 1362 1657 his
1375 1630 1463 1657 verbis
1475 1634 1552 1657 utens
1564 1640 1571 1657 :
1586 1629 1619 1657 In
1633 1630 1680 1657 hoc
1691 1631 1756 1657 enim
1768 1632 1860 1666 scripsi

1064 1678 1132 1704 vobis
1142 1697 1150 1710 ,
1164 1682 1192 1704 ut
1207 1684 1358 1712 cognoscant
1374 1677 1571 1712 experimentum
1584 1682 1703 1711 vestrum,
1719 1686 1752 1705 an
1767 1678 1793 1705 in
1805 1687 1859 1705 ont-

1064 1723 1138 1751 nibus
1152 1723 1295 1750 obedieutes
1317 1724 1388 1751 estis.
1408 1723 1468 1750 Mox
1483 1730 1576 1751 rursus
1600 1724 1714 1758 gratiam
1731 1724 1796 1760 ipsis
1812 1724 1859 1752 ad-

1063 1771 1166 1804 scribit,
1181 1778 1243 1798 cum
1259 1770 1305 1803 ait,
1316 1770 1364 1797 Cui
1375 1774 1458 1796 autent
1471 1769 1584 1797 donastis
1595 1778 1604 1796 :
1619 1775 1673 1797 tum
1689 1777 1782 1798 rursus
1794 1771 1856 1806 sibi,

1063 1817 1165 1850 dicens,
1193 1816 1225 1843 Et
1237 1824 1282 1852 ego
1295 1816 1316 1843 si
1329 1816 1370 1843 cui
1384 1816 1476 1843 donavi
1485 1836 1492 1848 ,
1507 1821 1616 1855 propter.
1630 1824 1673 1843 vos
1683 1825 1692 1843 :
1709 1816 1808 1846 deinde
1822 1818 1856 1845 si-

1062 1863 1117 1891 mul
1132 1868 1161 1891 et
1175 1863 1240 1898 ipsis
1253 1867 1281 1890 et
1306 1861 1356 1890 sibi
1371 1869 1430 1889 eam
1447 1861 1573 1895 vindicat,
1589 1870 1651 1889 cum
1667 1863 1720 1895 ait,
1748 1862 1818 1890 Nam
1834 1869 1856 1890 et

1061 1918 1117 1946 ego,
1130 1909 1152 1936 si
1164 1909 1224 1944 quid
1239 1908 1341 1942 donavi,
1350 1913 1453 1943 propter
1461 1916 1503 1936 vos
1516 1909 1542 1935 in
1553 1917 1661 1943 persona
1673 1909 1780 1936 Christi.
1796 1910 1852 1938 lloc

1060 1961 1118 1990 est,
1132 1956 1166 1983 ad
1178 1956 1290 1991 gloriam
1310 1955 1425 1988 Christi;
1446 1954 1499 1988 vel,
1525 1960 1660 1990 tamquam
1680 1955 1789 1983 Christo
1804 1956 1854 1984 hoc

1059 2002 1139 2030 etiam
1153 2002 1302 2037 imperante
1317 2009 1325 2027 ε
1340 2000 1421 2035 idque
1436 2001 1551 2028 maxime
1574 2001 1635 2028 illos
1658 2002 1792 2029 movebat.
1808 2002 1852 2030 Ti—

1060 2048 1169 2074 mebant
1188 2047 1259 2074 enim
1276 2054 1310 2074 ne
1323 2046 1486 2082 indulgentia
1501 2047 1590 2074 minus
1605 2051 1747 2074 uterentur
1765 2048 1790 2075 in
1814 2056 1852 2080 re,

1058 2100 1118 2128 qua:
1131 2092 1164 2120 ad
1178 2092 1275 2120 Christi
1296 2092 1407 2127 gloriam
1423 2092 1587 2127 pertineret,
1603 2093 1707 2128 ipsique
1723 2093 1851 2128 ilaeeret.

1060 2139 1160 2166 Deinde
1184 2146 1276 2166 rursus
1301 2145 1444 2166 commune
1463 2138 1665 2172 detrimentum,
1693 2139 1716 2166 si
1742 2139 1853 2166 obedire

1059 2185 1234 2221 negligerent,
1248 2185 1375 2220 proponit
1389 2184 1480 2213 dicens
1493 2204 1501 2218 ,
1515 2184 1548 2212 Ut
1563 2193 1612 2212 non
1626 2185 1853 2213 circumveniantur

1058 2242 1074 2260 a
1083 2238 1184 2260 satana.
1199 2232 1257 2267 Quo
1270 2232 1328 2260 loco
1339 2232 1451 2268 pulchre
1462 2236 1596 2266 πλιονεξίας
1604 2233 1764 2260 vocabulum
1779 2242 1853 2261 usur-

1059 2279 1130 2314 pavit
1155 2287 1162 2305 :
1190 2279 1360 2314 nequeenim
1377 2279 1421 2306 ille
1436 2286 1483 2306 sua
1504 2279 1558 2314 jam
1572 2280 1663 2314 capit,
1689 2280 1737 2307 sed
1760 2285 1850 2307 nostra

1057 2324 1146 2360 eripit.
1160 2324 1215 2352 Nec
1237 2332 1301 2352 vero
1322 2325 1386 2352 mihi
1409 2324 1459 2352 hoc
1483 2325 1593 2358 dixeris,
1615 2325 1685 2360 quod
1705 2326 1781 2354 solus
1808 2327 1850 2354 ille

1058 2371 1202 2399 fornicator
1217 2371 1311 2399 bellum
1325 2372 1351 2398 in
1364 2371 1480 2406 praedam
1493 2372 1580 2405 cedat,
1597 2380 1690 2400 verum
1702 2373 1766 2400 illud
1781 2382 1850 2408 quo-

1058 2425 1110 2452 que
1124 2421 1211 2444 tecum
1226 2423 1318 2453 reputa
1331 2437 1338 2449 ,
1355 2417 1425 2452 quod
1439 2418 1528 2453 gregis
1543 2425 1672 2445 numerus
1695 2419 1784 2446 minor
1801 2421 1849 2453 tit;

1057 2471 1089 2491 ac
1111 2471 1182 2491 nunc
1197 2464 1356 2498 prmsertim,
1371 2471 1432 2491 eum
1451 2464 1476 2490 id
1492 2464 1562 2499 quod
1576 2464 1704 2492 amissum
1718 2470 1761 2493 est
1774 2474 1851 2494 recu-

1059 2516 1153 2543 perare
1176 2509 1250 2536 licet.
1277 2507 1338 2535 Non
1360 2512 1425 2536 enim
1440 2509 1494 2544 ejus
1511 2510 1676 2544 cogitationes
1691 2511 1848 2545 ignorantur.

1057 2553 1158 2590 Nempe
1171 2555 1242 2590 quod
1256 2555 1362 2590 pietatis
1376 2559 1506 2590 prmtcxtu
1529 2555 1606 2583 nobis
1621 2556 1732 2583 exitium
1745 2558 1847 2585 afferat.

1057 2599 1115 2627 Non
1136 2601 1208 2628 enim
1229 2600 1291 2627 hinc
1312 2601 1409 2633 solum,
1436 2601 1506 2636 quod
1530 2602 1646 2637 aliquem
1667 2603 1701 2630 ad
1725 2608 1846 2640 stuprum

1057 2646 1184 2680 inducat,
1201 2646 1247 2674 sed
1267 2654 1282 2673 a
1307 2647 1442 2674 contrario
1458 2655 1563 2682 quoque
1591 2649 1735 2683 perniciem
1752 2650 1849 2678 afferre

1057 2696 1154 2726 potest,
1166 2692 1292 2719 nimirum
1307 2693 1340 2719 ab
1356 2693 1500 2720 immodico
1511 2701 1626 2720 mmrore
1642 2702 1673 2721 ex
1690 2695 1847 2729 poenitentia

1055 2741 1201 2764 centraeto.
1218 2738 1283 2764 Cum
1301 2737 1380 2772 igitur
1395 2745 1446 2764 una
1459 2744 1519 2764 cum
1534 2738 1590 2765 suis
1610 2744 1716 2766 nostros
1738 2747 1845 2775 quoque

1055 2783 1178 2818 abripiat,
1191 2791 1251 2810 eum
1267 2789 1293 2810 et
1308 2791 1419 2818 peccare
1430 2784 1528 2818 jubens
1543 2784 1647 2818 perdat,
1659 2789 1686 2812 et
1698 2785 1775 2813 nobis
1790 2792 1848 2821 pm-

1055 2830 1194 2857 nitentiam
1218 2829 1395 2858 indicentibus
1411 2830 1515 2865 rapiat,
1531 2838 1619 2858 annon
1641 2831 1711 2858 iStud
1726 2832 1844 2863 uisa-nim
