2021 3117
221 95 276 122 ’425

225 154 349 180 ἐντεῦθεν
367 152 478 189 δύνηται
501 152 659 188 λαμϐάνειν,
677 154 812 189 σκόπησον
828 154 886 186 πῶς
908 156 924 191 ή
945 152 1014 191 ἧττα

190 217 192 219 -
226 200 335 235 αἰσχρὰ,
348 200 406 231 πῶς
435 200 473 232 ὼς
494 199 615 226 ἀσθενῶν
639 200 686 226 καὶ
700 200 880 235 ταλαιπώρων
894 209 1014 235 καταγε-

225 245 337 273 λάσεται
366 245 412 272 καὶ
432 245 659 280 καταδραμεῖται,
682 245 709 271 εἴ
730 253 761 280 γε
784 247 842 277 τοῖς
868 247 1014 282 ἡμετέροις

224 292 318 324 ὂπλοις
330 293 403 328 ἡμᾶς
415 291 506 326 μέλλει
520 291 686 326 χειροῦσθαι.
705 292 760 318 Καὶ
776 291 830 328 γὰρ
842 293 946 328 σφόδρα
965 301 1015 319 κα-

225 338 391 373 ταγέλαστον
417 338 464 364 καὶ
487 337 536 372 τῆς
562 337 679 372 ἐσχάτης
717 337 855 373 αἰσχύνης,
883 338 927 365 διὰ
958 338 1013 364 τῶν

225 384 365 419 ἡμετέρων
381 383 535 418 φαρμάκων
545 383 577 409 τὰ
586 383 731 419 τραύματα
747 384 828 411 αὐτὸν
843 385 1014 411 κατασκευά-

225 431 291 463 ζειν.
308 430 358 456 Διὰ
374 430 453 456 τοῦτο
465 429 567 463 ἔλεγεν·
584 431 625 457 Οὐ
647 430 701 465 γὰρ
718 429 811 457 αὐτοῦ
829 430 865 457 τὰ
879 430 1013 465 νοήματα

224 476 405 511 ἀγνοοῦμεν·
426 475 456 502 τὺ
474 475 606 508 ποικίλον,
623 476 654 502 τὸ
665 476 784 512 δολερὸν,
801 476 832 503 τὸ
853 477 1013 512 κακομήχα-

225 531 280 554 νον,
301 522 330 548 τὸ
352 521 517 556 κακοῦργον,
547 520 577 547 τὸ
603 520 649 547 ἐπὶ
676 521 852 556 προσχήματι
871 520 1014 552 εὐλαϐείας

224 567 423 603 ἐπηρεαστικδν
439 567 581 602 ἐμφαίνων
599 573 624 594 ⁸.
640 566 725 592 Ταῦτ’
748 564 796 594 οὖν
817 566 864 593 καὶ
875 567 957 602 ἡμεῖς
969 566 1013 592 ὲν-

224 614 359 646 νοοῦντες,
375 612 509 648 μηδέποτε
534 613 649 649 μηδενὸς
676 612 903 648 καταφρονῶμεν,
932 613 1012 648 μηδέ-

224 669 290 687 ποτε
305 659 509 696 ἁμαρτάνοντες
537 658 787 694 ἀπογινώσκωμεν·
804 659 867 694 μηδ’
885 657 917 686 αὖ
930 659 1013 694 ῥαθυ-

225 705 320 742 μῶμεν
336 706 426 739 πάλιν,
439 705 506 732 ἀλλὰ
526 704 712 740 συντρίϐωμεν
727 705 777 740 τὴν
792 704 911 732 διάνοιαν
923 704 1013 739 πλημ-

225 752 380 789 μελοῦντες,
398 752 435 788 μὴ
461 751 554 783 ἀπλῶς
569 751 680 786 ῥήματα
704 750 931 786 προδαλλὼμεθα.
957 750 1012 777 Καὶ
1037 751 1042 757 ’

223 799 277 834 γὰρ
291 796 348 826 οἴδα
372 797 486 828 πολλοὺς
502 796 568 831 ἐγὼ,
593 796 618 823 οῖ
644 796 753 830 λέγουσι
771 795 821 831 μὲν
848 795 956 822 πενθεῖν
978 795 1012 822 τὰ

224 844 422 879 ἁμαρτήματα,
447 842 523 868 οὐδὲν
545 842 574 868 δὲ
593 841 665 876 μέγα
689 841 864 877 ἐργάζονται,
881 841 949 869 ἀλλά
963 850 1012 877 νη-

225 890 349 916 στεύονσι
368 890 417 924 μὲν
434 888 481 915 καὶ
494 887 598 923 τραχέα
619 887 750 923 φοροῦσιν
779 888 883 923 ἱμάτια,
903 888 1011 924 χρημά-

223 944 277 962 των
286 935 315 961 δὲ
334 935 436 968 μᾶλλον
447 933 501 960 τῶν
513 933 721 968 καπηλευόντων
735 933 866 968 ἐφίενται,
881 933 926 960 καὶ
941 933 1010 969 όργῇ

224 982 303 1008 πλέον
315 980 417 1016 θηρίων
427 979 594 1012 ἁλίσκονται,
616 979 664 1006 καὶ
680 979 862 1015 κακηγορίαις
886 980 1012 1015 χαίρουσι

224 1029 336 1065 μᾶλλον,
352 1029 369 1065 ἦ
391 1028 540 1063 ἐγκωμίοις
556 1028 655 1063 ἕτεροι.
667 1027 725 1055 Οὑκ
741 1028 798 1055 ἔστι
815 1028 902 1056 ταῦτα
927 1029 1011 1065 μετά-

223 1085 291 1104 νοια·
306 1075 386 1102 εἰκών
400 1076 457 1101 ἐστι
481 1074 625 1109 μετανοίας
646 1074 732 1101 ταῦτα
759 1074 807 1101 καὶ
834 1075 897 1101 σκιά
921 1076 1010 1110 μόνον,

222 1121 252 1147 οὺ
271 1119 409 1155 μετάνοια.
424 1118 469 1144 Διὸ
483 1118 528 1144 καὶ
556 1118 603 1144 ἐπὶ
618 1118 720 1145 τούτων
735 1118 818 1146 καλὸν
831 1119 928 1145 εἰπεῖν·
944 1119 1010 1146 Σκο-

223 1168 298 1193 πεῖτε
313 1165 350 1201 μὴ
374 1163 618 1200 πλεονεκτηθῶμεν
635 1163 687 1191 ὑπὸ
713 1164 761 1191 τοῦ
785 1165 899 1191 σατανᾶ·
916 1166 946 1191 οὐ
958 1165 1012 1200 γὰρ

223 1212 304 1239 αὐτοῦ
320 1212 353 1239 τὰ
367 1212 488 1247 νοήματα
503 1210 664 1246 ἀγνοοῦμεν.
673 1211 743 1242 Τοὺς
756 1210 805 1246 μὲν
813 1211 867 1247 γὰρ
875 1211 908 1238 δι’
922 1212 1012 1247 ἁμαρ-

221 1259 362 1294 τημάτων,
390 1258 452 1289 τοὺς
470 1257 499 1283 δὲ
521 1257 565 1284 διὰ
581 1257 725 1292 μετανοίας
746 1257 888 1290 ἀπόλλυσι,
901 1258 1012 1290 τούτους

221 1304 249 1331 δὲ
264 1304 351 1340 ἑτέρῳ
376 1303 470 1339 τρόπῳ
494 1303 586 1336 πάλιν,
614 1303 653 1338 τῷ
677 1303 760 1338 μηδὲν
790 1304 844 1330 ἀπὺ
868 1304 1012 1339 μετανοίας

222 1351 331 1383 ἀφεῖναι
360 1349 542 1385 καρποῦσθαι.
565 1349 673 1383 Ἐπειδὴ
687 1349 742 1385 γὰρ
766 1349 896 1377 ἀπολέσαι
922 1349 952 1382 ὲξ
968 1351 1012 1376 εῦ-

222 1397 298 1429 θείας
313 1397 362 1432 οὐχ
375 1393 466 1432 εὗρεν,
480 1396 577 1432 ἑτέραν
596 1394 678 1432 ἦλθεν
694 1397 752 1424 ὁδὸν
767 1398 831 1429 τοὺς
853 1397 903 1433 μὲν
915 1398 1012 1431 πόνους

221 1442 373 1474 ἐπιτείνων,
393 1442 454 1474 τοὺς
475 1442 502 1468 δὲ
520 1442 643 1476 καρποὺς
657 1443 869 1479 ἀφαιρούμενος,
888 1444 935 1470 καὶ
950 1445 1010 1471 πεί-

221 1487 276 1514 θων
290 1487 328 1519 ὠς
353 1487 382 1514 τὸ
411 1488 464 1515 πᾶν
488 1488 717 1523 κατωρθωκότας,
747 1489 818 1516 οὕτω
840 1489 894 1516 τῶν
925 1489 1011 1517 ἄλλων

220 1534 342 1569 ἀμελεῖν.
357 1533 405 1560 "Iv'
417 1531 464 1560 οὖν
482 1533 519 1569 μὴ
543 1534 606 1569 εἰκῆ
623 1534 769 1570 κόπτωμεν
783 1535 906 1568 ἑαυτοὺς,
926 1537 1012 1573 μικρά

222 1580 290 1615 πρὸς
304 1579 353 1612 τὰς
363 1579 489 1611 τοιαύτας
505 1579 693 1615 διαλεχθῶμεν
708 1582 841 1615 γυναῖκας
852 1590 859 1597 ·
873 1583 1011 1616 γυναικῶν

221 1625 275 1662 γὰρ
290 1625 407 1661 μάλιστα
426 1625 501 1652 τουτὶ
519 1626 549 1652 τὸ
564 1626 681 1662 νόσημα.
703 1627 794 1654 Καλὸν
810 1627 860 1663 μὲν
874 1628 1011 1656 καὶτοῦτο

221 1670 236 1696 δ
249 1671 380 1706 πράττετε
395 1671 453 1704 νῦν,
469 1671 581 1706 νηστεία
603 1673 650 1699 καὶ
671 1673 810 1708 χαμευνία
824 1675 872 1701 καὶ
900 1675 1009 1707 σποδός·

220 1717 279 1744 ἀλλ’
291 1718 353 1743 ὅταν
364 1717 399 1743 τὰ
415 1717 483 1745 ἄλλα
509 1717 546 1754 μὴ
561 1719 661 1754 προσῇ,
681 1719 780 1746 τούτων
799 1719 894 1754 δφελος
922 1720 1008 1748 οὐδέν.

223 1762 326 1796 "nam:
343 1762 402 1794 πῶς
414 1762 526 1798 ἀφίησιν
538 1763 673 1799 ἁμαρτίας
689 1764 820 1796 όΘεός-τί
831 1765 921 1792 τοίνυν
937 1766 1009 1793 ὲκεί-

222 1816 270 1843 νην
297 1807 412 1842 ἀφέντες
438 1807 487 1843 τὴν
511 1808 580 1841 ὁδὸν,
611 1808 706 1844 ἑτέραν
734 1809 841 1843 ἑαυτοῖς
874 1811 1007 1847 τέμνετε;

222 1854 365 1889 ’Ἥμαρτον
383 1854 407 1880 οί
430 1854 570 1882 Νινευῖταί
586 1864 670 1888 ποτε,
690 1856 735 1882 καὶ
760 1856 892 1893 ἐποίησαν
910 1858 1008 1891 ταῦτα,

220 1900 238 1926 ἂ
254 1900 301 1926 καὶ
321 1899 399 1934 ὑμεῖς
425 1901 527 1926 ποιεῖτε
553 1900 619 1928 νῦν
651 1901 710 1928 ἀλλ’
737 1902 838 1939 ἴδωμεν
860 1904 887 1930 τί
911 1905 1010 1938 αὐτοὺς

219 1947 344 1981 ὠφέλησε
367 1946 453 1983 [465].
478 1947 612 1983 Καθάπερ
635 1949 696 1987 γόιρ¹
710 1949 756 1976 ἐπὶ
781 1950 835 1978 τῶν
852 1951 1009 1987 καμνόντων

220 1992 306 2019 πολλὰ
321 1992 369 2028 μὲν
380 1993 529 2027 ἐπάγουσιν
544 1995 567 2020 οἱ
589 1994 685 2030 ἰατροὶ,
698 1995 712 2021 6
727 1995 754 2022 δὲ
768 1997 877 2029 συνετὸς
890 1998 920 2024 οὺ
930 1998 1009 2025 τοῦτο

219 2039 326 2072 σκοπεῖ,
337 2039 377 2065 ὅτι
392 2038 422 2065 τὸ
440 2040 487 2066 καὶ
501 2040 532 2066 τὸ
552 2040 678 2076 ἐποίησεν
693 2041 707 2067 ὁ
723 2042 884 2078 ἁρῤωστῶν,
899 2044 968 2072 ἀλλὰ
983 2046 1010 2073 τί

220 2085 300 2111 αὐτὸν
314 2084 466 2120 ὠφέλησεν*
480 2085 550 2112 οὕτω
573 2086 620 2112 καὶ
644 2088 762 2115 ἐνταῦθα
789 2091 900 2117 σκοπεῖν
917 2091 965 2119 δεῖ.
977 2092 1009 2118 Τί

219 2129 265 2158 οὖν
287 2131 412 2168 ὠφέλησε
429 2133 490 2164 τοὺς
517 2132 671 2169 βαρϐάρους
696 2136 837 2170 ὲκείνουςς
855 2138 1009 2174 Ἐπέθηκαν

221 2178 347 2214 νηστείαν
360 2179 416 2210 τοῖς
436 2178 587 2214 τραύμασι,
609 2180 657 2207 καὶ
674 2181 794 2221 σφοδρὰν
814 2186 941 2220 νηστείαν
960 2187 1009 2212 ὲπ-

219 2224 332 2259 έθηκαν,
355 2224 401 2250 καὶ
422 2225 571 2259 χαμευνίαν
594 2226 641 2252 καὶ
668 2227 770 2255 σάκκου
794 2231 939 2268 περιϐολὴν
961 2234 1008 2260 καὶ

219 2271 322 2306 τέφραν
346 2270 396 2297 καὶ
429 2270 579 2306 ὀδυρμούς·
615 2273 755 2310 ἐπέθηκαν
781 2277 829 2303 καὶ
856 2279 1007 2316 μεταϐολὴν

220 2317 289 2351 βίον.

249 2421 286 2445 ς’.
306 2417 419 2454 ’Ἱδωμεν
433 2417 479 2446 οῦν
493 2420 519 2447 τί
535 2421 636 2449 τούτων
648 2422 776 2459 ἐποίησεν
793 2425 893 2459 αὐτοὺς
908 2428 1004 2463 ὑγιεῖς.

220 2463 275 2489 Καὶ
291 2463 372 2490 πόθεν
393 2465 535 2500 εἰσόμεθα,
559 2468 661 2503 φησίν;
687 2470 736 2495 “Av
762 2472 831 2507 πρὸς
847 2473 893 2500 τὸν
914 2475 1006 2511 ἰατρὸν

220 2508 351 2544 ἔλθωμεν,
361 2509 393 2537 ἂν
408 2511 488 2539 αὐτὸν
502 2514 695 2550 ἑρωτήσωμεν·
708 2516 739 2542 οὐ
752 2517 806 2553 γὰρ
816 2508 1005 2556 ἀποκρύψεται

218 2555 301 2589 ἡμᾶς.
315 2555 382 2583 ἀλλά
413 2558 460 2585 καὶ
484 2560 586 2595 σφόδρα
601 2562 667 2597 ἐρεῖ,
684 2563 792 2590 Μᾶλλον
806 2564 834 2591 δὲ
850 2565 893 2592 ἵνα
907 2567 1005 2603 μηδεὶς

218 2602 313 2637 ἀγνοῇ,
326 2603 393 2649 μηδὲ
411 2605 522 2639 ἐρέσθαι
547 2607 652 2643 δέηται,
668 2610 715 2636 καὶ
733 2610 871 2646 ἀνέγραψε
887 2613 917 2640 τὸ
933 2613 1003 2649 φάρ-

219 2654 305 2681 μακον
328 2647 358 2673 τὸ
376 2648 533 2685 ἀναστῆσαν
552 2652 662 2685 αὐτούς.
689 2654 721 2681 Τί
744 2653 790 2683 οὖν
815 2657 896 2685 τοῦτό
913 2647 1001 2694 ἐστιν;

244 2816 253 2828 ι
267 2807 397 2840 agebatur
409 2810 536 2842 ὶμφαινειν.

543 95 572 122 S.
592 95 734 124 JOANNIS
754 95 1002 125 Cll-RYSOSTOMI
1023 97 1187 129 ARCIHEP‘
1209 101 1488 132 CONSTANTINOP.

1799 104 1852 133 £26

1067 154 1147 190 Εἷδε,
1160 159 1251 194 φησὶν,
1265 162 1280 187 ό
1292 161 1364 195 Θεὸς
1382 162 1427 190 ὅτι
1446 162 1638 198 ἀπέστρεψεν
1650 164 1779 198 ἕκαστος
1792 165 1853 192 ἀπὸ

1066 204 1121 238 τῆς
1136 204 1208 232 ὁδοῦ
1234 206 1324 236 αὑτοῦ
1352 207 1408 242 τῆς
1426 209 1572 242 πονηρᾶς,
1602 211 1650 237 καὶ
1666 211 1854 245 μετενόησεν

1065 249 1114 275 ἐπὶ
1136 249 1172 284 τῇ
1192 252 1292 285 κακίᾳ,
1316 250 1336 288 ᾖ
1355 253 1489 288 ἐλάλησε
1515 255 1639 289 ποιῆσαι
1662 256 1773 290 αὐτοῖς.
1795 258 1853 284 Οὔκ

1065 294 1152 329 εἶπεν,
1169 297 1209 324 ὅτι
1226 296 1286 325 Εἷδε
1302 303 1430 334 νηστείαν
1446 303 1493 326 καὶ
1507 303 1609 327 σάκκον
1617 303 1663 328 καὶ
1677 302 1783 330 σποδόν.
1796 303 1853 330 Καὶ

1064 343 1152 370 ταῦτα
1172 344 1202 371 ού
1218 345 1343 380 νηστείαν
1365 346 1484 382 ἀναιρῶν
1500 347 1581 381 λέγω·
1595 348 1632 383 μὴ
1647 348 1762 382 γένοιτο·
1784 350 1853 377 ἀλλά

1064 389 1094 416 τὺ
1114 391 1163 426 τῆς
1179 391 1305 426 νηστείας
1317 394 1441 427 κρεῖττον
1458 395 1544 420 ποιεῖν
1554 393 1705 429 παραινῶν,
1722 395 1751 421 τὸ
1763 395 1854 431 πάσης

1064 435 1162 467 κακίας
1175 435 1334 472 ἀπέχεσθαι.
1349 436 1478 473 ’Ἥμαρτε
1491 438 1539 465 καὶ
1555 440 1569 465 ὁ
1580 439 1672 466 Δαυϊδ·
1691 439 1791 475 ἴδωμεν
1805 438 1853 468 οὖν

1063 481 1111 508 καὶ
1133 478 1209 513 οὗτος
1239 482 1298 514 πῶς
1317 484 1474 519 μετενόησε.
1491 484 1571 519 Τρεῖς
1592 485 1700 520 ἡμέρας
1725 485 1854 512 ἐκάθισεν

1064 528 1110 554 ἐπὶ
1133 527 1245 563 τέφρας.
1274 529 1344 555 ’Δλλ⁹
1366 529 1468 561 ἐκεῖνος
1482 530 1531 565 οὐχ
1554 530 1624 566 ὑπὲρ
1641 531 1691 565 τῆς
1715 530 1853 566 ἁμαρτίας

1044 598 1047 600 .
1063 573 1160 605 ἐποίει,
1171 574 1229 600 ἀλλ’
1244 574 1314 610 ὑπὲρ
1329 574 1376 601 τοῦ
1393 575 1510 608 παιδίου,
1531 575 1638 611 μεθύων
1650 576 1689 602 ἔτι
1701 575 1740 611 τῷ
1753 576 1835 603 πάθει
1845 584 1852 591 '

1062 617 1111 653 τὴν
1127 617 1155 645 δὲ
1165 618 1303 654 ἁμαρτίαν
1314 619 1414 655 ἑτέρως
1433 619 1590 656 ἀπέσμηχε,
1606 621 1853 657 ταπεινοφροσύνῃ,

1064 663 1193 700 συντριϐῇ
1208 664 1330 700 καρδίας,
1343 665 1488 698 κατανύξει
1508 666 1607 702 ψυχῆς,
1624 666 1662 702 τῷ
1685 666 1784 702 μηκέτι
1796 668 1854 698 τοῖς

1062 710 1154 742 αὐτοῖς
1168 712 1338 745 περιπεσεῖν,
1350 711 1389 747 τῷ
1401 711 1555 748 μεμνῆσθαι
1564 712 1697 748 διηνεκῶς
1709 713 1853 748 αύτῆς,τῷ

1063 755 1156 791 φέρειν
1173 755 1340 791 εὐχαρίστως
1354 756 1389 783 τὰ
1402 758 1513 784 ἐπιόντα
1527 758 1644 792 ἃπαντα,
1663 758 1702 794 τῷ
1715 759 1853 794 φείδεσθαι

1062 799 1116 826 τῶν
1132 801 1298 834 λυπούντων,
1319 801 1356 837 τῷ
1368 802 1406 839 μὴ
1419 802 1568 838 ἀμύνεσθαι
1583 804 1646 836 τοὺς
1661 804 1852 832 ὲπιῦουλεύον-

1063 853 1123 878 τας,
1149 845 1216 873 ἀλλά
1240 847 1365 880 καὶτοὺς
1388 848 1566 884 βουλομένους
1585 849 1663 877 τοῦτο
1682 852 1780 884 ποιεῖν,
1799 860 1853 879 κωα

1062 891 1146 918 λύειν.
1174 893 1237 919 Ὅτε
1263 893 1327 928 γοῦν
1346 894 1427 921 αὑτὸν
1446 895 1459 922 6
1480 896 1578 931 Σεμεεὶ
1602 897 1711 932 μυρίοις
1737 897 1852 926 ἔπλυνεν

1061 937 1185 970 ὀνείδεσι,
1203 938 1250 965 τοῦ
1270 939 1423 975 στρατηγοῦ
1441 940 1487 967 τοῦ
1506 941 1638 977 παρόντος
1665 944 1852 977 ἀγανακτοῦν-

1063 989 1118 1013 τος,
1135 981 1237 1017 ἕλεγεν,
1254 983 1346 1018 ’Ἄφες
1360 985 1454 1012 αὐτὸν
1468 986 1654 1021 καταρᾶσθαι
1669 997 1717 1023 με,
1734 988 1778 1016 ὅτι
1795 989 1852 1016 K15-

1059 1035 1127 1060 ριος
1140 1028 1310 1056 ἐνετείλατο
1328 1029 1417 1063 αὐτῷ.
1443 1032 1566 1068 Καρδίαν
1581 1033 1635 1068 γὰρ
1654 1035 1853 1071 συντετριμμέ-

1063 1081 1112 1108 νην
1125 1074 1172 1100 καὶ
1206 1076 1445 1112 τεταπεινωμένην
1472 1075 1565 1113 εἶχεν,
1590 1079 1603 1106 δ
1629 1080 1746 1115 μάλιστα
1767 1082 1851 1108 αὑτοῦ

1062 1119 1095 1146 τὰ
1105 1120 1213 1156 ἀμαρτή
1219 1130 1291 1156 ματα
1306 1122 1461 1158 ἀπέσμηχε·
1472 1124 1518 1151 καὶ
1532 1124 1586 1160 γὰρ
1593 1125 1672 1152 τοῦτο
1686 1125 1851 1162 ἐξομολόγη-

1064 1175 1116 1198 σις,
1145 1167 1224 1193 τοῦτο
1246 1168 1386 1203 μετάνοια.
1406 1169 1456 1196 Ἀν
1471 1169 1499 1196 δὲ
1525 1171 1702 1206 νηστεύοντες
1723 1172 1853 1205 ἀλαζόνες

1062 1208 1148 1247 ὦμεν,
1161 1212 1190 1238 οὐ
1208 1213 1288 1248 μόνον
1301 1214 1376 1241 οὐδὲν
1385 1214 1578 1251 ὠφελήθημεν,
1604 1217 1672 1244 ἀλλὰ
1701 1218 1747 1245 καὶ
1772 1218 1852 1245 εσλά-

1063 1257 1161 1292 ϐημεν.
1182 1259 1356 1287 Ταπείνωσον
1371 1261 1461 1288 τοίνυν
1476 1262 1526 1297 τὴν
1541 1263 1654 1299 καρδίαν
1672 1265 1718 1291 καὶ
1735 1265 1766 1291 σὺ
1778 1284 1786 1297 ,
1809 1265 1852 1292 ἵνα

1062 1303 1108 1329 τὸν
1129 1303 1195 1330 Θεὸν
1210 1305 1351 1342 ὲπισπάσῃ
1365 1314 1371 1321 ·
1392 1307 1498 1342 Ἐγγὺς
1509 1308 1562 1344 γὰρ
1576 1309 1684 1343 Κύριος
1700 1310 1761 1344 τοῖς
1778 1319 1853 1338 συν-

1063 1349 1266 1384 τετριμμένοις
1289 1351 1326 1386 τῇ
1339 1353 1455 1387 καρδίῃ.
1476 1355 1531 1390 Ούχ
1545 1355 1610 1390 ὁρᾷς
1632 1356 1662 1382 ὲν
1674 1358 1733 1387 ταῖς
1752 1357 1852 1389 οἰκίαις

1062 1395 1122 1426 ταῖς
1151 1395 1292 1431 λαμπραῖς
1319 1398 1381 1430 τοὺς
1409 1399 1616 1435 ὴτιμωμένους,
1638 1401 1696 1433 πῶς
1713 1402 1773 1429 οὐδὲ
1796 1402 1852 1430 τῶν

1062 1439 1212 1467 ἐλαττόνων
1228 1442 1341 1469 οἰκετῶν
1363 1443 1528 1479 ὑϐριζόντων
1548 1446 1647 1479 αὐτοὺς
1670 1448 1720 1474 οὐκ
1746 1449 1852 1475 ἀντιλέ-

1061 1495 1156 1520 γουσιν
1169 1507 1176 1520 ,
1198 1488 1267 1515 ἀλλὰ
1284 1490 1396 1525 φέρουσι
1409 1490 1453 1517 διὰ
1464 1491 1512 1527 τήν
1525 1493 1647 1528 ἀτιμίαν,
1691 1494 1852 1530 περιέϐαλεν

1061 1533 1160 1565 αὐτοὺς
1172 1534 1188 1569 ἡ
1202 1535 1323 1570 ἁμαρτία
1335 1544 1341 1568 ;
1358 1535 1435 1563 οὕτω
1446 1537 1533 1565 καὶσὺ
1543 1539 1613 1565 ποίει
1625 1549 1632 1555 ·
1648 1540 1698 1567 κᾶν
1708 1540 1851 1578 λοιδορήσῃ

1063 1579 1092 1606 σέ
1108 1589 1159 1611 τις.
1175 1581 1212 1616 μὴ
1225 1581 1369 1618 ἀγριάνῃς,
1383 1583 1450 1610 ἀλλά
1464 1584 1600 1618 στέναξον,
1616 1586 1653 1621 μὴ
1662 1586 1707 1613 ἐπὶ
1717 1589 1749 1623 τῇ
1761 1586 1849 1622 ὗόρει,

1061 1625 1119 1651 ἀλλ’
1136 1626 1181 1651 ἐπὶ
1191 1627 1224 1662 τῇ
1245 1627 1366 1663 ἁμαρτίᾳ
1387 1630 1419 1663 τῇ
1446 1637 1474 1655 σε
1496 1631 1536 1661 είς
1552 1631 1663 1666 ἀτιμίαν
1683 1631 1849 1669 ἐμϐαλούσῃ.

1061 1671 1191 1704 Στέναξον
1205 1672 1268 1699 ὅταν
1280 1674 1416 1710 ἁμάρτῃς,
1439 1676 1475 1710 μὴ
1490 1676 1530 1702 ὅτι
1550 1676 1713 1709 κολάζεσθαι
1731 1679 1848 1713 μέλλεις·

1060 1716 1139 1743 τοῦτο
1149 1717 1203 1752 γὰρ
1215 1718 1291 1745 οὐδέν
1302 1728 1308 1734 -
1332 1720 1389 1746 ἀλλ’
1404 1721 1444 1747 ὅτι
1468 1722 1671 1758 προσέκρουσάς
1689 1732 1735 1751 σου
1749 1724 1788 1760 τῷ
1801 1726 1850 1751 Δε-

1062 1762 1148 1798 σπότῃ
1161 1763 1200 1798 τῷ
1221 1763 1308 1796 οὕτως
1334 1766 1441 1801 ἡμέρῳ,
1457 1767 1496 1802 τῷ
1522 1767 1592 1795 οὓτω
1619 1778 1648 1795 σε
1666 1770 1786 1804 φιλοῦντι
1803 1771 1850 1798 καὶ

1062 1809 1262 1846 ὲκκρεμαμένῳ
1276 1811 1325 1846 τῆς
1341 1813 1478 1847 σωτηρίας
1490 1813 1540 1848 τῆς
1549 1814 1609 1850 σῆς,
1619 1815 1656 1847 ὼς
1667 1816 1712 1842 καὶ
1725 1816 1770 1843 τὸν
1786 1817 1849 1843 Υἰὸν

1061 1855 1199 1882 ἐπιδοῦναι
1216 1857 1286 1892 ὑπὲρ
1302 1857 1348 1884 σοῦ
1370 1857 1457 1895 [46η.
1474 1859 1523 1886 Διά
1538 1859 1623 1887 ταῦτα
1649 1861 1786 1894 στέναξον,
1801 1864 1849 1890 καὶ

1060 1901 1138 1928 τοῦτο
1160 1902 1230 1929 ποίει
1246 1902 1393 1938 διηνεκῶς·
1410 1904 1488 1931 τοῦτο
1504 1905 1558 1941 γὰρ
1583 1905 1783 1942 ἐξομολόγησις.
1802 1909 1848 1944 Μὴ

1060 1947 1107 1974 νῦν
1124 1948 1173 1983 μὲν
1185 1948 1307 1984 φαιδρὸς,
1319 1948 1412 1984 αὔριον
1421 1949 1448 1976 δὲ
1464 1950 1633 1986 σκυθρωπὸς,
1651 1950 1708 1979 εἶτα
1725 1952 1847 1988 φαιδρὸς,

1060 1993 1128 2021 ἁλλά
1139 1994 1285 2027 διαπαντὸς
1298 1995 1361 2031 μένε
1373 1996 1401 2022 ὲν
1414 1995 1452 2031 τῷ
1484 1997 1592 2024 πενθεῖν
1619 1997 1666 2025 καὶ
1694 1999 1848 2034 συντρίϐειν

1061 2040 1167 2068 σαυτόν.
1186 2041 1328 2076 Μακάριοι
1340 2042 1402 2077 γὰρ,
1416 2043 1507 2077 φησὶν,
1523 2044 1550 2070 οὶ
1562 2044 1754 2078 πενθοῦντες,
1767 2053 1846 2071 τουτ-

1059 2087 1147 2119 έστιν,
1175 2088 1200 2114 οἱ
1229 2087 1360 2123 διηνεκῶς
1384 2087 1462 2114 τοῦτο
1488 2089 1636 2121 ποιοῦντες.
1662 2090 1734 2117 Μένε
1769 2091 1848 2117 τοῦτο

1059 2133 1144 2160 ποιῶν
1155 2133 1296 2168 διηνεκῶς,
1313 2134 1359 2161 καὶ
1375 2135 1463 2170 σαυτῷ
1476 2135 1626 2171 προσέχων,
1641 2138 1688 2163 καὶ
1697 2137 1847 2172 συντρίϐων

1060 2187 1107 2205 σου
1124 2179 1172 2215 τὴν
1190 2179 1311 2215 καρδίαν,
1328 2180 1365 2211 ὡς
1381 2180 1414 2207 ἄν
1428 2190 1471 2212 τις
1483 2182 1595 2217 γνήσιον
1618 2182 1674 2209 υίὺν
1703 2182 1847 2209 ἀποϐαλὼν

1059 2225 1180 2260 πενθοίη.
1196 2225 1388 2259 Διαῤῥήξατε,
1402 2227 1479 2262 φησὶ,
1494 2228 1547 2260 τὰς
1555 2228 1679 2262 καρδίας
1688 2227 1781 2263 ὑμῶν,
1796 2229 1846 2255 καὶ

1055 2270 1098 2306 μὴ
1112 2271 1148 2297 τὰ
1159 2270 1257 2305 ἱμάτια
1273 2270 1356 2306 ὑμῶν
1370 2291 1377 2298 .
1395 2272 1431 2298 Τὸ
1448 2272 1475 2298 δὲ
1491 2272 1637 2308 διερρωγὸς
1649 2273 1699 2300 οὐκ
1715 2274 1748 2300 ἂν
1763 2274 1848 2308 ἐπαρ-

1058 2317 1174 2352 θείη-τὺ
1203 2318 1432 2353 συντετριμμένον
1459 2319 1509 2345 οὐκ
1535 2319 1568 2345 ἂν
1593 2319 1767 2355 ἐξανασταίη.
1797 2319 1847 2345 Διά

1057 2364 1135 2390 τοῦτο
1147 2365 1161 2390 6
1173 2364 1223 2399 μὲν
1235 2363 1321 2398 λέγει,
1339 2363 1529 2399 Διαρῤιξξατε,
1543 2366 1556 2391 6
1570 2365 1597 2391 δὲ
1618 2365 1702 2399 λέγει,
1714 2365 1847 2399 Καρδίαν

1057 2409 1314 2444 συντετριμμένην
1328 2411 1376 2438 καὶ
1400 2412 1657 2446 τεταπεινωμένην
1673 2413 1689 2438 ὁ
1703 2412 1775 2445 Θεὸς
1790 2413 1846 2440 οὐκ

1056 2456 1263 2488 ἐξουδενώσει.
1293 2457 1352 2484 Κᾶν
1377 2458 1457 2492 σοφὸς
1481 2455 1525 2495 ᾖς,
1554 2457 1607 2484 κᾶν
1635 2457 1772 2491 πλούσιος,
1795 2459 1846 2486 κᾶν

1056 2499 1198 2535 δυνάστης,
1215 2500 1362 2536 διάρρηξον
1386 2501 1435 2537 τὴν
1460 2501 1584 2537 καρδίαν,
1601 2501 1639 2538 μὴ
1664 2503 1736 2539 ἀφῇς
1761 2503 1846 2541 αὐτὴν

1058 2546 1129 2581 μέγα
1147 2548 1254 2582 φρονεῖν
1270 2548 1336 2582 μηδὲ
1353 2548 1498 2582 φνσᾶσθαι.
1513 2549 1550 2575 Τὸ
1567 2549 1621 2584 γὰρ
1646 2549 1795 2585 διερρωγὸς
1813 2552 1844 2578 οὑ

1056 2592 1183 2626 φυσᾶται,
1200 2591 1250 2618 κᾶν
1297 2601 1323 2619 τι
1334 2593 1364 2619 τὺ
1377 2593 1500 2629 ὲπαῖρον,
1516 2594 1547 2620 οὐ
1570 2593 1681 2621 δύναται
1697 2595 1803 2629 στέγειν
1814 2595 1844 2622 τὸ

1056 2637 1170 2673 φύσημα
1185 2638 1223 2673 τῷ
1237 2638 1406 2675 διερρῆχθαι.
1426 2639 1503 2666 Οὕτω
1517 2640 1564 2667 καὶ
1580 2641 1611 2667 σὺ
1627 2643 1844 2678 ταπεινοφρόνη-

1056 2684 1259 2720 σον-ἐννόησον
1283 2685 1324 2712 ὅτι
1346 2685 1465 2721 τελώνης
1490 2686 1545 2714 ἀπὸ
1571 2688 1694 2723 ῥήματος
1719 2688 1777 2720 ἐνὸς
1792 2688 1846 2715 ἐδι-

1055 2730 1170 2766 καιώθη·
1186 2731 1274 2758 καίτοι
1291 2741 1323 2766 γε
1346 2733 1406 2759 οὐδὲ
1436 2734 1670 2770 ταπεινοφροσύνῃ
1694 2736 1782 2762 ἐκεῖνο
1800 2733 1844 2772 ἦν,

1055 2776 1112 2803 ἀλλ’
1135 2777 1264 2812 ὁμολογία
1289 2778 1402 2814 ἀληθής.
1426 2779 1457 2806 Εἰ
1480 2780 1507 2806 δὲ
1537 2780 1615 2807 τοῦτο
1640 2782 1774 2818 τοσαύτην
1789 2782 1844 2818 ἔχει

1057 2823 1143 2858 ἰσχὺν,
1163 2823 1237 2859 πόσῳ
1254 2824 1352 2860 μᾶλλον
1367 2826 1599 2863 ταπεινοφροσύνη
1608 2835 1615 2861 ;
1630 2827 1713 2863 ’Ἄφες
1723 2828 1845 2864 ἀμαρτὴ-
