2021 3117
171 174 224 203 425

175 238 226 265 est,
243 232 294 260 hoc
317 235 357 259 est
369 252 376 264 ,
391 231 485 258 aliena:
508 230 546 257 rei
561 232 717 266 usurpatio?
731 232 787 259 Non
810 232 880 259 enim
895 232 962 259 satis

176 280 256 306 habet
270 285 316 313 per
342 281 479 313 peceatum
497 284 545 304 nos
565 276 690 312 dejicere,
710 277 756 304 sed
771 285 820 312 per
832 278 964 311 pteuiten-

175 326 237 352 tiam
251 332 367 360 quoque,
383 323 432 350 nisi
447 323 595 358 vigilemus,
613 323 683 350 idem
700 323 791 351 efficit.
807 324 893 358 Atque
904 323 965 350 ideo

176 375 307 403 πλωνεείαν
330 369 426 397 merito
440 369 582 404 appellavit
595 390 602 402 ,
623 376 683 396 cum
699 377 748 404 per
766 377 797 396 ea
812 369 891 396 etiam
906 376 965 403 qnte

175 422 264 444 nostra
278 421 356 449 sunt,
370 416 508 443 victoriam
524 415 689 450 adipiscitur.
708 415 814 442 Etenim
836 422 885 450 per
900 421 964 449 pec-

173 469 261 491 catum
275 470 372 498 capere
394 462 530 497 proprium
545 462 628 496 ipsius
641 467 682 490 est
695 483 702 495 ,
720 466 746 489 at
761 469 810 496 per
831 461 964 496 paeniten-

174 510 248 542 tiam,
261 516 314 536 non
327 509 389 535 item
405 516 412 535 :
430 512 549 535 nostrum
563 508 645 541 enim,
663 515 715 535 non
731 512 818 535 autem
836 507 907 534 illius
922 511 964 534 est

172 558 225 582 uoc
245 561 378 581 armorum
392 561 486 589 genus.
503 553 682 587 Quamobrem
696 560 755 580 cum
781 553 843 580 hinc
857 560 963 587 quoque

173 608 269 634 capere
285 604 384 635 potest,
401 599 585 627 animadverte
596 607 675 634 quam
691 599 774 633 turpis
788 599 823 626 sit
838 599 895 626 hmc
909 599 964 625 cla-
975 593 981 599 ’

173 647 232 680 des,
244 651 427 682 quantumque
437 646 482 673 ille
496 650 523 672 ut
538 645 659 673 imbelles
671 650 697 673 et
710 646 824 673 ntiseros
838 645 964 673 irrisurus

174 697 254 728 atque
267 692 450 727 cxagitaturus
465 696 505 719 est
517 712 524 725 ,
548 691 679 726 siquidem
694 699 743 719 nos
755 691 910 719 nostristnct
922 700 962 720 ar-

174 738 225 765 mis
247 737 393 772 subegerit.
421 737 554 772 Perquam
568 737 638 764 enim
654 736 794 764 ridiculum
809 744 840 764 ac
859 744 964 764 suntme

175 782 325 817 pudendum
347 782 412 809 illud
432 787 492 815 est,
511 782 581 816 quod
597 789 642 817 per
664 782 858 810 medicamenta
873 788 962 811 nostra

175 827 231 861 ipse
243 827 353 854 vulnera
369 827 478 854 efficiat.
494 826 556 855 Ideo
571 827 669 854 Paulus
680 827 802 862 dicebat,
823 827 885 855 Non
898 828 964 855 enim

174 872 253 907 ipsius
274 872 438 907 cogitationes
451 872 618 907 ignoramus;
631 872 682 899 hoc
702 877 764 905 est,
776 880 855 908 quant
872 873 961 900 multi-

175 918 234 952 plex
246 938 254 951 ,
276 925 355 953 quam
376 917 451 945 vafer
462 938 470 951 ,
486 925 565 953 quam
580 922 714 945 veterator
729 925 760 945 ac
774 923 897 946 versutus
917 918 965 954 sit,

173 971 250 999 quam
269 963 385 998 denique
409 964 458 991 sub
482 963 588 999 pietatis
611 963 723 991 obtentu
742 963 867 991 infestum
887 965 964 992 nobis

174 1010 277 1038 hostem
301 1009 428 1045 pra-beat.
448 1009 510 1037 litec
531 1010 673 1045 igiturnos
697 1017 804 1046 quoque
816 1011 964 1046 cogitantes

173 1055 306 1082 neminem
321 1062 444 1090 umquam
458 1059 663 1083 contemnamus
673 1076 680 1089 ,
695 1063 745 1083 nec
761 1061 902 1091 peccantes
917 1056 964 1084 de-

172 1109 320 1136 speremus,
335 1109 384 1129 nec
397 1109 503 1130 rursum
516 1101 639 1129 socordia
653 1102 824 1137 langueamus
836 1111 844 1135 ;
859 1110 963 1136 verum,

172 1156 230 1175 cum
247 1152 386 1183 peccatum
401 1148 567 1181 admisimus,
584 1148 702 1175 aniutum
716 1153 898 1181 conteramus,
915 1157 964 1177 nec

172 1195 252 1222 verba
277 1195 417 1222 dumtaxat
444 1194 619 1230 proferamus.
643 1194 778 1230 Siquidem
809 1195 964 1230 complures

173 1240 232 1268 novi
243 1241 288 1275 qui
300 1248 329 1268 se
342 1240 450 1275 quidem
461 1244 570 1275 peccata
584 1247 631 1268 sua
645 1239 746 1268 dellere
754 1241 838 1275 aiunt,
852 1246 881 1268 at
893 1241 963 1268 inte-

172 1286 221 1313 rim
235 1286 271 1313 nil
287 1286 376 1320 magni
389 1290 555 1320 operantur;
570 1293 661 1313 verum
673 1285 796 1321 jejunant
807 1286 843 1314 illi
857 1286 965 1322 quidem

172 1340 203 1359 ae
216 1336 304 1360 vestes
320 1339 430 1367 asperas
443 1336 549 1367 gestant
563 1352 570 1365 ,
585 1337 712 1359 czeterum
728 1332 825 1368 majori
838 1334 964 1368 pecunia-

173 1386 230 1405 rum
245 1377 391 1412 eupiditatc
406 1378 538 1413 ﬂagrant,
558 1386 636 1413 quam
652 1385 806 1414 caupones;
829 1380 867 1407 ira
881 1380 965 1416 magis

172 1425 364 1459 corripiuntur,
379 1432 457 1460 quam
471 1424 555 1457 ferat;
570 1428 650 1459 atque
662 1425 854 1453 obtrectatione
869 1426 963 1461 magis,

171 1478 250 1506 quain
263 1471 308 1497 alii
322 1470 518 1498 laudationibus
533 1470 709 1498 delectantur.
728 1472 888 1500 Pmnitentia
913 1472 964 1500 ista

171 1525 224 1545 nou
239 1522 300 1544 sunt
321 1526 328 1544 :
343 1517 507 1552 pteniteutia:
521 1517 594 1545 larva
617 1522 697 1553 atque
711 1518 803 1546 umbra
823 1519 873 1546 ista
889 1523 961 1552 sunt,

171 1570 224 1593 non
238 1563 404 1598 ptenitentia.
418 1563 459 1590 0b
473 1563 554 1599 idque
565 1563 599 1591 ad
613 1563 746 1598 ejusmodi
760 1564 883 1592 homines
899 1565 964 1593 illud

171 1616 300 1644 usurpare
311 1609 383 1642 licet,
398 1609 492 1637 Videte
508 1617 542 1637 ne
555 1609 801 1638 eireumveniamur
818 1619 833 1638 a
851 1615 963 1645 satana;

170 1662 225 1682 non
249 1655 322 1682 enim
343 1655 400 1690 ejus
413 1651 589 1691 cogitationes
602 1655 765 1691 ignoramus.
780 1657 853 1684 Alios
866 1657 966 1693 quippe

172 1707 218 1735 per
233 1705 342 1736 peccata
352 1722 360 1734 ,
376 1701 444 1729 alios
457 1709 506 1736 per
521 1701 706 1736 paenitentiam
719 1723 726 1735 ,
741 1703 807 1730 alios
820 1703 874 1731 alio
885 1704 964 1731 modo

172 1746 275 1780 perdit;
290 1746 353 1774 dum
365 1747 490 1775 videlicet
510 1755 558 1775 eos
571 1747 673 1775 nullum
689 1756 721 1775 ex
735 1749 893 1783 pmuitentia
905 1749 962 1777 fru-

170 1797 241 1818 cuun
257 1792 395 1827 percipere
410 1792 483 1821 sinit.
496 1791 562 1821 Nam
576 1800 637 1820 cum
659 1793 818 1828 quibusdam
832 1799 908 1822 recta
921 1795 963 1823 via

170 1839 317 1874 perniciem
338 1839 435 1869 afferre
451 1842 564 1875 nequit,
580 1841 692 1868 alteram
707 1841 775 1868 viam
791 1841 855 1875 iuit,
873 1841 964 1877 sicque

170 1891 200 1912 se
210 1889 369 1919 comparat,
384 1890 411 1913 ut
427 1885 532 1914 labores
545 1886 652 1922 quidem
665 1891 779 1922 augeat,
795 1887 898 1914 fructus
917 1895 964 1915 au-

170 1933 223 1956 tem
238 1930 357 1963 adimat,
371 1931 488 1966 ipsisque
500 1931 551 1959 hoc
571 1932 751 1966 persuadeat,
773 1936 803 1960 ut
818 1937 954 1967 tamquam

170 1975 242 2002 omni
256 1984 289 2003 ex
303 1982 378 2011 parte
398 1977 486 2004 officio
510 1977 663 2012 perfuncti,
688 1978 791 2013 reliqua
815 1978 960 2014 negligant.

169 2020 298 2054 Quocirca
312 2030 345 2050 ne
358 2023 491 2051 incassum
506 2024 630 2059 uosipsos
643 2032 785 2058 vexemus,
802 2025 912 2052 brevem
927 2025 961 2052 ad

170 2066 321 2101 huiusmodi
335 2069 461 2097 mulieres
472 2070 622 2097 orationem
633 2069 780 2098 habeamus
797 2080 804 2097 :
820 2071 961 2098 mulierutu

170 2113 239 2140 enim
252 2114 420 2148 potissimum
432 2115 476 2142 hic
493 2115 603 2143 morbus
613 2121 664 2143 est.
676 2115 839 2144 Pra‘clarum
854 2116 962 2151 quidem

169 2158 220 2186 hoc
231 2167 338 2195 quoque
352 2165 394 2188 est
405 2181 412 2194 ,
428 2162 499 2197 quod
516 2169 586 2189 uuuc
600 2161 686 2189 facitis
699 2182 707 2194 ,
721 2161 772 2189 hoc
785 2167 828 2189 est
839 2162 962 2197 jejunare

169 2209 195 2233 et
217 2205 292 2233 humi
310 2207 409 2234 cubare
431 2214 463 2235 ac
476 2208 595 2235 cinerem
610 2207 758 2239 adbibere;
774 2208 822 2236 sed
844 2208 895 2236 nisi
909 2209 960 2236 alia

169 2250 277 2286 insuper
290 2253 471 2285 accesserint,
488 2253 560 2280 nulla
576 2252 637 2280 hinc
651 2253 752 2280 utilitas
770 2258 960 2288 consequetur.

168 2295 290 2325 Ostendit
305 2298 376 2325 Deus
388 2306 441 2333 quo
458 2303 537 2334 pacto
554 2303 663 2334 peccata
678 2299 797 2326 remittat
813 2307 820 2326 ε
834 2299 897 2334 quid
912 2300 962 2335 igi-

169 2347 210 2369 tur
224 2343 315 2370 relicta
330 2344 379 2371 hac
393 2344 436 2370 via
446 2343 557 2372 alteram
570 2344 646 2371 vobis
655 2344 776 2371 sternitis
787 2345 799 2371 ?
811 2345 960 2372 Pecearunt

167 2388 300 2421 quondam
324 2388 448 2416 Ninivitze
463 2410 470 2423 ,
485 2397 571 2424 eaque
586 2389 705 2417 fecerunt
720 2397 780 2424 qua:
794 2397 840 2417 vos
854 2399 960 2425 quoque

167 2441 237 2461 nunc
254 2434 360 2466 facitis;
376 2434 423 2462 sed
439 2435 577 2462 videamus
591 2435 721 2470 quidnam
738 2435 802 2469 ipsis
818 2436 958 2463 utilitatem

167 2479 294 2506 attulerit.
307 2479 535 2513 Quemadmodum
551 2481 623 2508 enim
645 2480 741 2507 tnedici
755 2480 863 2515 :egrotis
877 2482 958 2508 multa

166 2525 271 2558 quidem
282 2525 400 2552 remedia
408 2525 534 2553 adhibent
546 2535 553 2557 ;
570 2525 616 2553 sed
629 2526 672 2560 qui
685 2526 773 2560 sagaci
783 2526 891 2560 ingenio
903 2531 956 2560 est,

166 2578 218 2597 non
234 2570 285 2597 ltoc
300 2571 451 2606 perpendit,
467 2570 537 2606 quod
551 2571 601 2598 ltoc
611 2576 689 2606 atque
704 2571 750 2597 illo
763 2571 957 2599 medicamento

166 2623 228 2643 usus
239 2616 274 2643 sit
290 2617 313 2644 is
327 2617 371 2651 qui
385 2616 497 2644 adversa
517 2617 670 2644 valetudine
682 2617 799 2650 laborat,
814 2617 860 2644 sed
877 2625 955 2653 quam

167 2662 304 2690 utilitatem
330 2662 393 2690 hinc
413 2663 448 2690 sit
470 2668 673 2698 consequutus:
689 2663 784 2691 eodem
809 2664 888 2691 tnodo
912 2665 956 2692 hic

166 2707 245 2733 etiam
262 2715 306 2734 res
325 2708 499 2742 expendenda
513 2712 565 2736 est.
585 2708 717 2742 Quidnam
738 2708 820 2744 igitur
832 2709 954 2737 barbaris

166 2753 215 2780 illis
228 2754 334 2781 utilitati
354 2754 422 2782 fuit?
437 2754 596 2782 Vulneribus
610 2755 666 2782 suis
680 2754 810 2789 jejunium
822 2755 954 2784 adhibue-

164 2803 236 2832 runt,
250 2799 324 2826 humi
338 2800 507 2828 cubationem
520 2821 528 2834 ,
545 2807 650 2828 saccum
662 2821 669 2834 ,
683 2801 802 2828 cinerem
814 2822 822 2834 ,
838 2801 927 2829 fletum
945 2811 952 2830 :

164 2845 344 2879 adjunxerunt
355 2847 435 2874 etiam
447 2847 507 2874 vitae
521 2848 706 2879 mutationem.

197 2891 224 2918 6.
242 2891 385 2919 Videamus
399 2892 476 2928 igitur
489 2893 614 2928 quidnam
628 2893 722 2923 horum
736 2895 877 2924 sanitatem
890 2895 954 2931 ipsis

669 173 702 202 ΙΝ
721 173 826 203 EPIST.
847 174 868 202 l'l
901 173 947 202 AD
967 173 1044 203 (10R.
1066 175 1180 204 IIOLllL.
1202 176 1246 206 lV.

1753 183 1812 211 4‘26

1016 233 1144 261 attulerit.
1167 234 1243 263 Unde
1264 239 1352 264 autem
1373 237 1423 265 hoc
1444 238 1577 272 sciemus,
1593 238 1715 274 iuqules?
1731 240 1758 268 Si
1772 242 1810 268 ad

1017 279 1148 307 medicum
1173 282 1351 316 accedamus,
1375 289 1455 320 atque
1482 285 1567 320 ipsum
1590 286 1806 321 interrogemus:

1017 333 1102 361 neque
1115 327 1185 355 enim
1204 328 1230 356 id
1245 336 1294 357 nos
1308 329 1421 364 celabit,
1437 331 1484 359 sed
1499 332 1578 359 etiam
1599 332 1712 360 libenter
1724 333 1806 360 dieet.

1017 371 1072 399 lino
1094 374 1180 408 potius
1203 381 1235 402 ue
1256 375 1316 410 quis
1340 376 1462 411 ignoret,
1484 382 1529 404 aut
1549 378 1677 409 sciscitari
1695 386 1809 406 necesse

1016 416 1126 452 habeat,
1145 419 1315 454 pliarmacum
1329 430 1444 457 quoque,
1461 424 1531 458 quod
1548 431 1595 451 eos
1610 425 1705 457 erexit,
1722 424 1808 452 literis

1016 464 1160 491 mandavit.
1176 465 1314 498 Quodnam
1336 468 1413 502 igitur
1432 469 1501 496 istud
1517 471 1578 496 est?
1598 469 1684 503 Vidit,
1702 471 1787 506 inquit
1799 491 1806 502 .

1015 508 1084 536 Deus
1102 511 1170 545 quod
1187 519 1319 540 conversus
1333 517 1370 540 est
1384 515 1552 550 unusquisque
1567 524 1582 542 α
1596 516 1635 542 uia
1648 525 1694 543 sua
1707 525 1785 552 prava
1799 525 1807 544 .'

1015 559 1038 581 et
1053 556 1166 590 paenituit
1181 564 1237 583 eum
1250 558 1374 584 malorum
1389 567 1446 592 qua:
1465 560 1581 595 loquutus
1600 562 1681 596 fuerat
1695 567 1722 589 ut
1737 563 1807 597 farc-

1015 604 1052 626 ret
1072 601 1107 627 eis
1128 601 1223 636 (J0me
1238 603 1264 630 ⁸5.
1282 603 1315 631 10
1328 602 1348 639 ).
1366 604 1421 631 Non
1442 605 1526 638 dixit,
1545 605 1616 633 Vidit
1635 606 1766 642 jejunium
1781 613 1809 636 et

1015 646 1130 674 cilicium
1145 655 1176 674 ac
1189 648 1317 676 cinerem.
1333 649 1388 677 Nec
1405 654 1491 678 tamen
1507 651 1563 678 hmc
1578 659 1610 680 eo
1624 652 1684 680 dico
1696 674 1703 685 ,
1718 658 1747 681 ut
1764 654 1807 688 je-

1013 691 1116 726 junium
1133 693 1242 727 tollam;
1258 699 1360 722 avertat
1376 695 1426 723 huc
1441 697 1528 727 Deus;
1545 697 1591 724 scd
1609 702 1637 724 ut
1652 705 1698 725 VOS
1712 699 1745 726 ad
1760 699 1784 726 id
1798 720 1806 732 ,

1015 738 1085 773 quod
1099 739 1200 774 jejunio
1213 741 1383 775 prmstantins
1394 746 1435 768 est
1445 763 1452 774 ,
1470 741 1619 770 faciendum
1635 743 1742 778 horter,
1757 745 1808 773 hoc

1015 789 1078 816 est,
1102 789 1131 811 ut
1154 785 1188 812 ab
1211 786 1284 813 omni
1307 786 1372 814 vitio
1394 787 1559 821 abstineatis.
1583 788 1708 816 Peccavit
1728 791 1807 818 etiam

1017 830 1098 858 David
1113 840 1119 858 :
1135 831 1272 859 videamus
1287 832 1367 868 igitur
1379 841 1432 868 quo
1447 837 1523 868 pacto
1537 834 1580 862 hic
1594 842 1700 870 quoque
1720 837 1807 871 paeni-

1015 876 1125 903 tentiam
1138 877 1230 911 egerit.
1243 877 1309 905 Tres
1320 881 1390 905 totos
1400 878 1458 906 dies
1471 878 1496 906 in
1508 879 1598 907 cinere
1611 880 1680 907 sedit
1691 880 1728 916 (2.
1741 881 1807 917 Reg.

1016 921 1050 948 1'2
1060 921 1080 956 ).
1095 921 1131 949 At
1145 922 1189 949 ille
1204 922 1311 957 quidem
1328 923 1378 950 hoc
1391 931 1445 951 non
1460 924 1495 952 ob
1508 931 1645 959 peccatum
1662 926 1723 954 fecit
1735 947 1743 960 ,
1760 928 1814 955 sed‘

1016 966 1062 993 lilii
1077 974 1156 995 causa
1169 988 1176 1000 ,
1194 968 1345 996 calamitate
1367 969 1492 997 nimirum
1514 970 1600 998 adhuc
1624 972 1785 1000 temulentus
1800 983 1807 1001 :

1016 1017 1154 1047 peccatum
1167 1019 1257 1041 autem
1270 1014 1323 1041 alio
1335 1014 1416 1042 modo
1427 1015 1570 1050 abstersit,
1587 1024 1682 1052 nempe
1695 1026 1743 1053 per
1757 1019 1808 1046 llu-

1016 1059 1167 1092 militatem,
1183 1067 1231 1094 per
1245 1060 1334 1088 cordis
1349 1061 1547 1095 contritionem,
1563 1070 1610 1098 per
1624 1064 1718 1092 anima:
1732 1072 1815 1092 com‘

1017 1105 1186 1140 punctionem
1199 1127 1207 1139 ,
1228 1106 1291 1134 dum
1314 1107 1394 1134 etiam
1417 1107 1482 1135 illud
1503 1113 1579 1136 cavet
1592 1129 1599 1143 ,
1615 1117 1650 1138 ne
1668 1111 1694 1137 in
1714 1111 1809 1138 eadem

1017 1151 1160 1185 relabatur,
1174 1151 1236 1179 dum
1250 1153 1352 1187 peccati
1370 1161 1513 1188 numquam
1528 1155 1684 1182 memoriam
1700 1157 1816 1191 abjicit,

1016 1196 1080 1224 dum
1102 1197 1235 1225 irruentes
1249 1205 1343 1226 omnes
1363 1198 1522 1227 aeerbitates
1541 1205 1617 1235 grato
1634 1201 1723 1228 animo
1738 1202 1789 1229 mrt
1801 1223 1817 1236 ,,

1016 1242 1080 1270 dum
1096 1243 1128 1270 iis
1142 1251 1156 1270 a
1171 1244 1268 1278 quibus
1289 1245 1410 1272 molestia
1431 1245 1547 1273 afficitur
1568 1248 1651 1281 parcit
1664 1267 1671 1280 ,
1686 1247 1750 1275 dum
1763 1257 1811 1276 eos

1017 1289 1062 1323 qui
1083 1289 1132 1324 ipsi
1152 1289 1261 1317 insidias
1276 1294 1370 1325 parant
1389 1299 1442 1318 non
1463 1291 1609 1325 ulciscitur,
1624 1293 1678 1320 imo
1700 1301 1747 1321 eos
1765 1295 1811 1329 qui

1017 1334 1042 1362 id
1062 1334 1150 1362 facere
1164 1335 1276 1371 cupiunt
1289 1336 1422 1371 prohibet.
1436 1336 1502 1364 Nam
1515 1345 1575 1365 cum
1588 1338 1676 1366 Semei
1692 1347 1752 1367 eum
1767 1340 1809 1367 in—

1017 1380 1136 1408 numeris
1157 1381 1262 1416 probris
1282 1381 1427 1416 obrueret,
1448 1390 1480 1410 ac
1495 1383 1650 1411 militarium
1672 1386 1811 1420 copiarum

1018 1426 1173 1460 praefectus,
1188 1427 1233 1462 qui
1248 1431 1301 1455 tum
1317 1427 1427 1461 aderat,
1443 1428 1469 1455 id
1484 1429 1593 1464 indigno
1606 1430 1695 1458 animo
1711 1430 1808 1464 ferret,

1019 1471 1122 1500 dicebat
1138 1473 1201 1500 Sine
1214 1474 1286 1500 illum
1301 1474 1363 1501 mihi
1378 1475 1527 1502 maledicere
1540 1484 1548 1502 :
1564 1475 1632 1503 Deus
1646 1477 1712 1504 enim
1727 1477 1774 1504 Itoc
1789 1478 1813 1505 εἰ

1019 1518 1136 1552 ρνωεερίι
1162 1518 1228 1554 (Id.
1247 1519 1289 1546 16.
1314 1519 1382 1555 10).
1411 1520 1463 1547 Cor
1489 1520 1586 1556 quippe
1612 1522 1756 1549 contritum
1783 1529 1814 1553 et

1017 1562 1185 1590 humiliatum
1199 1562 1285 1600 (Pral.
1302 1564 1347 1592 50.
1364 1564 1409 1600 19)
1424 1564 1548 1599 habebat,
1563 1566 1633 1601 quod
1650 1566 1733 1602 ipsius
1747 1575 1811 1602 pee-

1016 1612 1074 1636 cala
1095 1609 1210 1636 maxime
1229 1609 1399 1645 abstergebat
1416 1619 1423 1637 :
1439 1618 1499 1638 nam
1520 1610 1571 1638 hoc
1591 1612 1724 1640 confessio
1735 1634 1743 1647 ,
1760 1613 1812 1641 hoc

1016 1654 1174 1689 poenitentia
1187 1659 1237 1682 est.
1253 1655 1330 1688 Quod
1344 1656 1366 1682 si
1380 1655 1532 1691 jejnnantes
1545 1658 1696 1692 arrogantia
1711 1658 1812 1687 labore-

1017 1707 1086 1731 mus,
1098 1708 1150 1727 non
1163 1701 1243 1728 modo
1255 1701 1355 1728 nullum
1367 1701 1429 1728 ltiuc
1440 1702 1660 1738 emolumentum,
1673 1704 1719 1732 sed
1730 1706 1811 1733 etiam

1016 1745 1206 1774 detrimentum
1230 1747 1378 1782 capiemus.
1403 1747 1581 1781 Quamobrem
1598 1753 1624 1776 tu
1643 1758 1748 1785 queque
1764 1759 1811 1780 cor

1017 1797 1089 1819 tuum
1103 1791 1214 1819 demitte
1226 1813 1233 1825 ,
1249 1797 1278 1819 ut
1295 1792 1379 1820 Deum
1394 1793 1495 1820 allicias
1510 1802 1516 1820 :
1531 1793 1618 1829 Prope
1637 1796 1706 1823 enim
1721 1802 1756 1823 est
1771 1798 1811 1824 lii:

1015 1839 1058 1873 qui
1073 1838 1192 1866 tribululo
1207 1843 1263 1865 sunt
1278 1839 1354 1866 corde
1367 1838 1377 1875 (
1392 1838 1463 1865 Psal.
1481 1839 1525 1867 55.
1541 1839 1574 1867 i9
1588 1841 1608 1875 ).
1625 1841 1719 1868 Annon
1736 1843 1810 1870 vides

1015 1884 1150 1920 quomodo
1163 1884 1188 1911 in
1202 1884 1349 1919 splendidis
1361 1884 1462 1911 mdibus
1477 1885 1505 1918 ii,
1518 1885 1562 1920 qui
1576 1885 1709 1914 dedecore
1721 1887 1810 1915 affecti

1015 1934 1078 1957 sunt
1089 1950 1097 1962 ,
1111 1937 1170 1957 cum
1186 1929 1267 1957 etiam
1286 1929 1320 1957 ab
1339 1929 1437 1957 infimis
1450 1930 1599 1965 quibusque
1613 1931 1698 1959 servis
1712 1937 1809 1960 contu-

1015 1976 1121 2003 meliam
1142 1975 1294 2010 accipiunt,
1316 1983 1368 2002 non
1392 1980 1480 2003 tamen
1502 1976 1696 2010 colluctentur,
1713 1978 1759 2006 sed
1775 1979 1809 2007 ob

1016 2020 1151 2048 infamiam
1166 2028 1225 2048 eam
1237 2041 1245 2053 ,
1260 2028 1339 2055 quam
1363 2025 1500 2055 peccatum
1521 2021 1585 2056 ipsis
1604 2022 1716 2056 inussit,
1731 2031 1809 2059 mque

1015 2067 1103 2094 animo
1121 2067 1147 2093 id
1163 2065 1269 2093 ferant?
1285 2066 1357 2093 idem
1372 2073 1479 2101 quoque
1499 2071 1526 2094 tu
1548 2067 1628 2094 facias
1644 2076 1650 2094 ε
1664 2068 1687 2095 si
1707 2071 1765 2103 quis
1781 2075 1809 2099 te

1014 2111 1142 2139 conviciis
1156 2111 1311 2144 inseetetur,
1327 2119 1361 2139 ne
1374 2112 1557 2146 exaspereris,
1574 2112 1622 2140 sed
1637 2113 1806 2149 iugemiscas,

1015 2166 1067 2186 non
1089 2158 1122 2186 ob
1141 2158 1241 2185 illatam
1263 2157 1310 2184 tibi
1329 2157 1518 2185 contumeliam
1532 2179 1539 2190 ,
1556 2158 1604 2186 sed
1619 2158 1653 2185 ob
1667 2165 1808 2194 peccatum

1013 2204 1084 2239 quod
1101 2208 1125 2231 te
1140 2203 1166 2230 in
1182 2202 1353 2238 ignominiam
1368 2203 1492 2238 coniecit.
1509 2203 1574 2231 Cum
1593 2206 1745 2239 peccaveris
1765 2206 1807 2232 in-

1013 2251 1147 2285 gemisce,
1165 2258 1217 2277 non
1242 2249 1312 2285 quod
1335 2257 1428 2284 poenas
1448 2249 1558 2277 daturus
1579 2251 1616 2277 sis
1628 2272 1635 2284 ,
1652 2252 1718 2278 nihil
1734 2253 1806 2280 enim

1013 2296 1065 2323 lioc
1084 2300 1140 2326 est;
1157 2295 1203 2323 sed
1224 2295 1295 2330 quod
1315 2294 1456 2322 Dominum
1478 2299 1552 2322 tuum
1571 2295 1714 2324 offenderis
1726 2318 1734 2330 ,
1752 2302 1819 2325 ιιιιηιη

1013 2342 1155 2377 benignum
1168 2363 1176 2376 ,
1191 2345 1244 2368 tam
1261 2346 1286 2369 te
1298 2345 1431 2368 amantem
1444 2361 1451 2373 ,
1467 2346 1519 2368 tam
1533 2341 1648 2377 denique
1660 2343 1738 2370 saluti
1755 2348 1807 2371 tua:

1012 2395 1158 2423 appensum
1171 2408 1178 2419 ,
1198 2392 1227 2414 ut
1241 2387 1336 2414 Filium
1353 2393 1459 2422 quoque
1472 2395 1550 2414 suum
1565 2392 1609 2415 tua
1624 2395 1701 2415 causa
1723 2389 1807 2416 tradi-

1012 2435 1091 2462 derit.
1106 2434 1251 2469 lngemisce
1264 2433 1335 2466 ideo,
1349 2441 1435 2469 neque
1448 2441 1572 2468 umquam
1584 2434 1613 2461 id
1622 2434 1708 2463 facere
1723 2435 1806 2466 inter—

1012 2481 1087 2507 niitte
1107 2488 1114 2507 :
1133 2479 1231 2507 etenim
1249 2479 1299 2506 hoc
1312 2479 1419 2507 dentutn
1439 2484 1480 2507 est
1500 2479 1644 2510 confessio.
1661 2481 1717 2508 Non
1734 2490 1804 2509 nune

1011 2525 1119 2558 laetum,
1144 2533 1203 2552 cras
1227 2529 1315 2552 autern
1339 2529 1463 2552 maestum
1486 2532 1517 2552 ac
1539 2532 1644 2553 rursum
1667 2526 1756 2554 laetum
1778 2532 1805 2555 te

1012 2572 1116 2607 przelte;
1134 2579 1226 2599 verum
1242 2576 1371 2606 perpetuo
1392 2572 1417 2598 in
1440 2571 1510 2599 l‘uetu
1532 2579 1563 2599 ac
1584 2573 1619 2600 tui
1641 2573 1803 2601 contritione

1010 2626 1097 2646 mane.
1115 2617 1184 2645 Beati
1199 2618 1269 2645 enim
1283 2638 1289 2649 ,
1307 2618 1408 2652 inquit,
1423 2619 1466 2652 qui
1480 2618 1565 2653 lugent
1579 2617 1689 2654 (Matth.
1706 2620 1732 2647 5.
1747 2619 1780 2654 5)
1793 2640 1801 2654 ,

1010 2665 1061 2692 hoc
1073 2669 1129 2697 est,
1144 2663 1189 2699 qui
1203 2663 1310 2691 assidue
1324 2662 1373 2690 hoc
1388 2663 1495 2690 faciunt.
1512 2663 1568 2691 lloc
1583 2671 1688 2699 semper
1703 2665 1781 2691 facias
1792 2686 1799 2696 ,

1011 2711 1111 2746 tibique
1124 2710 1257 2743 attendas,
1271 2717 1302 2739 ac
1317 2714 1408 2744 pectus
1422 2714 1494 2739 tuum
1508 2714 1641 2742 conteras,
1657 2718 1708 2737 non
1722 2718 1800 2739 secus

1010 2764 1041 2784 ac
1062 2757 1084 2783 si
1105 2756 1163 2791 quis
1176 2756 1276 2785 amisso
1292 2755 1346 2782 filio
1361 2755 1438 2782 unice
1459 2762 1522 2783 caro
1537 2756 1563 2782 in
1579 2756 1648 2783 luctu
1667 2761 1798 2783 versetur.

1011 2802 1124 2830 Scindite
1135 2802 1243 2833 etenim,
1256 2802 1351 2837 inquit,
1363 2801 1440 2829 corda
1453 2807 1544 2835 vestra,
1557 2806 1579 2828 et
1592 2809 1642 2828 non
1656 2802 1803 2829 vestimenta

1009 2856 1090 2875 vestra
1102 2847 1180 2884 (Joel.
1196 2847 1222 2877 2.
1239 2848 1295 2883 l5).
1312 2847 1388 2881 Quod
1403 2847 1514 2874 fractum
1529 2851 1579 2880 est,
1595 2846 1799 2881 haudquaquam

1010 2902 1038 2922 se
1059 2895 1085 2923 iu
1108 2894 1189 2922 altum
1213 2893 1336 2922 extulerit
1356 2901 1361 2920 :
1382 2892 1452 2928 quod
1474 2892 1641 2920 contrarium
1662 2897 1721 2926 est,
1746 2898 1800 2919 non
