2021 3117
205 179 256 208 4‘37

206 235 398 264 rxsurrcxcrit.
413 234 452 263 0b
465 239 578 267 eamque
592 238 700 259 causam
715 230 783 257 alter
798 229 852 261 ait,
869 227 984 255 Scindite
994 246 1001 260 ,

206 283 274 310 alter
294 286 382 308 autem
397 302 404 314 ,
421 279 470 307 Cor
491 278 625 305 contritum
644 281 668 302 et
683 275 843 302 humiliatum
859 273 928 300 Deus
952 280 1003 299 non

207 327 326 362 despiciet
341 325 432 362 (Paul.
447 324 492 352 50.
510 322 542 349 t9
553 322 573 357 ).
589 321 644 348 Etsi
663 320 772 355 sapiens
785 327 814 347 es
824 339 831 351 ,
846 318 896 346 etsi
910 317 984 345 dives
994 337 1003 351 ,

207 373 256 401 etsi
275 372 400 408 princeps
412 391 419 404 ,
437 374 529 405 pectus
548 373 637 395 tamen
651 365 744 394 scinde
756 386 764 399 ,
778 371 828 392 nec
849 364 934 399 ipsum
950 362 1003 390 alte

206 419 240 446 de
258 425 288 446 se
307 417 408 445 sentire
430 420 510 450 atque
531 413 618 442 inﬂari
639 413 706 440 sine.
723 411 788 439 Nam
804 410 874 446 qttod
890 409 1003 437 scissum

206 467 257 495 cst,
271 470 325 490 non
339 462 447 489 inﬂatur
460 470 467 488 :
478 459 582 488 etiamsi
595 458 694 494 aliquid
708 458 742 485 sit
755 465 769 485 a
783 465 836 493 quo
848 456 1002 488 extollatur,

207 514 294 536 tamen
310 507 371 543 quia
385 507 499 534 scissum
513 510 565 539 est,
578 504 742 532 inﬂationem
756 502 826 530 ferre
841 502 943 537 nequit.
960 501 1005 528 Sic

206 560 234 582 tu
249 561 356 590 quoqtte
369 553 507 581 modestia:
520 558 599 587 atque
612 550 693 578 animi
707 549 888 578 summissioni
903 547 981 576 stude
996 556 1002 574 :

206 601 272 630 illud
297 600 343 628 tibi
365 600 392 627 in
415 604 532 627 mentem
555 598 662 630 veniat,
679 597 848 632 publicanum
868 595 903 623 ob
922 602 1004 622 unum

206 647 319 675 verbum
337 646 510 681 justilicatum
527 644 606 672 fuisse
622 643 698 678 (Luc.
716 642 779 678 18);
795 648 956 677 quamquam
971 647 1006 668 ne

207 692 337 721 modestia
356 691 467 728 quidem
481 695 539 718 erat
554 690 596 717 illa
609 710 616 723 ,
632 688 678 717 sed
694 695 757 716 vera
769 687 913 715 confessio.
928 685 1005 720 Quod

207 740 230 766 si
244 738 295 766 hoc
310 743 410 766 tantum
424 736 478 764 vim
495 735 585 769 habet,
602 733 945 770 quanto,qu.'cso,majorem
959 731 1006 758 ha-

207 786 294 813 bitura
310 789 351 812 est
367 783 522 812 humilitas?
537 782 571 810 lis
583 803 589 815 ,
606 782 649 817 qui
666 781 692 808 in
709 786 734 808 te
749 780 927 816 deliquerint,
945 786 1006 814 pee-

205 836 267 858 tata
281 831 386 859 remitte
403 841 409 858 :
424 837 484 856 nam
501 828 562 856 hinc
576 834 683 863 quoque
697 830 805 862 peccata
821 826 1003 853 remittuntur.

207 879 246 905 Ac
259 877 293 905 de
308 877 388 912 priori
402 875 510 912 quidem
522 875 568 907 ait,
584 873 643 902 Vidi
655 873 723 909 quod
736 872 902 899 ambulaverit
915 872 1004 904 tristis,

207 928 232 950 et
251 923 339 951 sanavi
361 923 414 950 vias
432 923 487 957 ejus
501 921 510 957 (
523 920 586 948 1εαὶ.
602 920 647 948 57.
664 920 696 947 18
709 919 733 952 );
748 924 774 946 et
789 919 815 946 in
831 917 921 946 Achab
935 917 1005 945 istud

208 970 255 998 Dei
271 971 338 997 iram
351 969 458 996 sustulit
473 969 510 1003 (5.
527 967 590 1002 Reg.
605 965 650 1001 21)
665 975 671 992 ε
685 965 718 993 de
733 965 881 1000 posteriore
895 968 983 990 autem
996 984 1003 996 ,

207 1015 334 1043 Dimittite
346 1036 353 1048 ,
369 1019 391 1042 et
406 1013 547 1041 dimittetur
560 1012 629 1039 vobis
640 1012 649 1048 (
661 1011 724 1038 Luc.
740 1011 766 1038 6.
781 1010 814 1038 37
825 1010 846 1045 ).
864 1009 912 1036 Est
924 1009 1004 1036 etiam

208 1062 259 1089 alia
274 1062 327 1095 via,
340 1061 390 1088 hoc
403 1059 576 1095 pbarmaeum
592 1058 669 1086 nobis
681 1059 781 1088 ferens.
794 1056 926 1084 scelerum
937 1062 1004 1082 eon-

208 1107 344 1135 demnatio
360 1115 366 1133 :
381 1105 429 1133 Dic
442 1105 508 1132 enim
529 1109 555 1131 tu
574 1104 643 1139 prior
656 1103 799 1138 iniquitates
813 1106 869 1128 tua:
879 1121 886 1133 ,
901 1100 1004 1136 inquit,

208 1159 237 1181 ut
245 1153 396 1190 justi/iretis
408 1151 483 1186 (irai.
500 1152 544 1179 45.
557 1151 616 1186 26).
632 1150 696 1177 lllud
714 1150 776 1177 item
792 1153 901 1183 peccata
916 1147 1004 1180 delet,

208 1200 231 1228 si
253 1199 404 1227 calamitate
424 1197 536 1226 allectus
550 1197 649 1232 gratias
664 1203 745 1231 agas;
760 1199 788 1222 ct
803 1201 862 1229 qua:
881 1193 1005 1220 omnibus

208 1246 362 1278 antecellit,
377 1246 558 1279 eleemosyna.
573 1243 688 1270 Numera
705 1241 783 1277 igitur
799 1239 926 1270 remedia,
943 1238 1004 1273 qui-

210 1291 261 1319 bus
280 1291 390 1318 vulnera
413 1296 455 1317 tua
477 1294 605 1316 Sanamur
622 1297 628 1316 :
643 1293 722 1323 atque
735 1287 823 1314 omnia
838 1285 1005 1313 continenter

208 1336 505 1372 imponeJmmilitatem
517 1342 622 1369 nempe.
630 1333 838 1365 confessionem,
849 1331 1003 1366 injuriarum

210 1383 370 1411 oblivionem
384 1404 391 1416 ,
406 1382 473 1418 grati
484 1389 551 1409 :rum
566 1380 698 1408 actionem
720 1379 746 1406 in
766 1378 847 1406 rebus
864 1375 982 1404 adversis
994 1395 1003 1408 ,

577 175 605 204 8.
626 173 764 203 JOANNIS
783 169 1020 201 CllRYSOSTOMl
1041 170 1197 199 ARClllEP.
1218 169 1484 199 CONSTANTINOP.

1800 165 1852 195 4.28

1055 225 1266 255 misericordiam
1283 227 1309 254 in
1331 227 1456 262 iuvandis
1476 231 1529 253 tam
1545 225 1657 261 pecunia
1671 232 1751 261 quam
1764 225 1851 253 studio

1055 278 1135 309 atque
1149 273 1237 301 ofﬂeio
1257 273 1385 308 proximis
1398 293 1405 305 ,
1425 273 1516 300 ﬂrmas
1534 272 1649 307 denique
1665 279 1697 300 ac
1711 272 1852 300 continuas

1056 327 1160 355 preces.
1172 318 1216 347 Sic
1227 319 1304 346 vidua
1317 319 1361 346 illa
1373 319 1496 347 immanis
1507 319 1579 346 illius
1590 323 1616 347 et
1627 319 1744 346 crudelis
1754 319 1853 353 judicia

1056 365 1174 392 animum
1193 364 1323 400 mitigavit
1339 365 1347 400 (
1362 363 1427 391 Luc.
1444 364 1477 392 ts
1489 365 1509 399 ).
1524 364 1601 398 Quod
1614 365 1637 391 si
1652 364 1696 391 illa
1712 364 1831 399 iniquum
1845 385 1852 396 ,

1056 416 1156 447 quanto
1175 411 1260 446 magis
1281 415 1307 438 tu
1323 415 1489 437 mansuetum
1504 418 1535 438 ae
1551 410 1678 437 facilem?
1697 410 1747 437 Est
1761 415 1787 438 et
1803 410 1853 437 alia

1057 463 1154 493 praeter
1173 464 1218 485 ens
1229 477 1236 488 .
1252 464 1318 492 quas
1333 456 1619 489 commemoravimus,
1635 455 1676 483 via
1687 476 1694 487 ,
1711 463 1808 490 nempe
1822 454 1862 483 iis'

1057 504 1100 539 qui
1116 503 1211 539 injuria
1227 502 1379 530 afficiuntur
1390 523 1397 535 ,
1412 502 1537 538 prmsidio
1550 508 1611 529 esse
1625 511 1631 529 :
1645 500 1767 528 Judt'catc
1781 501 1852 528 enim

1057 549 1164 585 pupillo,
1179 548 1274 584 inquit,
1290 553 1313 576 et
1325 548 1427 575 viduam
1436 548 1576 583 justiﬁcate
1587 554 1599 574 .'
1608 552 1631 574 et
1643 547 1723 574 venite
1735 551 1757 573 et
1769 547 1854 582 dispu-

1038 599 1046 606 '
1057 600 1136 623 tentus
1147 603 1157 621 :
1168 599 1191 622 et
1203 595 1224 621 si
1237 595 1331 630 fuerint
1343 598 1445 628 peccata
1456 599 1536 620 vestra
1548 593 1612 620 sicut
1623 593 1751 620 coccinum
1762 617 1770 626 ι
1781 592 1853 626 quasi

1057 641 1138 668 nivem
1157 649 1187 667 ea
1208 639 1329 667 dealbabo
1346 638 1431 674 (Isai.
1448 639 1474 666 i.
1496 639 1538 666 16.
1554 639 1587 666 17
1599 638 1621 674 ).
1636 639 1755 671 Quanam
1772 645 1852 672 porro

1057 687 1228 716 excusatione
1244 687 1317 722 digni
1332 687 1432 714 erimus
1444 707 1452 719 ,
1468 686 1490 714 si
1506 694 1566 713 cum
1584 691 1622 713 tot
1635 686 1691 712 vias
1707 685 1852 713 habeamus

1057 743 1106 764 nos
1126 736 1152 762 in
1172 734 1267 762 emtum
1288 733 1471 762 subvehentes
1483 754 1490 766 ,
1505 741 1566 761 cum
1586 737 1623 760 tot
1637 733 1779 768 pharmaea
1793 739 1852 767 quas

1056 781 1211 808 vulneribus
1226 779 1383 807 medeantur
1393 799 1400 813 ,
1415 779 1495 807 etiam
1511 783 1571 814 post
1587 778 1748 814 baptismum
1763 778 1789 804 in
1803 777 1850 805 iis-

1057 828 1118 856 dem
1131 827 1192 854 vitaa
1205 826 1300 854 studiis
1313 825 1533 861 perseveremus?
1545 824 1593 858 Ne,
1609 831 1709 860 quicso,
1726 831 1850 859 perseve-

1057 881 1164 906 remus,
1179 880 1270 900 rerum
1285 872 1302 899 ii
1317 871 1424 907 quidem
1435 891 1443 903 ,
1458 871 1502 906 qui
1519 870 1636 898 nondum
1652 870 1717 904 lapsi
1731 874 1810 902 sunt,
1825 869 1850 895 in

1057 927 1105 948 sua
1122 918 1318 954 pulchritudine
1331 920 1466 952 perstent,
1481 917 1536 943 imo
1553 923 1610 943 cam
1625 916 1708 950 magis
1722 923 1753 942 ac
1767 915 1851 950 magis

1057 967 1180 994 excolunt
1194 966 1275 1000 (nam
1295 963 1400 991 etiamsi
1424 962 1551 998 prmclara
1572 962 1629 989 haec
1642 961 1729 989 officia
1743 964 1851 995 peccata

1058 1012 1128 1040 nulla
1149 1010 1286 1045 reperiant
1298 1029 1305 1041 ,
1321 1008 1523 1037 cumulatiorem
1538 1011 1611 1036 certe
1625 1007 1851 1043 pulchritudinem

1057 1056 1198 1091 reddunt):
1211 1063 1260 1083 nos
1269 1061 1346 1088 vero,
1358 1055 1402 1090 qui
1416 1058 1521 1089 peccata
1533 1053 1615 1081 multa
1627 1053 1849 1088 perpetravimus,

1057 1105 1089 1132 ad
1105 1103 1299 1132 correctionem
1317 1109 1348 1129 ea
1365 1108 1424 1136 qua:
1438 1101 1555 1128 diximus
1568 1100 1740 1127 adhibeamus
1755 1107 1763 1127 :
1777 1103 1806 1126 ut
1818 1098 1850 1126 ad

1057 1150 1155 1178 Christi
1177 1148 1292 1176 tribunal
1308 1155 1367 1175 cum
1383 1154 1477 1182 magna
1497 1146 1593 1173 ﬁducia
1607 1145 1760 1178 adstemus;
1777 1145 1852 1180 cujus

1058 1199 1157 1227 utinam
1174 1205 1222 1224 nos
1238 1203 1331 1224 omnes
1353 1195 1497 1230 participes
1517 1194 1617 1226 simus,
1633 1201 1681 1228 per
1700 1194 1812 1228 gratiam
1825 1197 1852 1220 et

1057 1244 1247 1280 benignitatem
1269 1241 1374 1270 Domini
1396 1241 1480 1268 nostri
1502 1240 1565 1267 Jesu
1585 1239 1703 1271 Christi,
1719 1247 1780 1266 cum
1799 1246 1852 1273 quo

1057 1292 1129 1320 Patri
1151 1295 1179 1318 et
1200 1288 1308 1324 Spiritui
1329 1291 1423 1315 sancto
1444 1286 1548 1322 gloria,
1564 1285 1704 1320 imperium
1717 1305 1724 1318 ,
1747 1287 1850 1316 honor,

1057 1345 1127 1366 nunc
1140 1341 1167 1364 et
1181 1342 1304 1370 semper,
1321 1337 1348 1361 ct
1363 1334 1389 1360 in
1404 1332 1503 1360 smcula
1515 1331 1684 1359 surculorum.
1701 1331 1797 1358 Amen.

222 1435 1196 1456 _____________________.__—

916 1475 1087 1510 HOMILIA
1117 1473 1156 1503 V.

207 1562 271 1589 Car.
291 1559 317 1588 2.
333 1567 358 1586 tt.
380 1559 426 1587 12.
445 1558 508 1585 Cum
520 1561 604 1584 autem
618 1556 739 1583 venissem
752 1553 877 1581 Troadem
897 1554 1002 1587 propter

242 1606 399 1642 evangelium
413 1604 507 1632 Chriin
519 1625 526 1636 ,
543 1608 565 1630 et
578 1603 670 1630 ostium
690 1601 752 1628 mihi
762 1603 878 1636 apertum
892 1602 954 1625 esset
975 1596 1001 1622 in

242 1653 354 1681 Domino
365 1673 373 1685 ,
398 1651 442 1679 15.
465 1659 516 1678 non
531 1650 607 1677 habui
622 1649 733 1682 requiem
756 1645 858 1682 spiritui
873 1652 927 1671 meo
942 1664 950 1677 ,
974 1650 1002 1669 eo

242 1698 310 1734 quod
324 1705 374 1724 non
387 1696 524 1723 invenerim
536 1694 622 1722 Titani
636 1694 742 1728 fratrem
756 1699 850 1719 meum.

244 1745 271 1772 ‘l.
284 1743 347 1771 Haec
360 1742 466 1778 quidem
482 1740 562 1768 verba
577 1739 684 1774 indigna
695 1737 779 1766 Paulo
793 1743 854 1764 esse
866 1735 1000 1766 videntur,

209 1797 306 1825 nempe
319 1788 389 1824 quod
404 1787 440 1815 ob
450 1787 540 1814 fratris
553 1785 701 1813 absentiam
718 1787 819 1811 tantam
833 1781 927 1808 salutis
939 1779 1003 1806 aﬂ'c-

209 1835 299 1863 renda:
313 1833 481 1862 occasionem
503 1830 642 1866 abjccerit.
663 1830 702 1857 Ae
725 1832 856 1864 pratterea
877 1825 1002 1853 videntur

208 1883 258 1909 ista
274 1888 326 1909 non
342 1880 406 1908 satis
426 1886 486 1906 cum
501 1877 634 1914 prioribus
650 1875 797 1904 cohrcrcre.
817 1873 886 1908 Quid
901 1871 1004 1907 igitur?

208 1927 288 1954 vultis
303 1931 330 1954 ut
344 1926 417 1961 prius
433 1922 585 1956 ostendam,
598 1929 659 1950 eum
675 1920 742 1948 nihil
758 1920 848 1955 seipso
864 1917 1002 1952 indignum

209 1972 332 2002 dixisse?
347 1975 392 1998 aut
407 1970 464 1998 haec
479 1968 512 1996 ad
526 1968 624 1996 seriem
640 1965 793 2002 quadrare?
816 1964 876 1992 Meo
896 1962 1003 1999 quidem

207 2017 309 2053 judicio
324 2016 408 2044 satius
422 2015 502 2043 fuerit
513 2035 521 2048 ,
543 2013 676 2050 posterius
690 2012 781 2048 priore
796 2010 855 2038 loco
876 2009 1003 2037 demons-

210 2068 282 2091 trare
296 2073 303 2091 :
316 2062 354 2089 sic
368 2061 440 2089 enim
454 2059 568 2087 alterum
583 2065 689 2094 quoque
702 2056 804 2084 facilius
819 2062 851 2083 ac
863 2053 1005 2082 dilucidius

210 2108 302 2136 fuerit.
326 2105 466 2141 Quomodo
479 2105 559 2140 igitur
574 2103 631 2131 haec
645 2110 706 2130 cum
720 2101 904 2136 superioribus
916 2099 1005 2127 cohae-

210 2153 294 2182 rent?
313 2153 359 2181 llla
375 2153 431 2187 ipsa
448 2151 474 2178 in
491 2149 648 2178 memoriam
670 2147 823 2182 redigamus
836 2166 845 2180 ,
864 2150 945 2180 atque
968 2144 1004 2171 ita

210 2199 281 2228 istud
298 2198 486 2233 intelligemus.
511 2196 638 2228 Qumnam
656 2193 735 2228 igitur
751 2192 794 2220 illa
820 2191 916 2219 erant?
939 2189 1005 2224 Quae

210 2246 288 2274 initio
305 2244 432 2277 dicebat,
454 2242 523 2269 Nolo
538 2249 581 2269 vos
591 2241 708 2277 ignorare
721 2239 754 2267 de
767 2238 928 2266 tribulatione
948 2244 1005 2273 quae

212 2293 281 2328 facta
294 2294 331 2317 est
343 2289 414 2316 nobis
425 2289 452 2315 in
467 2287 528 2314 Asia
540 2308 547 2321 ,
562 2286 681 2321 quoniam
695 2293 773 2320 supra
788 2283 890 2310 modum
907 2283 1006 2318 gravati

210 2345 298 2364 sumus
320 2343 398 2371 supra
417 2334 543 2361 virtutem.
575 2331 672 2360 Postea
705 2335 794 2358 autem
821 2329 866 2356 ubi
890 2327 1006 2357 ostendit

210 2381 346 2418 quomodo
371 2380 498 2407 liberatus
520 2379 570 2411 sit,
596 2384 681 2412 eaque
696 2383 755 2411 quae
778 2376 804 2403 in
829 2374 919 2402 medio
943 2377 1006 2401 sunt

209 2427 354 2462 intcrjecit,
379 2424 532 2453 necessario
558 2430 651 2451 rursus
677 2422 756 2449 docet
778 2429 807 2449 se
826 2421 879 2448 alio
901 2426 1006 2456 quoque

211 2472 293 2499 modo
301 2471 427 2499 afﬂictum
439 2469 529 2497 fuisse.
542 2468 592 2502 Qui
607 2467 714 2495 tandem
730 2466 817 2494 istud?
829 2465 905 2500 Quod
917 2465 1004 2492 Titum

211 2526 265 2546 non
278 2517 420 2545 invenerit.
433 2516 540 2544 Etenim
555 2514 625 2543 istud
639 2513 746 2550 quidem
762 2520 842 2548 grave
857 2516 909 2545 est,
926 2516 1006 2546 atque

210 2565 245 2592 ad
270 2562 496 2592 consternandum
520 2562 640 2589 animum
660 2568 783 2596 magnam
799 2559 853 2586 vim
879 2558 980 2586 habens
994 2578 1002 2591 ,

211 2619 309 2646 nempe
325 2609 487 2638 tentationcs
503 2608 594 2636 subire
609 2616 616 2633 :
632 2611 658 2633 at
674 2614 734 2633 cum
758 2605 833 2632 deest
848 2604 892 2640 qui
907 2611 1004 2631 conso-

212 2657 283 2685 letur
294 2656 481 2690 sarcinamque
496 2661 547 2681 una
565 2652 678 2681 sufferre
691 2655 782 2686 queat,
798 2655 852 2678 tum
867 2649 953 2683 major
965 2653 1006 2675 est

212 2707 368 2738 tempestas.
384 2701 459 2728 Titus
475 2706 554 2735 porro
570 2699 627 2733 ipse
640 2702 681 2725 est
693 2718 700 2730 ,
722 2704 800 2731 quem
822 2695 889 2723 infra
906 2694 939 2721 ab
953 2694 1005 2722 illis

211 2748 244 2775 ad
259 2756 287 2775 se
302 2747 408 2775 venisse
428 2745 531 2778 refert,
545 2748 573 2772 et
585 2743 619 2771 de
634 2750 687 2778 quo
700 2742 798 2769 multas
817 2749 848 2769 ae
862 2740 1005 2775 prmclaras

213 2795 306 2822 laudes
319 2797 451 2825 recenset,
465 2797 599 2827 quemque
612 2797 626 2816 a
641 2797 670 2817 se
685 2789 796 2816 missum
808 2795 869 2816 esse
886 2786 1003 2814 dicebat.

214 2841 249 2869 Ut
259 2840 382 2868 ostendat
396 2846 459 2874 ergo
472 2846 500 2865 sc
512 2838 629 2872 ipsorum
641 2843 718 2864 causa
736 2835 804 2862 hanc
815 2841 921 2869 quoque
936 2833 1005 2860 afﬂi-

214 2887 329 2914 ttiottem
345 2884 458 2913 subiisse
470 2904 478 2920 ,
494 2882 535 2911 his
551 2882 638 2912 verbis
653 2889 718 2911 usus
741 2885 791 2910 est.
815 2879 891 2914 Quod
914 2880 1003 2915 itaque

1055 1545 1114 1574 haec
1142 1541 1223 1570 verba
1251 1539 1362 1575 pulchre
1385 1545 1446 1566 cum
1471 1537 1653 1572 superioribus
1675 1537 1850 1570 cohmreant,

1047 1591 1118 1618 hinc
1132 1587 1274 1624 perspicue
1288 1589 1380 1621 patet;
1395 1583 1466 1620 quod
1481 1589 1570 1611 autem
1583 1583 1665 1611 Paulo
1677 1591 1731 1610 non
1745 1583 1850 1619 indigna

1055 1637 1108 1664 sint
1120 1656 1127 1668 ,
1145 1634 1170 1662 id
1181 1639 1288 1669 quoque
1301 1632 1410 1667 planum
1426 1630 1515 1658 facere
1529 1630 1659 1658 conabor.
1677 1629 1768 1665 Neque
1781 1631 1852 1656 enim

1055 1681 1106 1709 hoc
1121 1680 1186 1708 dicit
1200 1699 1208 1712 ,
1224 1677 1295 1713 quod
1309 1676 1361 1704 Titi
1380 1675 1502 1703 absentia
1525 1682 1618 1702 eorum
1630 1695 1638 1708 ,
1661 1675 1706 1709 qui
1721 1674 1754 1701 ad
1771 1675 1850 1701 tidem

1055 1726 1299 1758 accessurierant,
1320 1723 1399 1751 saluti
1422 1729 1525 1750 moram
1548 1721 1686 1755 attulerit,
1712 1729 1762 1749 nec
1781 1721 1851 1757 quod

1056 1778 1197 1810 prOptcrea
1213 1778 1260 1799 eos
1274 1770 1318 1805 qui
1343 1768 1423 1796 fidem
1437 1772 1612 1803 susceperant
1635 1768 1851 1803 contempserit,

1055 1818 1102 1846 sed
1118 1817 1190 1853 quod
1205 1816 1325 1851 requiem
1341 1821 1394 1841 non
1409 1812 1543 1846 habuerit,
1568 1813 1618 1839 hoe
1631 1817 1672 1840 est
1686 1833 1693 1845 ,
1713 1812 1748 1840 ob
1764 1813 1854 1841 fratris

1055 1863 1204 1890 absentiam
1219 1861 1244 1888 in
1259 1860 1403 1887 afﬂictione
1416 1866 1448 1886 ac
1460 1858 1554 1886 dolore
1572 1862 1694 1886 versatus
1709 1859 1743 1886 sit
1758 1867 1765 1892 ;
1790 1858 1853 1886 hinc

1056 1910 1181 1937 nimirum
1199 1907 1345 1936 ostendens
1365 1905 1462 1941 quanti,
1480 1906 1610 1933 momenti
1634 1906 1669 1932 sit
1690 1905 1781 1933 fratris
1807 1906 1854 1932 ab-

1056 1955 1160 1987 sentia;
1174 1959 1254 1989 atque
1269 1953 1329 1980 ideo
1344 1951 1418 1979 illinc
1433 1950 1590 1979 excesserit.
1609 1950 1677 1984 Quid
1691 1955 1780 1978 autem
1798 1952 1854 1979 hmc

1055 2000 1137 2028 verba
1160 1999 1210 2027 sibi
1233 1998 1345 2031 volunt,
1370 1997 1434 2024 Cum
1455 1997 1578 2024 venissem
1602 1995 1728 2023 Troadem
1751 2001 1853 2031 propter

1056 2045 1234 2081 evangelium?
1248 2045 1305 2072 Non
1319 2065 1326 2077 ,
1341 2043 1426 2078 inquit
1438 2064 1446 2077 ,
1471 2047 1571 2070 temere
1584 2049 1617 2070 eo
1632 2041 1767 2078 profectus
1780 2050 1852 2077 sum,

1056 2092 1103 2120 sed
1119 2096 1148 2120 ut
1163 2091 1348 2127 praedicarem.
1371 2089 1405 2117 Et
1423 2093 1512 2116 tamen
1528 2089 1590 2116 licet
1606 2095 1637 2116 ea
1659 2088 1693 2116 de
1716 2095 1797 2116 causa
1820 2095 1852 2115 eo

1057 2146 1100 2165 me
1124 2137 1297 2165 contulissem
1312 2157 1319 2169 ,
1349 2141 1382 2163 ac
1415 2135 1560 2162 maximum
1584 2141 1652 2169 opus
1670 2135 1852 2169 reperissem;

1059 2185 1159 2212 Ostium
1182 2184 1254 2212 enim
1278 2183 1342 2210 milii
1366 2186 1482 2217 apertum
1504 2185 1567 2208 esset
1586 2181 1614 2208 in
1634 2179 1770 2213 Domino;
1794 2180 1854 2208 Non

1057 2233 1133 2260 habui
1145 2231 1264 2266 requiem,
1275 2228 1488 2264 inquitztametsi
1502 2235 1555 2255 non
1567 2232 1709 2263 propterea
1722 2235 1789 2262 opus
1802 2227 1852 2254 im-

1057 2278 1175 2313 peditum
1190 2276 1278 2304 fuerit.
1301 2275 1355 2303 Cur
1369 2281 1432 2310 ergo
1448 2273 1532 2307 dicit,
1547 2274 1591 2301 13.
1611 2272 1772 2308 Valefacicns
1795 2273 1830 2300 eis
1845 2293 1853 2306 ,

1057 2324 1133 2351 abii?
1153 2323 1209 2350 Hoc
1223 2326 1283 2353 est,
1307 2329 1363 2356 prie
1387 2320 1468 2347 animi
1485 2320 1606 2355 angustia
1631 2326 1663 2346 ac
1682 2319 1777 2347 dolore
1800 2326 1853 2346 non

1058 2370 1184 2398 diuturno
1210 2374 1331 2404 tempore
1355 2367 1409 2394 illic
1432 2370 1551 2393 moratus
1574 2372 1643 2392 sum.
1666 2365 1705 2392 Ac
1739 2364 1854 2392 fortasse

1058 2415 1137 2443 etiam
1150 2415 1220 2442 illius
1233 2413 1352 2442 absentia
1362 2412 1468 2447 negotio
1479 2410 1700 2446 impedimentum
1714 2409 1853 2437 all‘crcbat.

1059 2463 1115 2490 Hoc
1131 2469 1210 2498 porro
1225 2469 1277 2488 non
1291 2467 1381 2496 parva:
1393 2465 1500 2494 quoque
1514 2456 1693 2484 consolationi
1705 2455 1770 2491 ipsis
1785 2459 1853 2483 erat.

1057 2508 1123 2537 Nam
1138 2507 1170 2540 si,
1190 2514 1250 2534 eum
1266 2505 1337 2533 fores
1354 2504 1408 2532 illic
1422 2508 1522 2539 aperta:
1537 2506 1639 2536 essent,
1654 2506 1735 2536 atque
1748 2501 1783 2528 ob
1796 2508 1854 2528 eam

1057 2561 1165 2582 causam
1179 2552 1299 2580 venisset
1309 2571 1316 2584 ,
1333 2550 1458 2586 quoniam
1471 2549 1581 2576 fratrem
1596 2556 1649 2575 non
1663 2548 1778 2579 invenit,
1792 2554 1856 2574 cnn-

1058 2600 1147 2628 festim
1160 2598 1301 2630 abscessit,
1309 2597 1394 2624 multo
1403 2596 1504 2630 mquius
1515 2599 1566 2627 est,
1575 2594 1670 2629 inquit,
1680 2601 1728 2620 vos
1738 2593 1854 2628 negotio-

1057 2654 1116 2674 rum
1132 2644 1262 2680 angustiis
1276 2651 1307 2670 ac
1323 2640 1527 2670 necessitatibus
1542 2641 1682 2675 ignoscere
1694 2660 1701 2671 ,
1725 2646 1786 2673 quae
1807 2644 1856 2664 nos

1057 2698 1271 2728 quaquaversum
1292 2693 1373 2724 agunt
1382 2695 1413 2715 ac
1421 2687 1614 2721 circumagunt,
1624 2692 1674 2712 nec
1684 2685 1717 2711 ad
1731 2691 1779 2712 eos
1789 2691 1856 2719 quos

1059 2739 1181 2766 Volumus
1189 2736 1319 2764 arbitratu
1328 2739 1422 2762 nostro
1431 2732 1574 2769 proﬁcisci,
1581 2739 1613 2759 ae
1621 2731 1722 2759 diutius
1730 2730 1801 2765 apttd
1810 2736 1856 2757 eos

1058 2784 1157 2812 morari
1173 2783 1273 2810 sinunt.
1291 2780 1368 2808 Unde
1382 2780 1473 2812 etiam,
1487 2783 1517 2806 ut
1530 2785 1609 2812 supra
1628 2777 1744 2812 spiritui,
1761 2776 1798 2803 ita
1812 2776 1855 2802 hic

1058 2837 1164 2866 quoque
1185 2829 1239 2855 Deo
1261 2826 1492 2862 pcregrinatiortes
1515 2832 1577 2852 suas
1596 2823 1774 2856 adscribens,
1797 2822 1854 2849 haec

1058 2875 1193 2913 subjungit
1204 2884 1209 2903 ς
1220 2875 1261 2902 li.
1275 2873 1325 2902 Deo
1336 2878 1419 2901 autent
1431 2872 1534 2909 gratias,
1548 2873 1591 2907 qui
1605 2878 1705 2906 semper
1715 2867 1856 2905 triumphat
