2021 3117
180 143 234 172 £29

177 214 224 234 nos
236 206 261 233 in
273 206 373 233 Christo
384 204 456 238 Iesu,
469 210 491 232 et
501 195 594 232 bonum
605 205 707 233 adorent
717 206 814 233 notitia!
825 214 879 233 sua:
892 206 974 233 maui-

176 254 253 287 ρειαί
263 259 308 286 per
316 259 362 278 nor
372 251 398 278 in
409 251 477 278 omni
490 251 556 278 loco.
568 252 676 279 Etenim-
684 259 717 279 ne
730 257 864 287 tamquam
878 252 972 287 lugens

176 297 235 325 haec
244 297 385 332 deplorare
396 297 526 329 videatur,
537 298 636 332 gratias
651 297 705 325 Deo
716 298 780 332 agit.
792 297 870 331 Quod
881 303 970 325 autem

175 344 230 376 ait,
254 342 326 370 hunc
351 350 460 370 sensum
488 342 702 378 habet:ubique
725 343 846 376 afﬂictio,
873 343 971 378 ubique

175 388 298 416 anxietas
311 397 317 416 :
330 388 390 416 veni
406 389 432 416 in
446 389 547 421 Asiam,
562 393 687 424 gravatus
706 396 766 416 sum
787 396 867 424 supra
882 390 969 416 vires:

174 435 237 462 veni
260 435 393 462 Troadem
405 456 412 468 ,
428 435 543 463 fratrem
556 444 609 463 non
624 436 712 463 inveni
727 444 734 463 :
749 435 782 463 ad
799 443 846 463 vos
860 443 912 463 non
928 443 971 463 vc-

174 481 201 508 ni
215 489 223 512 ι
239 480 289 508 hoc
304 488 411 516 quoque
425 488 477 508 non
494 489 620 515 parvam,
645 481 700 508 imo
724 489 850 516 perquam
874 481 969 516 iugen-

175 531 229 555 tem
245 528 399 555 mmslitiam
413 528 476 555 mihi
493 528 590 555 attulit.
607 528 728 563 Illudque
748 532 880 564 prmtcrea
897 527 969 563 quod

174 573 250 600 multi
259 573 330 608 apud
339 581 386 600 vos
397 574 577 609 peccaverint.
588 582 674 609 eaque
685 574 761 607 mihi,
772 582 819 602 cur
830 582 878 602 vos
891 575 968 602 mini-

174 627 217 646 me
228 619 352 651 viderim,
365 627 445 647 causa
458 619 550 647 fuerit:
567 619 678 647 Partem
690 621 760 648 enim
771 621 839 647 vobis
850 629 901 647 non
911 621 968 648 veni

172 665 323 692 Corinthum
338 665 387 701 (2.
405 665 464 693 Cor.
489 665 514 693 1.
538 665 594 701 23)
608 687 615 699 ,
632 665 727 701 inquit.
748 666 838 700 Quare
859 674 893 693 ne
910 667 967 694 hanc

173 717 221 745 per
242 710 454 745 deplorationcm
475 710 565 738 dicere
591 711 750 744 videretur,
772 711 885 739 subdit:
908 711 966 738 Non

173 756 255 784 modo
268 764 321 784 non
333 756 455 784 dolemus
467 756 493 784 in
504 756 578 784 hisce
591 757 816 790 tribulationibus,
828 757 874 785 sed
885 757 966 785 etiam

172 802 321 837 gaudemus
336 810 344 829 :
362 801 488 838 quodque
502 803 589 837 majus
605 806 663 835 est,
687 810 740 830 non
760 802 841 830 modo
857 808 967 837 propter

172 847 261 876 futura
276 848 400 883 praemia,
426 848 473 875 sed
494 848 574 876 etiam
595 848 629 875 ob
649 848 808 883 praesentia;
835 848 965 883 siquidem

172 893 215 921 hic
238 901 345 928 quoque
371 894 406 921 ob
428 901 487 921 eam
516 901 624 922 causam
649 894 714 921 clari
739 899 820 929 atque
847 894 965 921 illustres

172 945 276 965 smnus.
296 938 425 972 Quocirca
447 943 550 966 tantum
571 939 647 966 abest
663 943 691 966 ut
706 939 778 966 luctu
794 938 943 966 afﬁciamnr
956 959 964 971 ,

171 987 200 1010 ut
215 983 295 1011 etiam
308 983 469 1019 triumphum
484 991 540 1011 rem
554 984 631 1011 istam
642 983 806 1018 appellemus
817 1004 824 1017 ,
840 988 920 1019 atque
930 984 966 1011 ob

171 1037 203 1056 ea
215 1037 275 1065 qua:
285 1029 442 1065 contingunt
453 1030 608 1065 gloriemur.
623 1030 716 1066 quue
729 1029 837 1058 nomine
848 1029 964 1064 dicebat,

175 1075 278 1103 Gratias
298 1081 382 1103 autent
404 1076 475 1110 Deo,
497 1078 538 1111 qui
563 1085 662 1112 semper
675 1077 814 1112 triumphat
833 1085 898 1109 nos;
914 1077 965 1104 hoc

171 1127 229 1154 est,
250 1123 295 1157 qui
321 1130 370 1150 nos
391 1122 461 1158 apud
485 1130 580 1151 omnes
601 1122 756 1158 splendidos
780 1123 877 1150 reddit.
897 1123 963 1150 Nam

172 1168 242 1204 quod
268 1167 410 1196 dedecoris
433 1168 552 1204 speciem
574 1169 674 1202 habet,
698 1168 824 1196 nimirum
847 1168 964 1203 undique

172 1215 245 1250 pelli,
258 1216 308 1243 hoc
317 1223 365 1243 nos
377 1222 482 1242 summo
493 1215 586 1243 honori
600 1215 733 1243 ducimus.
746 1215 807 1244 Ideo
818 1223 870 1243 non
882 1216 963 1248 dixit,

172 1261 220 1295 Qui
236 1268 285 1288 nos
297 1261 458 1296 conspicuos
472 1261 577 1295 reddit,
594 1262 639 1289 sed
651 1283 658 1294 ,
676 1262 728 1295 Qui
741 1262 890 1297 triumphat.
906 1262 963 1296 Qua

172 1314 236 1334 voce
252 1307 302 1334 hoc
325 1307 425 1334 indicat
437 1328 444 1340 ,
459 1307 613 1342 hujusmodi
629 1308 849 1342 persequutiones
865 1307 964 1343 ubique

173 1357 302 1380 terrarum
331 1357 457 1388 perpetua
478 1353 608 1381 adversus
635 1353 770 1381 diabolum
787 1358 887 1388 tropum
908 1354 964 1381 eri-

170 1406 243 1434 gere.
262 1399 362 1426 Deinde
375 1407 427 1438 una
448 1407 508 1427 cum
527 1406 578 1432 eo,
603 1400 647 1434 qui
670 1399 834 1434 triumphat,
854 1406 963 1427 causam

171 1445 252 1472 etiam
266 1444 391 1477 atterens,
407 1445 469 1473 hinc
480 1453 585 1480 quoque
597 1444 728 1473 auditoris
742 1445 859 1472 animum
874 1446 962 1481 erigit.

170 1490 227 1517 Non
242 1490 312 1518 enim
322 1510 329 1523 ,
343 1490 447 1525 inquit,
462 1498 478 1518 a
492 1490 548 1518 Deo
567 1495 669 1518 tantum
684 1491 710 1517 in
727 1490 890 1525 triumphum
905 1491 962 1526 agi-

171 1543 242 1569 mur,
257 1536 304 1563 sed
318 1537 399 1564 etiam
414 1530 440 1564 i'u
455 1536 575 1569 Christo,
591 1536 642 1564 hoc
652 1542 692 1564 est
704 1542 814 1572 propter
827 1536 962 1564 Christum

170 1590 202 1610 ac
215 1582 443 1617 praedicationem.
467 1582 533 1610 Nam
556 1591 616 1611 eum
640 1583 805 1618 triumphare
826 1590 893 1618 opus
908 1583 962 1610 sit:

171 1628 280 1656 omnino
294 1635 344 1656 nos
356 1636 463 1664 quoque
471 1629 515 1663 qui
529 1634 658 1664 tropzeum
669 1628 789 1662 ferimus,
804 1628 963 1663 conspicuos

171 1684 230 1705 esse
244 1685 356 1705 necesse
369 1681 421 1711 est,
435 1677 652 1713 quandoquidem
666 1677 753 1713 ipsum
766 1681 914 1712 gestamus;
928 1676 964 1704 ob

171 1724 251 1760 idque
265 1724 330 1752 clari
345 1732 376 1751 ac
388 1724 509 1752 celebres
521 1731 625 1751 sumus.
644 1723 678 1750 Et
691 1723 794 1751 adorent
805 1723 901 1750 notitia:
910 1730 963 1750 sum

170 1771 315 1805 martifestat
328 1779 374 1806 per
389 1779 434 1798 nos
448 1770 474 1798 in
489 1771 558 1798 omni
570 1771 636 1797 loco.

204 1816 232 1843 2.
258 1816 386 1851 Superius
409 1816 493 1848 dixit,
522 1816 629 1851 Semper
656 1815 818 1850 triumphat;
842 1815 906 1849 hic,
931 1815 964 1842 In

170 1863 240 1891 omni
254 1863 322 1897 loco,
336 1863 431 1900 inquit,
446 1862 511 1890 illud
524 1862 649 1890 nimirum
663 1862 799 1895 indicans,
815 1870 864 1890 nec
875 1862 963 1889 locum

171 1916 222 1936 nec
237 1914 342 1944 tempus
362 1908 447 1937 ullum
463 1916 523 1937 esse
536 1929 544 1943 ,
567 1908 638 1944 quod
653 1916 705 1936 non
725 1908 879 1943 apostolicis
901 1915 963 1935 cer-

172 1954 316 1983 taminibus
338 1955 477 1989 impletum
490 1954 534 1982 sit.
558 1955 646 1991 Atque
660 1954 744 1981 altera
763 1961 856 1981 rursus
876 1957 962 1980 meta-

171 1999 254 2035 phora
271 2000 369 2033 utitur,
384 2007 400 2027 a
414 2000 488 2028 suavi
502 1999 586 2027 odore
599 1999 688 2027 ducta.
715 1999 750 2028 Ut
765 2000 836 2027 enim
851 2000 896 2035 qui
911 2008 962 2026 un-

170 2053 299 2084 guentum
313 2052 437 2083 gestant,
463 2048 549 2084 inquit
561 2067 568 2080 ,
591 2048 630 2076 sic
643 2048 747 2076 cunctis
761 2048 812 2083 ipsi
826 2047 962 2083 conspicui

171 2103 283 2129 sumus;
303 2096 449 2131 pretiosum
463 2099 627 2130 unguentum
652 2095 698 2123 Dei
719 2094 900 2130 cognitionem
915 2102 963 2120 vo-

170 2149 245 2168 cans.
272 2141 327 2169 Nec
349 2141 434 2174 dixit,
459 2141 607 2174 Notitiam,
631 2140 699 2174 sed,
723 2140 834 2168 Odorem
856 2140 961 2167 notitiw.

171 2187 310 2221 Ejusmodi
325 2187 396 2214 enim
409 2191 450 2215 est
464 2194 582 2222 praesens
597 2186 714 2222 cognitio
728 2207 736 2219 ,
760 2186 810 2213 hoc
823 2190 865 2213 est
877 2205 884 2219 ,
909 2193 962 2212 non

169 2232 314 2260 admodum
330 2232 469 2267 perspicua
480 2237 507 2259 et
519 2238 648 2260 reserata.
668 2232 710 2259 0b
725 2231 750 2259 id
766 2236 820 2259 tum
834 2231 859 2258 in
874 2231 964 2266 priore

170 2277 284 2312 epistola
298 2277 413 2309 dicebat,
422 2276 543 2306 Videmus
556 2285 623 2304 nunc
637 2285 681 2312 per
693 2277 824 2312 speculum
844 2277 870 2304 in
883 2277 964 2312 (enig-

170 2328 237 2351 mate
263 2323 308 2358 (l.
327 2323 386 2350 Cor.
402 2323 447 2350 t5.
463 2323 534 2359 12);
549 2326 630 2358 atque
651 2323 695 2350 hic
708 2322 819 2350 odorem
840 2323 892 2350 hoc
912 2331 964 2350 uu-

170 2372 297 2403 gueutum
312 2373 397 2396 vocat.
422 2368 506 2396 Porro
519 2369 564 2404 qui
577 2368 688 2396 odorem
704 2368 808 2402 sensit,
827 2368 891 2396 illud
905 2368 964 2404 qui-

170 2416 340 2449 demuovit,
365 2420 528 2451 unguentum
554 2415 652 2443 alicubi
678 2415 816 2442 conditum
832 2422 912 2448 esse;
935 2419 967 2443 at

169 2461 321 2496 cuiusmodi
333 2465 436 2489 natura:
449 2481 457 2494 ,
473 2469 526 2489 non
542 2461 605 2489 item
617 2482 624 2494 ,
640 2462 692 2488 nisi
707 2462 781 2496 prius
803 2461 829 2489 id
852 2469 964 2497 perspe-

170 2512 243 2535 ctum
266 2507 400 2535 habuerit.
422 2508 524 2536 Eodem
538 2515 588 2536 nos
609 2515 715 2543 quoque
737 2507 817 2535 modo
843 2508 914 2543 quod
930 2508 966 2536 sit

170 2553 242 2581 Deus
252 2574 260 2587 ,
275 2554 393 2587 scimus;
409 2553 536 2589 quidnam
551 2557 641 2581 autem
655 2558 748 2581 natura
761 2554 806 2587 sit,
821 2562 874 2581 non
889 2554 963 2581 item.

171 2597 262 2633 Itaque
276 2604 411 2634 tamquam
426 2599 591 2628 thuribulum
606 2600 709 2635 regium
722 2607 814 2628 sumus
824 2621 833 2635 ,
857 2600 965 2628 caeleste

171 2649 360 2681 unguentum,
388 2654 421 2673 ac
443 2646 610 2681 spiritualem
638 2647 830 2681 fragrantiam,
858 2655 965 2683 quoquo

170 2692 290 2726 gentium
304 2699 447 2727 pergamus
459 2713 467 2726 ,
482 2692 644 2720 redolentes.
661 2692 725 2720 lianc
737 2697 826 2720 autem
840 2692 946 2720 dicebat
956 2712 963 2725 ,

171 2739 268 2773 partim
278 2743 308 2766 ut
315 2739 476 2774 evangelica:
485 2739 680 2773 praedicationis
690 2739 742 2766 vim
750 2739 948 2767 demonstraret
957 2747 965 2767 :

171 2791 268 2818 nempe
280 2784 351 2819 quod
366 2791 413 2818 per
433 2791 497 2817 eos,
521 2791 536 2810 a
561 2784 657 2819 quibus
677 2785 782 2812 insidia:
804 2785 869 2820 ipsis
887 2792 965 2820 para-

172 2834 274 2863 rentur,
295 2830 379 2865 magis
389 2830 536 2862 elucercnt,
548 2829 611 2856 dum
626 2829 750 2858 videlicet
762 2838 854 2858 eorum
870 2839 963 2865 perse-

172 2881 301 2910 quutorcs
315 2875 366 2904 hoc
376 2875 505 2911 facerent,
521 2879 550 2903 ut
563 2875 702 2903 universus
715 2875 787 2904 orbis
801 2880 963 2917 tum‘eorum

714 145 747 174 ra
767 145 875 174 upxsr.
897 144 918 172 ιι
951 143 997 172 AD
1018 144 1096 174 con.
1119 148 1234 178 tinnit.
1257 152 1289 180 v.
1526 156 1539 183 ί

982 2867 1004 2875 ι»

1768 162 1819 190 £30

1027 209 1126 241 tropma
1139 229 1146 241 ,
1164 212 1218 235 tum
1234 210 1324 238 odoris
1340 212 1499 242 suavitatem
1514 216 1680 251 exploratam
1693 218 1816 253 haberet:

1025 253 1120 286 partim
1133 255 1212 282 etiam
1235 261 1262 283 ut
1280 265 1327 285 cos
1339 258 1372 286 ad
1392 267 1486 289 omnes
1507 262 1668 292 aftlictiones
1682 270 1709 292 et
1727 271 1815 293 tenta-

1025 298 1112 326 liones
1125 299 1186 327 forti
1200 303 1290 330 animo
1305 305 1477 338 perferendas
1492 308 1680 338 cohortaretur
1695 319 1702 338 ε
1715 312 1818 347 quippe

1024 353 1083 374 cum
1097 348 1177 375 etiam
1202 354 1264 378 ante
1285 352 1392 381 cmleste
1408 355 1546 389 pranuium
1565 357 1677 391 gloriam
1692 359 1815 394 percipe-

1023 399 1098 427 reut,
1121 403 1181 431 qua}
1194 397 1275 425 nullis
1295 400 1384 427 verbis
1405 402 1531 436 ex‘plicari
1556 409 1655 438 posset.
1681 405 1722 432 15.
1746 405 1815 438 Quia

1022 439 1116 467 Christi
1129 441 1208 469 borius
1221 444 1284 470 odor
1299 453 1386 473 sumus
1402 445 1457 474 Deo
1473 448 1498 474 in
1513 449 1543 476 iis
1558 450 1601 484 qui
1614 450 1676 476 salui
1689 451 1769 484 ﬁunt.
1793 456 1817 478 et

1022 486 1047 512 in
1070 487 1101 513 iis
1120 488 1164 521 qui
1185 495 1299 522 pereunt.
1323 490 1385 519 Sive
1408 493 1482 519 enim
1502 494 1563 528 quis
1580 495 1694 522 salutem
1717 503 1815 523 conse-

1020 537 1127 567 quatur,
1143 534 1243 569 inquit,
1257 536 1314 563 sive
1329 542 1434 571 pereat,
1452 540 1590 574 evangelio
1604 548 1713 575 semper
1728 542 1813 568 virtus

1020 584 1067 604 sua
1079 583 1195 606 constat.
1207 579 1241 607 Et
1252 581 1320 608 sicut
1329 582 1379 614 sui,
1395 583 1457 610 licet
1468 583 1580 612 inﬁrmis
1593 586 1678 613 oculis
1690 587 1816 614 tenebras

1020 622 1157 657 oil‘undat,
1182 625 1271 653 lumen
1290 630 1377 654 tamen
1391 633 1450 661 est;
1467 636 1498 656 ac
1512 630 1584 662 mel,
1607 632 1710 658 etiamsi
1726 640 1813 666 πιςτο-

1021 669 1054 696 tis
1067 676 1188 697 amarum
1204 671 1239 698 sit
1250 692 1257 703 ,
1273 678 1367 707 suapte
1382 678 1470 701 tamen
1485 680 1580 702 natura
1597 676 1675 703 dulce
1691 681 1748 707 est;
1771 678 1811 705 sic

1020 715 1187 750 evangelium
1200 718 1274 744 suavi
1290 717 1373 746 odore
1386 719 1527 753 praeditum
1543 725 1584 748 est
1598 741 1605 753 ,
1621 721 1728 748 etiamsi
1751 723 1812 757 qni-

1019 759 1080 787 dam
1096 768 1148 788 non
1163 762 1302 791 credentes
1317 769 1442 799 pereant.
1463 765 1555 802 Neque
1570 767 1645 794 enim
1659 767 1723 794 illud
1738 767 1813 794 exitii

1019 814 1098 834 causa
1111 813 1151 835 est
1162 829 1170 841 ,
1185 809 1232 836 sed
1245 817 1337 837 eorum
1352 812 1521 845 perversitas.
1543 812 1612 846 Quin
1631 813 1693 840 hinc
1706 821 1816 848 quoque

1019 852 1060 879 vel
1076 854 1191 882 maxime
1205 856 1288 889 ipsius
1301 858 1418 884 suavitas
1433 858 1579 892 percipitur
1589 879 1597 892 ,
1613 859 1684 894 quod
1697 859 1742 894 qui
1757 859 1810 886 ini-

1018 898 1093 932 probi
1110 907 1140 927 ac
1163 901 1281 935 corrupti
1304 907 1384 936 sunt,
1407 907 1528 938 pereant.
1559 905 1598 932 Ac
1624 905 1736 939 proinde
1758 912 1816 932 non-

1018 944 1099 971 modo
1113 952 1161 979 per
1175 945 1306 974 bonorum
1330 948 1445 976 salutem
1456 969 1463 982 ,
1489 949 1537 977 sed
1552 950 1633 977 etiam
1650 958 1697 984 per
1713 950 1812 984 impro-

1018 989 1113 1018 borum
1126 991 1262 1020 interitum
1278 993 1362 1028 ipsius
1373 995 1457 1022 virtus
1467 995 1630 1023 declaratur.
1646 996 1711 1023 Nam
1723 1001 1748 1023 et
1759 997 1816 1029 sol,

1017 1036 1078 1071 quia
1093 1044 1224 1072 perquam
1237 1038 1325 1066 clarus
1344 1044 1402 1073 est,
1423 1047 1453 1068 ea
1466 1048 1496 1068 re
1511 1041 1678 1076 potissimum
1693 1041 1813 1068 inﬁrmo«

1018 1089 1077 1109 rum
1092 1083 1184 1111 oculos
1209 1085 1365 1120 perstringit
1387 1094 1394 1112 :
1419 1093 1451 1113 ac
1473 1086 1596 1114 Salvator
1617 1086 1643 1114 iu
1666 1087 1810 1114 multorqu

1017 1129 1121 1156 ruinam
1144 1135 1172 1158 et
1193 1132 1420 1159 resurrectionem
1444 1136 1502 1166 est,
1526 1137 1553 1160 et
1579 1137 1667 1160 tamen
1688 1133 1812 1160 Salvator

1018 1181 1108 1204 manet
1120 1197 1126 1209 ,
1141 1178 1262 1212 quamvis
1274 1178 1406 1206 innumeri
1420 1178 1535 1206 cadant:
1553 1184 1632 1214 atque
1643 1179 1728 1214 ipsius
1741 1186 1812 1213 prze-

1016 1223 1101 1250 sentia
1117 1224 1225 1259 gravius
1236 1226 1311 1259 punit
1322 1232 1368 1252 eos
1380 1227 1424 1260 qui
1436 1233 1488 1252 non
1499 1225 1695 1260 obsequuntur,
1707 1230 1810 1251 tamen-

1017 1276 1069 1303 qnc
1085 1269 1209 1297 salutaris
1224 1275 1323 1298 manet.
1338 1271 1399 1298 Ideo
1411 1271 1509 1298 Paulus
1521 1271 1568 1304 ait,
1586 1270 1639 1297 Deo
1654 1271 1734 1297 bonus
1745 1270 1809 1297 odor

1016 1322 1124 1347 minus;
1139 1315 1190 1342 hoc
1205 1320 1256 1348 est,
1271 1315 1399 1349 Quamvis
1415 1316 1535 1343 nonnulli
1553 1321 1684 1351 pereant,
1702 1316 1810 1344 interim

1017 1363 1105 1387 tamen
1122 1360 1147 1387 id
1159 1367 1219 1388 esse
1235 1367 1397 1396 perstamus,
1414 1361 1485 1396 quod
1499 1368 1602 1388 sumus.
1620 1361 1674 1388 Nec
1686 1361 1812 1388 absoluto

1017 1405 1103 1438 dixit,
1118 1405 1204 1433 Bonus
1217 1407 1280 1434 odor
1294 1415 1380 1434 suums
1393 1428 1401 1440 ,
1418 1407 1464 1435 sed
1478 1428 1486 1440 ,
1504 1406 1567 1434 Deo.
1582 1407 1664 1434 Porro
1678 1415 1738 1434 cum
1754 1407 1810 1434 Deo

1016 1452 1102 1480 bonus
1114 1452 1181 1479 odor
1194 1452 1279 1480 simus
1290 1473 1297 1485 ,
1317 1458 1396 1488 atque
1411 1453 1454 1480 ille
1471 1452 1528 1480 hrcc
1543 1453 1647 1480 calculo
1667 1459 1716 1479 suo
1731 1459 1808 1479 coin-

1017 1497 1121 1533 probet,
1131 1499 1190 1533 quis
1200 1499 1254 1534 jam
1264 1499 1447 1526 c0ntradicat?
1461 1498 1530 1532 Quin
1545 1498 1603 1526 hzuc
1613 1497 1705 1532 verba,
1718 1498 1811 1525 Christi

1017 1544 1096 1571 bonus
1110 1545 1173 1571 odor
1186 1553 1273 1571 sumus
1286 1565 1293 1577 ,
1311 1543 1374 1571 mihi
1389 1544 1489 1580 duplici
1509 1544 1588 1571 modo
1609 1544 1706 1578 exponi
1730 1550 1810 1578 posse

1016 1589 1140 1616 videntur
1158 1599 1164 1617 :
1178 1590 1224 1616 aut
1237 1589 1308 1617 enim
1324 1589 1376 1617 hoc
1398 1590 1433 1617 ait
1445 1611 1452 1620 ,
1468 1589 1539 1625 quod
1554 1589 1658 1624 seipsos
1673 1589 1809 1616 victimam

1015 1635 1143 1663 offerrent
1154 1657 1161 1670 ,
1178 1636 1241 1664 dum
1252 1641 1364 1664 mortem
1376 1640 1552 1671 oppeterent;
1567 1641 1612 1663 aut
1626 1657 1633 1668 ,
1650 1636 1720 1670 quod
1737 1635 1810 1663 necis

1016 1681 1115 1709 Christi
1130 1682 1217 1709 bonus
1231 1681 1299 1709 odor
1313 1682 1397 1709 simus
1410 1691 1416 1708 :
1434 1681 1545 1716 perinde
1561 1689 1592 1709 ac
1607 1681 1629 1709 si
1646 1682 1705 1717 quis
1719 1681 1808 1714 dicat,

1017 1727 1132 1762 Hujusce
1146 1728 1261 1756 victimae
1285 1728 1372 1755 bonus
1395 1728 1463 1755 odor
1487 1732 1528 1755 est
1552 1728 1595 1755 hic
1609 1727 1728 1755 sumtus.
1756 1728 1810 1755 Aut

1016 1773 1096 1808 igitur
1118 1773 1169 1801 hoc
1184 1774 1316 1809 signiﬁcat
1338 1773 1402 1801 boni
1418 1773 1510 1802 odoris
1531 1774 1691 1801 Vocabulum
1705 1794 1712 1806 ,
1742 1778 1785 1800 aut
1800 1794 1808 1807 ,

1016 1819 1086 1853 quod
1097 1824 1159 1846 ante
1173 1818 1237 1853 dixi,
1252 1819 1323 1854 quod
1337 1819 1456 1854 quotidie
1467 1819 1564 1846 Christi
1584 1826 1664 1846 causa
1688 1823 1810 1846 macten-

1017 1869 1069 1892 tur.
1085 1865 1166 1893 V'ides
1186 1873 1239 1900 quo
1266 1865 1428 1892 teutationes
1451 1865 1615 1898 suhvexerit,
1628 1873 1688 1892 cum
1718 1866 1808 1892 trium-

1016 1910 1098 1946 phum
1113 1918 1158 1938 eas
1172 1931 1179 1944 ,
1202 1915 1229 1938 et
1244 1910 1355 1938 odorem
1368 1931 1375 1943 ,
1392 1910 1564 1945 oblatumque
1581 1909 1635 1938 Deo
1650 1910 1810 1937 sacriﬁcium

1016 1956 1154 1991 appellat?
1169 1956 1269 1984 Deinde
1285 1960 1424 1992 postquam
1438 1956 1523 1988 dixit,
1541 1955 1628 1983 Bonus
1643 1956 1707 1983 odor
1721 1964 1809 1983 sumus

1015 2002 1042 2029 in
1057 2002 1087 2028 iis
1101 2002 1144 2036 qui
1157 2008 1282 2037 pereunt;
1297 2009 1331 2029 ne
1345 2001 1395 2029 hoc
1408 2001 1544 2028 existimes
1560 2001 1619 2029 illos
1634 2009 1740 2036 quoque
1753 2001 1809 2028 Deo

1015 2052 1106 2084 gratos
1120 2052 1146 2075 et
1160 2053 1284 2082 acceptos
1297 2055 1356 2075 esse
1366 2067 1373 2080 ,
1391 2047 1528 2081 subjunxit
1544 2055 1551 2075 :
1570 2046 1614 2074 16.
1630 2047 1693 2073 Aliis
1707 2047 1808 2082 quidem

1016 2095 1079 2122 odor
1094 2094 1181 2122 mortis
1193 2094 1220 2121 in
1235 2098 1350 2126 mortem,
1366 2093 1424 2120 aliis
1436 2098 1520 2120 autent
1533 2093 1597 2120 odor
1610 2095 1668 2119 vita:
1678 2094 1704 2120 in
1719 2093 1808 2120 vitam.

1017 2140 1091 2168 lianc
1105 2140 1175 2167 enim
1191 2139 1361 2175 fragrantiam
1372 2139 1479 2174 quidam
1494 2139 1529 2166 ita
1544 2139 1693 2174 suscipiunt
1703 2143 1731 2165 nt
1741 2138 1807 2165 salvi

1017 2185 1101 2218 ﬁant;
1118 2185 1225 2221 quidam
1251 2192 1344 2212 rursus
1357 2184 1404 2218 ita,
1420 2189 1449 2211 ut
1463 2188 1585 2219 pereant.
1602 2183 1691 2218 Itaque
1704 2183 1810 2210 etiamsi

1017 2236 1110 2267 pereat
1124 2231 1219 2265 aliquis
1232 2252 1240 2264 ,
1267 2231 1323 2265 ipse
1338 2231 1364 2257 in
1387 2230 1464 2265 culpa
1480 2234 1532 2257 est.
1554 2229 1619 2257 Nam
1636 2235 1663 2257 et
1677 2237 1740 2256 sues
1756 2237 1807 2256 un-

1017 2283 1117 2314 guento
1131 2277 1255 2306 sull'ocari
1272 2277 1417 2310 dicuntur;
1433 2282 1460 2304 et
1474 2277 1564 2304 lumen
1578 2296 1585 2308 ,
1602 2280 1632 2303 ut
1647 2280 1725 2303 antea
1741 2275 1808 2308 dixi,

1018 2324 1131 2352 inﬁrmis
1146 2323 1231 2351 oculis
1250 2323 1376 2351 tenebras
1398 2322 1521 2350 oﬁ‘undit.
1543 2323 1629 2357 Atque
1654 2321 1810 2357 hnjnsmodi

1018 2371 1149 2398 bonorum
1163 2375 1256 2397 natura
1279 2374 1336 2402 est,
1361 2373 1390 2396 ut
1405 2377 1458 2396 non
1473 2376 1503 2396 ea
1520 2373 1640 2400 tantum,
1665 2375 1724 2402 qua:
1746 2367 1811 2401 ipsis

1017 2417 1159 2445 familiaria
1173 2421 1245 2449 sunt,
1260 2420 1366 2449 sanent,
1381 2415 1428 2443 sed
1439 2415 1519 2443 etiam
1531 2415 1664 2442 contraria
1678 2413 1807 2448 perdant:

1018 2463 1132 2498 hincque
1146 2462 1260 2490 maxime
1275 2462 1313 2488 vis
1328 2468 1421 2489 eorum
1437 2461 1599 2488 declaratur.
1621 2459 1760 2494 Siquidem
1784 2462 1812 2485 et

1018 2510 1105 2545 ignis,
1127 2517 1181 2536 non
1197 2509 1283 2536 solum
1297 2515 1358 2535 cum
1383 2507 1535 2537 illuminat.
1557 2511 1602 2532 aut.
1625 2513 1688 2533 cum
1713 2511 1809 2532 aurum

1018 2559 1133 2590 purgat,
1150 2554 1196 2582 sed
1211 2554 1291 2581 etiam
1307 2561 1367 2581 cum
1388 2553 1479 2587 spinas
1495 2551 1612 2579 ahsurnit
1625 2572 1633 2584 ,
1657 2551 1712 2577 vim
1734 2557 1810 2576 suam

1020 2603 1136 2630 maxime
1151 2602 1271 2633 indicat,
1296 2606 1377 2635 atque
1399 2599 1450 2627 hac
1464 2599 1569 2626 ratione
1585 2598 1672 2633 ignem
1696 2604 1725 2624 se
1751 2603 1810 2624 esse

1019 2649 1193 2676 demonstrat.
1215 2646 1316 2674 Eodem
1333 2645 1412 2673 modo
1424 2644 1545 2672 Christus
1560 2644 1622 2671 hinc
1635 2650 1741 2678 quoque
1754 2649 1811 2669 ma-

1018 2694 1123 2729 iestatis
1136 2701 1192 2720 sua:
1203 2692 1337 2727 specimen
1351 2691 1415 2723 edit.
1432 2698 1493 2718 cum
1505 2690 1560 2717 oris
1575 2689 1615 2715 sui
1626 2689 1720 2723 spiritu
1736 2686 1811 2714 Anti‘

1020 2741 1151 2768 ehristnm
1165 2739 1309 2774 opprimit,
1324 2745 1355 2765 ac
1371 2745 1417 2772 per
1431 2737 1574 2764 adventurm
1592 2734 1742 2770 przesentiu:
1755 2739 1810 2759 sua:

1021 2785 1055 2813 de
1070 2785 1159 2812 medio
1182 2784 1261 2810 tollit.
1285 2783 1318 2810 Et
1340 2783 1373 2809 ad
1389 2782 1442 2809 ha-c
1455 2784 1511 2816 quis
1525 2781 1631 2807 idoneus
1642 2779 1655 2806 1'
1676 2778 1810 2811 Quoniam

1022 2831 1162 2867 magniﬁce
1174 2831 1300 2866 loquutus
1315 2834 1375 2857 crat
1390 2829 1482 2856 dicens
1495 2848 1502 2859 ,
1519 2826 1617 2855 Christi
1632 2824 1810 2857 sacriﬁcium,

1024 2887 1074 2913 ac,
1100 2877 1188 2905 Bonus
1212 2876 1278 2904 oder
1291 2883 1402 2909 sumus,
1427 2878 1522 2911 atque,
1547 2872 1648 2908 Ubique
1664 2869 1810 2906 triumpha-
