2021 3117
225 157 272 184 Eii
587 153 616 182 ε.
635 150 771 181 JOANNIS
789 150 1023 178 CHRYSOSTOSH
1044 149 1200 178 ARClllEP.
1220 149 1477 179 CONSTANTINUP.

226 221 285 240 nnis
297 235 304 246 ,
321 221 411 240 rursus
426 211 608 240 moderatione
629 210 730 241 utitur,
757 208 812 235 Deo
833 212 927 235 cuncta
950 207 1016 234 assi.

227 267 320 294 gnatis,
332 260 366 286 ob
380 258 459 293 idque
469 258 516 290 ait,
525 256 556 283 Et
567 255 601 282 ad
612 256 665 282 hac
675 254 730 289 quis
742 253 848 280 idoneus
858 253 870 279 ?
880 252 933 280 lloc
944 253 1015 280 enim

228 310 312 332 totum
328 305 424 332 (Zhristi
438 309 476 331 est
488 321 497 336 ,
514 302 599 337 inquit
617 310 623 327 :
638 300 703 328 nihil
717 304 758 328 est
771 299 841 334 quod
854 300 931 327 nobis
941 307 1017 326 arro-

226 359 329 387 gcmus.
355 350 448 377 Vidcn‘
470 347 605 384 quomodo
627 354 706 375 secus
719 354 798 382 quam
815 346 1016 381 pseudapostoli

227 399 347 433 loquatur
360 397 371 423 ἲ
387 396 491 423 Etenim
507 395 542 422 illi
557 394 750 429 gloriabantur,
769 392 879 428 perinde
893 401 924 420 ac
939 393 961 420 si
983 393 1016 420 ad

226 443 442 478 purificationem
455 440 555 475 aliquid
573 448 604 466 ex
619 447 648 467 se
659 439 805 471 aﬂ'erreut;
823 438 866 465 hic
881 442 970 466 autem
984 446 1017 465 eo

228 489 336 515 nomine
351 495 379 514 se
394 487 502 522 gloriari
516 487 554 513 ait
568 507 575 518 ,
593 485 663 521 quod
678 485 743 513 nihil
759 486 843 520 ipsius
856 485 890 511 sit
905 493 912 511 :
928 484 1017 511 Gloria

225 535 296 561 enim
311 538 397 560 nostra
413 534 467 560 Itale
482 538 518 559 es!
531 554 538 566 ,
555 533 639 567 inquit
651 553 657 564 ,
673 531 844 559 testimonium
857 531 1018 558 conscientia:

225 583 327 611 nostrw,
343 579 462 611 quoniam
478 586 528 605 non
541 578 568 604 in
581 578 706 612 sapientia
718 576 826 610 carnali,
839 576 882 603 sed
893 576 918 602 in
934 576 1017 611 gratia

227 625 272 651 Dei
287 625 426 659 contionati
440 632 527 651 sumus
544 624 569 650 in
592 623 686 650 mundo
700 623 743 658 (Ξ.
761 621 820 649 Cor.
847 622 870 650 l.
896 622 951 657 12).
976 621 1017 648 Oh

225 670 301 704 r‘njtts
313 670 351 697 rei
365 691 371 702 ,
389 670 439 697 hoc
452 674 493 697 est
505 675 624 696 externa:
638 668 778 703 sapientiae
794 688 800 699 ,
818 667 990 702 adeptionem
1007 687 1015 700 ,

225 715 390 750 gloriandum
404 715 454 742 sibi
470 715 506 742 illi
522 714 723 746 existimabant,
736 713 769 740 de
780 712 859 747 hujus
873 713 911 740 rei
927 712 1015 739 Subla-

227 763 299 789 tione
314 762 356 788 hic
369 762 499 797 gloriatur
515 769 521 788 ε
540 761 610 787 unde
622 761 702 787 etiam
719 760 769 787 hoc
787 759 847 787 loco
862 759 917 792 ait,
936 758 968 784 Et
982 758 1014 784 cui

227 810 279 834 lucc
293 808 348 842 quis
368 807 496 834 idoneus?
519 806 596 840 Quod
617 807 639 834 si
664 806 773 833 minime
790 805 878 832 idonei
903 812 994 831 sumus
1008 824 1015 834 ,

226 853 318 886 gratia:
335 852 456 887 profecto
472 852 497 879 id
513 857 553 879 est
574 851 644 886 quod
659 851 770 886 geritur.
798 852 841 878 17,
866 850 926 877 Non
950 850 1017 876 enim

227 907 312 924 sumus
326 899 390 924 sicut
403 898 492 933 reliqui
506 897 678 924 adulterantes
694 897 797 924 verbum
813 895 871 923 Dei.

261 945 284 971 5.
299 944 364 970 Nam
377 944 426 971 etsi
442 951 534 978 magna
548 943 668 977 qnzcdam
684 942 828 977 loquimur,
845 947 933 968 tamen
947 940 1012 968 nihil

228 995 318 1017 nostra
333 996 413 1024 opera
427 995 499 1016 recte
516 989 614 1016 factum
639 988 732 1021 fuisse,
748 987 795 1015 sed
815 987 903 1014 omnia
917 986 1016 1013 Christi

227 1044 286 1064 csso
302 1037 536 1071 diximuszucque
559 1036 631 1063 enim
655 1033 878 1069 pseudapostolos
901 1032 1016 1059 imitabi-

227 1091 295 1115 mur,
312 1083 356 1118 qni
371 1083 496 1118 pleraque
509 1089 555 1109 sua
569 1090 628 1109 esse
642 1081 743 1108 dicunt.
759 1081 814 1108 lloc
824 1080 894 1108 enim
906 1084 1017 1107 estcau-

227 1129 331 1165 ponari,
347 1137 406 1156 cum
420 1130 479 1164 quis
493 1129 582 1155 vinum
598 1128 746 1160 adulterat;
763 1135 822 1154 cum
838 1127 897 1162 quis
907 1126 1016 1161 pecunia

228 1176 252 1202 id
270 1175 370 1207 vendit,
387 1175 457 1210 quod
468 1176 550 1210 gratis
564 1175 627 1201 dare
645 1173 769 1201 debebat.
789 1173 842 1200 lloc
862 1173 933 1200 enim
958 1172 1017 1198 loco

227 1226 254 1248 et
269 1221 301 1247 dc
309 1227 412 1255 qumstu
427 1229 474 1248 eos
488 1220 670 1255 perstringere
687 1219 801 1252 videtur,
821 1224 848 1246 et
862 1226 966 1249 rursus,
991 1217 1017 1244 id

227 1268 297 1302 quod
313 1268 377 1299 dixi,
394 1267 574 1299 subindicare,
606 1274 702 1300 nempe
725 1265 794 1300 quod
811 1273 857 1292 sua
873 1264 909 1292 illi
921 1263 1018 1291 divinis

229 1314 405 1340 admisceant.
423 1313 479 1347 Qua
495 1313 529 1340 de
545 1321 574 1340 re
589 1312 670 1339 l~aias
683 1311 764 1339 etiam
779 1310 933 1342 accusabat,
948 1309 1017 1338 Cau-

227 1367 304 1394 porm
322 1359 358 1385 tui
373 1359 458 1385 vinum
473 1366 539 1394 aqua
553 1358 656 1385 misceat
684 1356 760 1392 (Irai.
780 1357 804 1385 1.
817 1357 875 1392 ‘22).
889 1356 953 1383 Nam
968 1356 1017 1383 etsi

227 1406 261 1432 de
274 1405 334 1432 vino
351 1404 402 1432 hoc
416 1404 517 1432 dictum
531 1409 582 1437 est,
598 1411 650 1430 non
666 1408 755 1430 tamen
770 1402 912 1435 aberrarit,
923 1402 969 1436 qui
984 1401 1018 1428 de

227 1451 346 1478 doctrina
361 1451 412 1478 hoc
427 1458 533 1486 quoque
544 1449 716 1478 intellexerit.
732 1450 767 1476 At
780 1456 833 1476 non
848 1455 907 1481 nos,
922 1447 1017 1483 inquit,

227 1497 259 1523 ad
275 1496 345 1523 hunc
363 1496 487 1528 modum;
503 1495 550 1523 sed
564 1495 652 1530 qualia
678 1499 777 1522 nostra:
799 1493 860 1521 fidei
874 1493 1018 1520 commissa

227 1547 300 1575 sunt,
315 1542 377 1568 talia
389 1549 495 1576 quoque
514 1549 544 1568 ea
561 1541 721 1576 przebentus,
743 1539 893 1567 doctrinam
915 1546 1017 1566 meram

188 1607 191 1610 .
230 1587 403 1622 propitiantes
414 1596 420 1613 :
433 1586 504 1614 unde
518 1585 666 1620 sulijunxit,
690 1585 744 1612 Sed
753 1593 785 1612 ea;
796 1585 938 1611 sinceritate
951 1589 1018 1610 tam-

226 1642 302 1668 quam
316 1642 348 1660 ea:
361 1633 427 1666 Deo,
441 1641 526 1660 coram
538 1631 592 1659 Deo
606 1632 633 1658 in
645 1631 745 1658 Christo
760 1631 895 1666 loquimur.
917 1629 974 1658 Non
990 1634 1019 1657 ut

227 1687 276 1708 vos
300 1679 464 1714 decipiemus
479 1678 514 1705 ita
537 1678 714 1713 prmdicamus
730 1696 738 1709 ,
764 1676 867 1711 inquit,
885 1681 1018 1710 tamquam

227 1726 303 1752 vobis
317 1725 496 1760 gratiﬁcantes
507 1746 513 1758 ,
528 1729 574 1751 aut
591 1729 723 1759 tamquam
737 1731 753 1750 a
778 1723 855 1750 nobis
866 1722 963 1757 aliquid
977 1720 1020 1748 af-

229 1773 347 1799 ferentes
366 1777 445 1807 atque
459 1771 639 1799 admiscentes
649 1792 656 1804 ,
675 1769 880 1804 scd,Tamquam
894 1778 925 1797 ea:
939 1769 994 1796 Dco
1008 1778 1018 1802 ;

229 1817 254 1844 id
269 1823 320 1850 est,
333 1825 385 1844 non
402 1817 516 1844 dicimus
530 1824 578 1843 nos
588 1816 688 1851 aliquid
703 1820 823 1843 nostrum
839 1815 955 1850 elargiri,
972 1815 1018 1842 sed

227 1865 311 1891 Deum
327 1865 415 1891 omnia
442 1863 548 1892 dedisse
561 1884 568 1896 ,
585 1863 636 1890 hoc
657 1863 728 1890 enim
754 1862 803 1890 sibi
820 1862 876 1888 vult
889 1861 964 1895 illtid,
980 1861 1021 1888 Ex

227 1910 280 1936 Deo
294 1918 303 1941 ;
318 1914 345 1937 ut
365 1917 418 1937 non
433 1909 578 1944 gloriemur
589 1909 664 1943 quasi
679 1908 781 1944 aliquid
799 1907 955 1940 habeamus,
972 1907 1019 1934 sed

228 1956 315 1982 omnia
331 1956 379 1990 ipsi
396 1956 552 1987 referentes,
568 1953 601 1981 In
613 1954 714 1992 Christo
727 1953 871 1988 loquimur;
892 1959 944 1979 non
969 1959 1019 1979 no-

228 2007 285 2030 stra
298 2003 439 2037 sapientia,
453 2002 499 2030 sed
526 2002 597 2029 illius
613 2001 728 2036 potentia
751 2000 842 2028 afﬂati.
861 1999 911 2033 Qui
930 2003 1020 2026 autem

227 2049 374 2084 gloriantur
385 2069 392 2080 ,
419 2056 471 2075 non
485 2048 517 2075 ad
531 2048 600 2075 hunc
622 2047 730 2075 modum
747 2054 775 2074 se
795 2050 890 2081 gerunt
903 2067 910 2078 ,
927 2053 1020 2073 verum

229 2095 340 2129 perinde
357 2101 389 2121 ac
401 2095 422 2121 si
440 2094 538 2129 aliquid
554 2102 567 2120 a
582 2093 678 2128 seipsis
703 2092 825 2119 ali'erant.
842 2091 918 2119 Unde
938 2091 1020 2118 etiam

230 2147 276 2167 eos
291 2140 343 2166 alio
354 2139 414 2167 loco
427 2139 469 2166 his
485 2139 573 2166 verbis
595 2138 729 2170 traducit,
748 2137 815 2169 Quid
838 2137 904 2163 eriim
920 2136 995 2163 habes
1012 2156 1019 2169 ,

230 2187 298 2220 quod
312 2195 361 2212 non
376 2186 523 2220 acceperis?
537 2185 568 2212 Si
581 2189 665 2210 autem
681 2183 811 2218 accepisti,
826 2183 887 2218 quid
901 2183 1020 2218 gloriaris

231 2233 302 2269 quasi
314 2241 363 2258 non
378 2233 506 2266 acceperis
520 2232 560 2266 (1.
575 2230 635 2257 Cor.
650 2230 677 2257 4.
691 2230 718 2264 7)
731 2230 742 2256 ?

271 2277 358 2304 Virtus
385 2278 496 2304 maxima
518 2277 603 2304 omnia
617 2276 669 2303 Deo
683 2276 835 2303 adscribere.
857 2274 906 2303 Dei
919 2276 1023 2302 oculum

228 2332 302 2350 neuio
318 2324 392 2358 fugit.
406 2337 442 2343 —
456 2323 518 2350 llzcc
540 2322 654 2350 maxima
667 2321 750 2349 virtus
775 2327 814 2348 est
830 2342 836 2354 ,
862 2321 950 2348 omnia
968 2321 1022 2348 Deo

230 2369 395 2402 adscribere,
413 2369 479 2396 nihil
501 2377 579 2396 suum
590 2376 649 2395 esse
660 2368 770 2401 dueere,
786 2367 852 2395 nihil
867 2367 958 2403 gloria:
970 2367 1020 2394 ltu-

231 2425 317 2443 manzc
331 2423 411 2444 causa
427 2415 525 2449 facere,
541 2415 586 2443 sed
601 2415 749 2442 secundum
765 2415 810 2443 Dei
827 2416 992 2444 voluntatem
1010 2425 1018 2442 :

229 2463 276 2490 hic
288 2463 358 2490 enim
373 2466 414 2490 est
430 2483 436 2494 ,
453 2462 497 2497 qui
510 2463 569 2489 vita:
583 2464 658 2489 'actte
683 2463 801 2490 rationes
816 2467 959 2490 exacturus
970 2467 1019 2490 cst.

229 2508 307 2537 Nunc
323 2515 386 2535 vero
397 2509 435 2535 rei
451 2508 516 2535 ordo
528 2508 650 2535 inversus
661 2513 702 2535 est
716 2518 722 2535 :
738 2513 816 2542 atque
826 2509 899 2535 illum
913 2508 1020 2542 quidem

228 2557 276 2590 qui
291 2563 339 2589 pro
353 2555 478 2582 tribunali
504 2562 627 2582 sessurus
640 2575 647 2588 ,
663 2562 694 2582 ac
708 2555 825 2582 rationes
859 2555 1020 2589 repetiturus

230 2606 284 2634 est,
299 2609 350 2629 non
365 2601 442 2628 valde
456 2601 599 2628 metuimus
612 2609 619 2632 ;
634 2608 680 2628 eos
691 2605 780 2628 autem
792 2622 799 2634 ,
819 2601 864 2636 qui
880 2600 1018 2627 nobiseum

233 2649 342 2676 stabunt
366 2656 397 2675 ac
417 2648 545 2682 judicium
574 2647 686 2674 subituri
709 2652 786 2680 sunt,
807 2647 1018 2681 expavescimus.

232 2693 309 2721 Unde
321 2694 398 2729 igitur
415 2693 456 2720 hic
467 2693 597 2720 morbus?
612 2693 681 2720 unde
695 2693 721 2719 in
734 2697 840 2720 nostras
855 2693 958 2719 animas
974 2691 1019 2718 in-

231 2740 322 2766 vasit?
336 2739 404 2767 Hinc
415 2739 550 2771 nimirum,
564 2739 633 2774 quod
649 2746 702 2765 non
715 2738 821 2765 assidue
836 2746 879 2765 res
893 2738 951 2765 illas
964 2737 1023 2764 aui-

232 2794 278 2814 mo
307 2785 476 2817 volutcmus,
497 2785 543 2812 sed
571 2784 748 2820 prmsentibus
776 2784 846 2811 affixi
869 2788 1018 2811 teneamur.

233 2833 300 2860 llinc
309 2832 348 2865 fit,
358 2835 419 2859 ntct
433 2831 458 2858 in
470 2831 596 2858 exitiosas
609 2831 729 2857 actiones
744 2829 819 2857 facile
836 2830 1021 2864 prolabaniur,

230 2885 257 2908 et
273 2882 294 2907 sl
305 2879 367 2915 quid
382 2877 445 2907 boni
459 2878 570 2914 agimus,
587 2876 771 2904 ostentationis
785 2883 862 2904 causa
880 2875 1019 2910 faciamus,

1813 151 1863 180 432

1073 212 1152 241 atque
1169 207 1194 233 id
1206 214 1310 242 quoque
1327 208 1351 234 in
1364 207 1556 235 detrimentum
1580 207 1656 235 nobis
1670 207 1757 235 cedat.
1774 207 1862 243 Siqui-

1071 251 1131 279 dem
1146 252 1211 279 vidit
1226 253 1338 280 fortasse
1353 254 1485 288 quispiam
1502 253 1642 288 impudicis
1665 254 1752 282 oculis
1766 256 1864 283 mulie-

1073 305 1140 330 rem,
1158 306 1206 325 nec
1222 298 1248 325 id
1264 304 1307 325 aut
1322 299 1418 326 mulier
1428 307 1488 334 qua:
1503 305 1647 334 conspecta
1658 305 1710 333 est,
1724 306 1769 327 aut
1786 301 1803 327 ii
1815 303 1860 336 qui

1072 352 1122 371 una
1145 345 1348 379 gradiebantur,
1363 351 1522 379 senserunt;
1540 355 1633 375 verum
1657 348 1764 375 oculum
1790 349 1863 376 illum

1072 391 1224 426 pervigilem
1240 392 1350 419 minime
1373 392 1449 428 fugit.
1464 393 1530 420 Nam
1543 394 1587 421 ille
1600 394 1673 428 prius
1687 395 1768 422 etiam
1783 403 1862 430 quam

1072 443 1211 471 peccatum
1237 438 1382 466 admissum
1408 444 1500 473 esset,
1517 440 1678 475 impudicam
1705 442 1822 468 animant
1838 446 1864 469 et

1072 481 1205 509 internum
1227 483 1345 511 furorem
1360 490 1386 511 et
1401 486 1577 520 cogitationes
1601 485 1628 513 in
1652 491 1812 520 tempestate
1834 494 1865 514 ac

1072 527 1186 560 procella
1215 536 1276 556 sese
1297 530 1489 557 convolventes
1517 532 1662 566 perspexit.
1679 531 1770 567 Neque
1791 533 1863 560 enim

1071 574 1183 600 testibus
1197 579 1223 602 et
1237 575 1399 610 conjecturis
1413 576 1457 604 ille
1472 584 1540 612 opus
1556 577 1646 611 habet,
1662 578 1704 605 cui
1714 579 1805 605 omnia
1819 586 1864 606 ex-

1071 619 1173 652 plorata
1190 625 1261 647 sunt.
1291 622 1421 654 Quocirca
1436 630 1468 649 ne
1480 623 1572 650 oculos
1584 623 1616 650 ad
1633 631 1780 651 conservos
1805 629 1864 652 tuos

1070 670 1232 692 canvcrtas:
1260 674 1320 693 nam
1344 667 1448 694 etiamsi
1470 667 1550 696 homo
1573 669 1674 702 laudet,
1690 669 1757 696 nihil
1774 674 1864 697 tamen

1071 709 1120 737 hoc
1131 711 1312 745 prodest,cnm
1323 712 1392 740 Deus
1404 721 1457 741 non
1464 714 1606 749 approbat;
1616 723 1665 743 nec
1672 716 1694 742 si
1703 715 1864 743 condemnet

1071 755 1160 790 homo,
1175 757 1318 792 quidquam
1328 758 1389 787 hinc
1403 760 1556 788 detrimenti
1571 761 1649 793 redit,
1659 769 1721 788 cum
1732 761 1801 789 Deus
1811 769 1863 789 non

1070 801 1238 830 condemnat.
1250 803 1344 832 Neliac
1357 813 1465 840 quoque
1480 806 1710 841 rationejndicem
1717 806 1749 834 ad
1758 807 1863 834 iracun-

1069 847 1139 875 diam
1146 849 1532 882 coucites,duniconsorvorum
1539 851 1646 886 quidem
1656 860 1777 888 magnam
1787 854 1863 880 ratio-

1070 895 1380 932 nemhabes,ipsoautem
1389 897 1605 933 indignante,nec
1612 903 1684 926 metu
1691 906 1740 926 nec
1749 904 1863 928 tremore

1070 941 1192 970 afficeris.
1208 944 1296 976 Quare
1309 943 1414 971 laudem
1423 951 1494 977 eam,
1508 951 1566 979 qua:
1577 944 1609 972 ab
1621 944 1774 972 hominibus
1783 946 1862 980 profi-

1070 989 1187 1021 ciscitur,
1199 995 1409 1018 contemnamus.
1421 991 1565 1026 Quousque
1575 991 1682 1018 tandem
1696 991 1764 1018 viles
1777 995 1804 1018 et
1818 991 1864 1018 ab-

1070 1033 1132 1067 iecti
1147 1035 1266 1062 erimus?
1281 1043 1420 1071 quousque
1433 1036 1486 1064 Deo
1502 1036 1536 1063 ad
1548 1037 1642 1064 cmlum
1659 1044 1708 1065 nos
1724 1037 1863 1065 attollcute

1071 1081 1121 1115 ipsi
1138 1081 1210 1108 humi
1224 1089 1334 1116 serpere
1345 1082 1538 1111 contendcmus
1553 1084 1565 1109 ’ἶ
1577 1083 1682 1111 Fratres
1697 1083 1808 1119 Josopbi
1821 1105 1828 1117 ,
1840 1085 1862 1112 si

1072 1127 1120 1154 Dei
1141 1127 1262 1154 timorem
1279 1132 1340 1155 ante
1363 1129 1457 1156 oculos
1480 1128 1645 1161 liabuiSSent,
1658 1134 1687 1156 ut
1702 1129 1800 1158 habere
1817 1137 1863 1165 par

1070 1177 1138 1206 erat,
1154 1181 1206 1201 non
1221 1179 1327 1208 captum
1340 1175 1366 1202 in
1383 1175 1528 1203 solitudine
1543 1176 1653 1203 fratrem
1665 1177 1864 1205 interemissent

1071 1220 1080 1255 (
1093 1219 1156 1246 Gen.
1171 1221 1205 1247 57
1219 1221 1239 1255 ).
1254 1219 1319 1248 Cain
1335 1228 1440 1254 rursus,
1452 1221 1476 1248 si
1490 1222 1650 1250 sententiam
1667 1223 1761 1258 ipsius,
1778 1228 1806 1250 ut
1816 1232 1862 1259 par

1073 1271 1141 1299 erat,
1154 1267 1332 1300 extimuisset,
1346 1275 1399 1294 non
1415 1267 1527 1296 dixisset
1539 1278 1546 1296 ς
1567 1268 1863 1304 Venictegrediamuriu

1071 1320 1160 1347 agrum
1174 1312 1249 1347 (Gen.
1261 1314 1289 1340 4.
1303 1313 1342 1348 8).
1354 1313 1422 1346 Quid
1433 1314 1516 1347 enim,
1530 1322 1546 1341 ο
1561 1315 1644 1342 miser
1654 1320 1681 1342 et
1695 1316 1862 1349 calamitose,

1071 1365 1085 1384 a
1101 1362 1176 1392 patre
1199 1358 1285 1393 ipsum
1309 1358 1437 1386 distrahis
1461 1361 1578 1395 atquein
1594 1368 1718 1395 campum
1731 1361 1862 1389 abducis?

1072 1411 1160 1431 annon
1182 1405 1252 1432 Deus
1273 1406 1353 1433 etiam
1370 1406 1395 1432 iu
1417 1413 1513 1442 canipo
1535 1406 1638 1435 facinus
1658 1412 1732 1435 tuum
1752 1408 1864 1436 cernit?

1072 1458 1161 1478 annon
1175 1450 1208 1478 ab
1223 1451 1254 1478 iis
1267 1472 1274 1485 ,
1299 1459 1358 1486 qua:
1387 1452 1457 1486 patri
1485 1457 1530 1480 tuo
1551 1453 1718 1486 acciderunt,
1734 1454 1861 1486 didicisti,

1072 1496 1142 1532 quod
1156 1497 1246 1523 omnia
1262 1497 1343 1530 norit,
1359 1502 1439 1532 atque
1451 1498 1574 1525 otnnibus
1586 1506 1645 1533 qua:
1656 1499 1723 1526 fiunt
1737 1499 1862 1527 intersit?

1072 1543 1141 1576 Quid
1155 1547 1244 1570 autem
1258 1550 1345 1570 causa:
1358 1549 1409 1577 est,
1427 1551 1476 1570 cur
1491 1551 1542 1571 non
1564 1543 1598 1571 ad
1617 1551 1678 1572 eum
1693 1545 1781 1572 scelus
1804 1546 1863 1572 infi—

1072 1590 1188 1617 ciantem
1201 1589 1237 1616 ita
1251 1589 1376 1624 loquutus
1389 1590 1434 1621 sit,
1447 1589 1523 1617 Mene
1534 1590 1616 1623 celas,
1633 1591 1676 1625 qui
1692 1591 1789 1626 ubique
1813 1591 1861 1618 ad-

1072 1643 1130 1662 sum
1144 1639 1171 1662 et
1183 1642 1280 1663 arcana
1296 1635 1357 1662 novi
1371 1635 1382 1662 ?
1396 1634 1463 1668 Quia
1479 1635 1598 1662 nondum
1614 1636 1658 1663 ille
1675 1635 1733 1663 lucc
1746 1641 1821 1664 recte
1831 1643 1864 1664 ac

1073 1681 1208 1716 sapienter
1228 1681 1367 1715 percipere
1393 1686 1508 1715 poterat.
1535 1681 1604 1715 Quid
1620 1686 1708 1709 autem
1722 1682 1781 1709 ait?
1810 1681 1864 1709 i'oz

1073 1727 1202 1763 sanguinis
1213 1729 1300 1762 fratris
1319 1727 1355 1754 tui
1369 1728 1461 1754 clamat
1476 1727 1510 1754 ad
1523 1736 1561 1755 me
1578 1727 1667 1763 (Ibid.
1683 1737 1705 1755 υ.
1723 1728 1773 1764 10)
1787 1737 1793 1761 ;
1811 1737 1863 1756 non

1073 1773 1143 1808 quod
1157 1773 1265 1807 sanguis
1291 1779 1384 1800 vocem
1397 1772 1504 1806 habeat,
1520 1773 1566 1800 sed
1582 1773 1677 1801 eodem
1703 1774 1794 1807 modo,
1811 1782 1864 1808 quo

1073 1819 1106 1845 dc
1128 1818 1276 1853 perspicuis
1286 1826 1318 1845 ac
1331 1818 1479 1846 manifestis
1496 1819 1588 1846 dicere
1601 1818 1730 1852 solemus,
1744 1819 1798 1846 Res
1811 1819 1864 1846 cla-

1073 1869 1137 1891 mat.
1164 1865 1203 1892 Ac
1213 1863 1326 1899 proinde
1347 1864 1393 1891 Dei
1418 1865 1580 1892 sententiam
1594 1864 1628 1892 ob
1645 1865 1738 1892 oculos
1759 1873 1864 1900 semper

1074 1910 1173 1937 habere
1187 1917 1256 1945 opus
1268 1915 1320 1943 est;
1330 1917 1445 1945 moxque
1458 1910 1546 1937 omnia
1556 1910 1623 1936 mala
1633 1911 1763 1938 exstincta
1774 1916 1862 1938 erunt.

1074 1955 1118 1982 Sic
1133 1955 1158 1983 in
1175 1955 1299 1989 precibus
1314 1962 1420 1990 quoque
1435 1955 1589 1990 vigilantem
1603 1956 1721 1983 animum
1735 1960 1863 1991 praestare

1075 2007 1225 2036 possumus,
1247 2001 1269 2027 si
1283 2008 1362 2036 quem
1385 2000 1553 2036 alloquamur
1575 2001 1741 2035 cogitemus,
1758 2001 1781 2028 si
1800 2001 1864 2028 illud

1075 2050 1239 2081 reputemus,
1267 2053 1316 2073 nos
1340 2045 1501 2073 sacriﬁcium
1517 2046 1626 2079 offerre,
1656 2047 1827 2082 gladiumque
1838 2048 1864 2074 in

1077 2091 1209 2123 manibus,
1224 2091 1312 2127 ignem
1328 2099 1360 2118 ac
1375 2091 1445 2126 ligna
1463 2091 1579 2125 habere;
1597 2092 1619 2119 si
1640 2093 1697 2119 ca-li
1713 2098 1804 2127 portas
1819 2101 1865 2128 per

1074 2138 1262 2172 cogitationem
1290 2145 1450 2169 rescremus.
1472 2138 1495 2165 si
1521 2138 1583 2166 illuc
1612 2139 1766 2174 migrcmns,
1790 2147 1865 2166 acce-

1075 2189 1204 2219 ptumque
1219 2184 1332 2219 Spiritus
1346 2184 1461 2219 gladium
1478 2185 1503 2212 in
1527 2185 1642 2212 victimm
1657 2185 1749 2220 jugulo
1764 2186 1865 2221 defiga-

1078 2238 1139 2258 mns
1151 2251 1158 2263 ,
1175 2230 1279 2265 ipsique
1306 2230 1470 2265 vigilantiam
1496 2231 1675 2262 immolemus,
1691 2239 1722 2258 ae
1736 2232 1867 2267 lacrymas

1074 2275 1251 2303 offendamus.
1265 2275 1313 2303 llic
1329 2276 1400 2303 enim
1416 2275 1494 2311 hujus
1504 2276 1618 2303 victimm
1630 2277 1738 2311 sanguis
1747 2281 1805 2304 est:
1822 2277 1865 2304 tali

1077 2322 1162 2350 altare
1177 2322 1242 2350 illud
1257 2322 1331 2350 ca‘de
1346 2323 1464 2357 tingitur.
1492 2321 1530 2350 Ne
1542 2323 1623 2357 igitur
1634 2322 1706 2349 sinas
1722 2323 1867 2358 quidquam

1076 2369 1252 2396 humanarum
1282 2368 1474 2404 cogitationum
1486 2368 1602 2396 animam
1617 2372 1689 2395 tuam
1707 2373 1762 2396 tum
1787 2375 1869 2396 occuo

1075 2422 1149 2449 pare.

1111 2461 1138 2488 4.
1150 2460 1250 2488 Snbeat
1259 2461 1285 2487 in
1295 2466 1425 2494 mentem,
1439 2460 1696 2494 Abrahamum,cum
1706 2462 1864 2490 sacrificium

1075 2506 1196 2538 offerret,
1211 2514 1264 2533 non
1289 2506 1380 2538 uxori,
1398 2514 1450 2534 non
1463 2514 1550 2539 servo,
1576 2515 1628 2534 non
1643 2507 1687 2534 alii
1701 2507 1825 2542 cuiquam
1840 2511 1867 2533 ut

1076 2552 1184 2579 adesset
1197 2551 1365 2586 permisise
1385 2551 1484 2579 Eodem
1496 2552 1576 2579 modo
1590 2557 1616 2580 tu
1625 2560 1732 2588 quoque
1744 2561 1780 2580 ne
1795 2554 1867 2581 sinas

1076 2603 1103 2625 ut
1118 2597 1222 2625 servilis
1237 2597 1305 2625 ullus
1325 2603 1350 2625 et
1371 2597 1508 2625 illiberalis
1527 2597 1640 2625 aﬂectus
1653 2598 1699 2625 tibi
1714 2598 1795 2629 adsit,
1820 2599 1866 2627 sed

1077 2643 1150 2671 solus
1163 2643 1189 2670 in
1200 2648 1321 2670 montem
1348 2643 1475 2676 ascende,
1490 2643 1522 2670 ad
1543 2651 1622 2678 quem
1638 2644 1683 2671 ille
1695 2644 1826 2678 ascendit,
1843 2650 1867 2671 et

1078 2689 1109 2716 ad
1123 2697 1202 2725 quem
1216 2690 1290 2717 nefas
1301 2694 1342 2717 est
1355 2690 1435 2717 alium
1447 2697 1608 2725 quemquam
1620 2690 1774 2719 ascendere.
1791 2689 1866 2723 Quod

1076 2735 1170 2770 siqua:
1187 2735 1339 2771 liujusmodi
1364 2736 1541 2771 cogitationes
1554 2743 1606 2763 una
1621 2735 1805 2763 conscendere
1819 2742 1866 2762 ro-

1077 2788 1186 2816 nentur,
1204 2784 1304 2817 impera
1320 2782 1359 2810 eis
1373 2790 1432 2810 cum
1446 2782 1617 2815 auctoritate,
1633 2790 1664 2809 ac
1674 2781 1718 2809 dic
1733 2790 1739 2810 :
1768 2780 1866 2809 Sedete

1076 2829 1128 2861 hic,
1141 2836 1190 2864 ego
1201 2833 1288 2855 autem
1301 2833 1327 2856 ct
1342 2829 1421 2862 filius,
1441 2834 1581 2864 postquam
1598 2828 1811 2861 adoravcrimus,
1825 2835 1865 2854 reo

1077 2875 1229 2910 \‘Crteniur(
1242 2874 1304 2902 Gen.
1321 2874 1364 2901 ‘29.
1383 2875 1400 2903 5
1413 2875 1438 2910 ):
1456 2879 1537 2911 atque
1559 2874 1631 2902 asina
1646 2881 1671 2903 et
1686 2874 1786 2909 pueris,
1801 2873 1863 2901 etsi
