2021 3117
155 156 206 183 431

156 213 189 242 'H
203 214 257 250 γὰρ
271 214 421 249 καύχησις
439 215 523 250 ἡμῶν
541 215 616 250 αὕτη
637 215 712 248 ἐστὶ,
731 217 763 243 τὸ
780 217 944 251 μαρτύριον

150 260 208 295 τῆς
237 261 454 294 συνειδήσεως,
481 261 525 287 ὅτι
549 263 603 288 οὐκ
627 262 661 288 ὲν
686 263 780 296 σοφίᾳ
801 261 942 296 σαρκικῇ,

150 307 222 334 ἀλλ’
233 307 268 333 ἐν
284 307 380 342 χάριτι
394 309 469 335 Θεοῦ
485 308 717 343 ἀνεστράφημεν
726 309 762 335 ἐκ
775 308 814 342 τῷ
829 309 942 343 κόσμῳ.

150 354 207 380 Καὶ
219 351 249 380 οὗ
264 353 313 389 τὴν
334 354 429 389 κτῆσιν
455 354 579 389 ἐνόμιζον
600 355 699 381 ἐκεῖνοι
714 353 782 381 εἶναι
802 355 941 390 καύχημα,

150 396 201 431 τῆς
218 397 313 431 σοφίας
329 398 401 432 λέγω
422 398 474 433 τῆς
490 398 600 431 ἔξωθεν,
616 396 692 430 οὗτος
714 399 763 434 τὴν
784 400 941 436 ἀναίρεσινο

151 441 191 467 διὸ
201 442 249 468 καὶ
262 442 380 469 ἐνταῦθά
393 451 469 478 φησι.
487 444 542 470 Καὶ
561 444 635 478 πρὸς
651 446 745 473 ταῦτα
759 446 805 478 τίς
819 445 942 478 ίκανός;

151 487 183 513 El
196 487 224 514 δὲ
241 487 279 522 μὴ
295 488 393 521 ἱκανοὶ,
408 488 519 523 χάριτος
539 488 568 515 τὸ
591 490 742 525 γινόμενον.
767 491 807 517 Οὐ
823 490 878 525 γάρ
891 490 943 517 ἐσ-

148 541 217 566 μεν,
229 531 331 568 ὥσπερ
341 534 368 559 οί
377 533 477 560 λοιποὶ
487 535 710 569 καπηλεύοντες
722 535 775 563 τὸν
784 536 877 571 λόγον
890 535 942 562 τοῦ

153 578 237 605 θεοῦ.

188 670 221 701 γ’.
232 667 264 694 Εἰ
278 668 332 703 γὰρ
347 669 394 695 καὶ
408 670 514 704 μεγάλα
529 670 715 707 φθεγγόμεθα,
725 672 943 708 ἀλλ¹οῦδὲνήμέα

150 720 230 748 ⁸τερον
250 713 354 749 ἔφαμεν
369 713 438 742 εἶναι
463 716 638 753 κατόρθωμα,
654 717 721 744 ἀλλὰ
735 718 769 744 τὰ
790 718 877 745 πάντα
893 717 941 745 τοῦ

151 759 288 794 Χριστοῦ·
312 762 372 787 οὐδὲ
395 762 449 798 γὰρ
475 763 653 799 μιμησόμεθα
673 764 736 796 τοὺς
757 764 942 799 ψευδαποστό-

151 804 224 838 λους,
249 807 311 838 τοὺς
333 807 366 834 τὰ
386 809 470 835 πολλά
490 809 579 836 αὐτῶν
601 807 671 837 εἶναι
695 810 831 844 λέγοντας.
858 810 941 836 Τοῦτο

151 851 204 887 γάρ
217 853 274 879 ἐστι
288 854 469 889 καπηλεῦσαι,
481 856 544 882 ὅταν
559 865 600 888 τις
612 856 709 894 νοθεύῃ
723 857 767 884 τὸν
780 855 861 887 οἶνον,
877 857 941 884 ὅταν

151 905 193 928 τις
206 898 355 933 χρημάτων
371 900 461 935 πωλῇ,
482 901 551 936 ὅπερ
567 901 671 936 δωρεὰν
688 902 741 928 ἔδει
757 902 860 929 δοῦναι.
883 903 942 928 Ἐν-

150 943 236 969 ταῦθα
251 945 305 979 γὰρ
317 945 363 971 καὶ
379 947 418 977 είς
431 947 560 982 χρήματα
572 948 670 979 αὐτοὺς
686 949 823 975 σκώπτειν
841 957 886 984 μοι
899 948 941 975 δο-

150 989 203 1020 κεῖ,
231 990 276 1015 καὶ
292 990 360 1025 ὅπερ
377 988 453 1018 εἷπον
474 993 640 1020 αἰνίττεσθαι
667 993 758 1027 πάλιν,
771 990 837 1026 οἷον,
850 994 890 1020 ὅτι
907 994 941 1021 τὰ

149 1034 241 1061 αὐτῶν
258 1035 455 1071 ἀναμιγνύουσι
468 1039 525 1069 τοῖς
540 1038 622 1071 θείοις
641 1047 649 1056 ·
666 1040 734 1075 ὅπερ
761 1040 808 1066 καὶ
824 1039 941 1071 Ἡσαΐας

150 1080 273 1114 ἐγκαλῶν
286 1081 389 1117 ἔλεγεν,
407 1085 438 1110 Ol
451 1083 583 1118 κάπηλοι
595 1093 654 1112 σου
669 1086 816 1120 μί’σγηουσι
831 1086 886 1113 τὸν
900 1084 940 1113 οῖ-

149 1133 204 1152 νον
216 1126 310 1153 ὕδατι.
327 1128 357 1154 Εἰ
370 1129 424 1165 γὰρ
437 1129 483 1156 καὶ
500 1130 565 1165 περὶ
581 1131 651 1157 οῐνου
667 1131 746 1158 τοῦτο
759 1131 876 1167 εἴρηται,
891 1132 940 1158 οὐκ

150 1171 181 1198 ἄν
201 1180 242 1203 τις
259 1173 376 1209 ἁμάρτοι
395 1175 441 1201 καὶ
464 1176 504 1207 είς
521 1176 696 1203 διδασκαλίαν
714 1177 780 1204 αὐτὸ
798 1177 939 1212 ἐκλαμϐά·

150 1226 212 1244 νων.
241 1217 310 1245 Ἀλλ’
330 1219 378 1254 οὐχ
393 1220 484 1255 ἡμεῖς,
505 1221 598 1256 φησὶν,
624 1221 725 1254 οὕτως·
747 1222 805 1249 ἀλλ’
819 1220 863 1250 οἷα
882 1224 941 1249 επι-

151 1263 313 1299 στεύθημεν,
333 1265 446 1292 τοιαῦτα
471 1267 637 1302 παρέχομεν,
654 1268 774 1303 ἄκρατον
793 1269 940 1303 κιρνῶντες

151 1309 280 1345 τὸνλόγον
292 1320 299 1327 ·
313 1311 353 1338 διὸ
363 1312 502 1347 ἐπήγαγεν
515 1322 522 1329 ·
545 1314 625 1341 Ἀλλ’
640 1315 680 1347 ὡς
692 1315 726 1346 ἐξ
740 1315 938 1349 είλικρινείας,

150 1355 218 1382 ἀλλ’
232 1355 273 1389 ὡς
281 1356 316 1383 ἐκ
330 1357 414 1391 Θεοῦ,
426 1359 611 1386 κατενώπιον
625 1360 678 1387 τοῦ
694 1360 767 1388 Θεοῦ
778 1361 815 1388 ἐν
824 1362 941 1395 Χριστῷ

151 1402 314 1436 λαλοῦμεν.
330 1404 386 1430 οὐκ
408 1404 566 1437 ἀπατῶντες
585 1406 668 1441 ὑμᾶς,
688 1406 782 1442 φησὶν,
800 1407 870 1434 οὕτω
892 1416 941 1442 κη-

152 1445 296 1481 ρύττομεν,
312 1445 367 1474 οἷον
381 1448 418 1480 ὼς
434 1450 608 1485 χαριζόμενοι
632 1452 706 1486 ὑμῖν,
720 1451 736 1486 ἦ
755 1452 820 1488 παρ’
837 1453 941 1480 ἑαυτῶν

151 1499 175 1517 τι
190 1493 363 1527 εἰσφέροντες
377 1493 453 1530 [469]
477 1495 523 1522 καὶ
546 1496 754 1531 ἀναμιγνύντες,
771 1497 828 1524 ἀλλ’
848 1497 894 1530 Ὧς
906 1497 941 1524 ἐκ

152 1537 226 1564 Θεοῦ
239 1545 245 1551 ·
264 1539 415 1573 τουτέστιν,
428 1541 466 1567 Οὐ
489 1541 604 1576 λέγομεν
622 1542 662 1568 ὄτι
675 1542 779 1569 οἴκοθέν
792 1552 819 1570 τι
833 1543 942 1578 χαριζό-

153 1583 231 1618 μεθα,
247 1584 304 1611 ἀλλ’
318 1585 360 1612 ὄτι
380 1585 468 1613 πάντα
481 1587 495 1613 6
514 1587 579 1620 Θεὸς
599 1588 682 1615 ἔδωκε
699 1596 706 1604 ⁸
721 1588 800 1616 τοῦτο
815 1589 869 1624 γάρ
884 1591 941 1616 εστι

150 1629 191 1662 τὸ,
213 1630 261 1656 Ἐκ
274 1631 348 1658 Θεοῦ
363 1640 370 1646 ·
386 1632 417 1658 τὸ
432 1632 513 1667 μηδὲν
528 1634 680 1668 καυχᾶσθαι
695 1633 732 1666 ὡς
745 1634 808 1661 εδιον
819 1635 940 1669 ἔχοντας,

151 1675 219 1702 ἀλλὰ
237 1676 327 1703 πάντα
345 1678 385 1709 εἰς
401 1678 482 1705 αὑτὸν
505 1679 662 1715 ἀναφέρειν.
688 1681 739 1707 Ἐν
753 1680 870 1715 Χριστῷ
889 1683 942 1708 ,ία-

151 1720 280 1755 λοῦμεν·
295 1723 372 1749 οὐδὲν
385 1725 417 1759 τῇ
429 1724 552 1761 ἡμετέρᾳ
566 1726 657 1761 σοφίᾳ,
670 1725 737 1753 ἀλλὰ
745 1728 778 1762 τῇ
793 1728 858 1762 παρ’
869 1727 941 1753 ὲκεί-

152 1775 198 1793 νου
226 1767 340 1803 δυνάμει
364 1769 549 1805 ἐνηχούμενοι.
580 1772 612 1798 Οἱ
639 1771 668 1798 δὲ
691 1771 873 1807 καυχώμενοι,
893 1773 942 1808 οὐχ

153 1812 250 1846 οὕτως,
264 1813 322 1840 ἀλλ’
335 1813 372 1846 ὼς
391 1816 456 1850 παρ’
471 1816 575 1843 ἑαυτῶν
590 1825 616 1843 τι
635 1817 818 1852 εἰσφέροντες.
835 1817 880 1844 Διὸ
896 1819 943 1845 καὶ

152 1858 269 1895 ἀλλαχοῦ
284 1861 382 1892 αὐτοὺς
397 1861 524 1896 κωμῳδεῖ
539 1862 634 1896 λέγων,
651 1863 682 1889 Τί
691 1863 746 1897 γὰρ
756 1863 845 1897 ἔχεις,
859 1863 875 1890 ὃ
887 1865 943 1891 οὐκ

152 1905 276 1939 ἔλαϐεςῖ
290 1906 325 1933 Et
348 1906 383 1933 δὲ
399 1907 449 1934 καὶ
467 1908 584 1941 ἔλαϐες,
609 1909 639 1935 τί
656 1909 818 1944 καυχᾶσαι,
841 1910 882 1943 ὼς
899 1910 942 1945 μὴ

153 1951 269 1984 λαϐὡν;
422 1953 424 1956 ’

189 2041 263 2078 Δῦτη
283 2043 399 2079 μεγίστη
416 2043 511 2080 ἀρετὴ,
530 2044 560 2071 τὸ
583 2044 672 2071 πάντα
684 2043 722 2080 τῷ
741 2044 801 2081 Θεῷ
817 2044 943 2072 ἀνατιθέο

154 2096 208 2121 ναι,
224 2089 256 2115 τὸ
275 2089 358 2125 μηδὲν
373 2090 472 2117 οἰκεῖον
485 2088 555 2117 εἶναι
576 2091 707 2126 νομίζειν,
727 2091 757 2118 τὸ
776 2091 860 2126 μηδὲν
875 2091 942 2125 πρὸς

154 2133 305 2169 ἀνθρώπων
327 2135 405 2168 δόξαν
425 2137 522 2166 ποιεῖν.
543 2136 612 2162 ἀλλὰ
635 2136 703 2172 πρὸς
718 2136 748 2163 τὸ
767 2136 806 2171 τῷ
825 2137 883 2172 Θεῷ
905 2137 944 2163 δο-

154 2177 218 2206 κοῦν
228 2187 234 2193 ·
253 2176 329 2211 οὗτος
344 2180 398 2215 γάρ
418 2180 492 2207 ἐστιν
510 2181 524 2207 ὁ
537 2179 586 2212 τὰς
600 2181 714 2213 εὐθύνας
730 2182 863 2210 ἀπαιτῶν.
886 2183 944 2210 Νῦν

153 2224 181 2251 δὲ
194 2226 210 2260 ἡ
226 2225 304 2259 τάξις
313 2226 515 2262 ἀντέστραπται
525 2235 531 2241 ·
545 2227 592 2254 καὶ¹
605 2227 650 2254 τὸν
665 2228 714 2263 μὲν
724 2228 771 2254 ἐπὶ
787 2229 834 2255 τοῦ
849 2229 942 2265 βήμα-

153 2279 198 2302 τος
213 2271 406 2306 καθιούμενον,
431 2273 478 2299 καὶ
500 2273 548 2304 τὰς
568 2273 682 2305 εὐθύνας
706 2274 894 2309 ἀπαιτήσοντα
912 2275 942 2302 οὐ

155 2316 257 2352 σφόδρα
273 2317 443 2354 δεδοίκαμεν,
462 2318 526 2350 τοὺς
542 2318 570 2345 δὲ
588 2319 648 2354 μεθ’
667 2319 745 2355 ἡμῶν
761 2320 881 2352 ἑστῶτας
897 2321 944 2347 καὶ

154 2364 331 2398 κρινομένους
353 2364 511 2400 φρίττομεν.
538 2364 623 2391 Πόθεν
650 2363 696 2392 οὖν
711 2366 728 2400 ἡ
751 2365 829 2398 νόσος
854 2366 943 2401 αὖτης

155 2410 236 2436 πόθεν
253 2410 352 2442 εἰςτὰς
368 2411 507 2446 ἡμετέρας
524 2411 681 2447 κατέσκηψε
696 2411 801 2446 ψυχάς;
820 2413 888 2439 Ἀπὸ
896 2412 943 2439 τοῦ

158 2456 194 2492 μὴ
208 2456 340 2491 διηνεκῶς
356 2458 390 2484 τὰ
405 2457 463 2484 ἐκεῖ
480 2457 644 2492 λογίζεσθαι,
668 2457 735 2484 ἀλλὰ.
754 2460 810 2490 τοῖς
827 2460 944 2494 παροῦσι

156 2501 360 2537 προσηλῶσθαι.
384 2501 523 2530 Ἐντεῦθεν
540 2504 586 2529 καὶ
601 2504 630 2529 ἐν
647 2504 706 2535 ταῖς
725 2506 857 2540 πονηραῖς
872 2505 944 2540 πρά-

156 2547 212 2580 ξεσι
229 2548 349 2579 εὐκόλως
374 2548 511 2583 πίπτομεν
531 2558 538 2565 ·
557 2549 609 2577 κᾶν
625 2549 726 2583 ἀγαθόν
743 2559 769 2576 τι
785 2551 943 2586 πράξωμεν,

155 2594 223 2629 πρὸς
236 2594 367 2626 ἐπίδειξιν
383 2595 522 2630 ποιοῦμεν,
542 2596 612 2623 ὥστε
630 2595 776 2623 κάντεῦθεν
795 2598 861 2632 ἡμῖν
875 2597 946 2631 γίνε-

158 2640 217 2668 σθαι
229 2641 278 2677 τὴν
293 2641 406 2676 ζημίαν.
422 2639 484 2668 Εἷδε
494 2641 559 2676 γοῦν
569 2650 610 2674 τις
622 2642 783 2674 ἀκολάστοις
796 2642 945 2678 ὀφθαλμοῖς

155 2695 215 2714 τινα
230 2687 374 2720 πολλάκις,
392 2688 439 2714 καὶ
459 2687 538 2714 ἔλαθε
553 2688 599 2714 καὶ
617 2687 666 2723 τὴν
684 2687 812 2723 ὀφθεῖσαν
827 2689 945 2721 καὶτοὺς

156 2733 372 2769 συμϐαδίζοντας
393 2742 400 2748 ·
430 2733 497 2761 ἀλλὰ
523 2734 568 2760 τὸν
595 2734 744 2769 ἀκοίμητον
773 2734 822 2761 οὐκ
851 2734 945 2761 ἔλαθεν

155 2779 305 2814 ὀφθαλμόν.
328 2779 448 2811 Ἐκεῖνος
470 2780 525 2815 γὰρ
543 2780 590 2806 καὶ
612 2781 676 2816 πρὶν
698 2781 714 2816 ἢ
741 2781 789 2816 τὴν
810 2781 946 2817 ἁμαρτίαν

155 2825 328 2861 ἐργάσασθαι
343 2847 350 2858 ,
369 2824 423 2852 εἶδε
435 2827 485 2862 τὴν
498 2826 588 2862 ψυχὴν
605 2827 652 2862 τὴν
665 2827 824 2860 ἀκόλαστον,
838 2828 885 2854 καὶ
898 2828 945 2863 τὴν

157 2871 256 2908 μανίαν
271 2871 322 2906 τὴν
338 2870 421 2905 ἔνδον,
439 2872 484 2898 καὶ
502 2872 565 2903 τοὺς
585 2872 731 2908 λογισμοὺς
753 2875 816 2905 τοὺς
837 2882 944 2910 στρεφο-

683 156 717 184 ΙΝ
733 156 843 185 EPIST.
863 156 883 183 Il
906 153 950 183 AD
972 155 1051 185 (ΞΟΠ.
1072 159 1191 188 HOMIL.
1208 161 1238 189 V.

1731 162 1784 190 ιελ

1000 217 1096 252 μένους
1109 218 1138 245 ὲν
1154 218 1223 255 ζάλῃ
1235 219 1281 247 καὶ
1300 220 1423 247 κλύδωνι.
1439 221 1506 248 Οὑδέ
1517 221 1570 256 γὰρ
1582 220 1666 247 δεῖται
1682 219 1784 255 μαρτύ-

998 271 1053 297 ρων
1068 264 1115 290 καὶ
1127 265 1286 301 τεκμηρίων
1305 267 1319 292 6
1335 266 1425 293 πάντα
1439 265 1528 298 εἰδώς.
1543 267 1587 302 Μὴ
1603 266 1692 292 τοίνυν
1716 265 1785 299 πρὸς

997 309 1059 339 τοὺς
1075 310 1233 342 συνδούλους
1247 311 1297 346 ὅρα
1307 320 1314 327 '
1340 311 1391 339 κᾶν
1409 312 1463 347 γὰρ
1478 312 1610 348 ἐπαινέσῃ
1630 311 1782 346 ἄνθρωπος.

996 352 1072 380 οὐδὲν
1084 353 1190 388 ὄφελος,
1204 355 1268 382 ὅταν
1281 357 1295 383 6
1308 357 1374 388 Θεὸς
1391 357 1428 393 μὴ
1444 357 1606 393 ἀποδέξηται
1617 364 1622 370 ·
1639 357 1689 383 κᾶν
1700 364 1783 382 κατα·

996 399 1053 434 γνῷ
1067 399 1218 435 ἄνθρωπος,
1235 402 1310 428 οὐδὲν
1330 403 1437 438 βλάϐος,
1458 403 1521 430 ὅταν
1537 404 1550 429 ὁ
1563 403 1629 434 Θεὸς
1645 402 1681 437 μὴ
1701 409 1780 428 κατα·

998 445 1066 481 γνῷ.
1083 447 1129 482 Μὴ
1150 447 1182 483 δὴ
1198 447 1282 484 ταύτῃ
1298 448 1433 484 παρόξυνε
1450 449 1495 476 τὸν
1509 449 1647 484 δικαστὴν,
1660 448 1713 474 τῶν
1733 447 1783 483 μὲν

997 491 1146 518 συνδούλων
1159 492 1243 519 πολὺν
1260 493 1420 528 ποιούμενος
1438 494 1526 528 λόγον,
1543 494 1626 521 αὑτοῦ
1640 494 1667 520 δὲ
1682 494 1784 527 ἀγανα-

998 536 1127 568 κτοῦντος
1138 538 1168 563 οὐ
1180 537 1304 570 δεδοικὼς
1325 539 1370 564 καὶ
1391 539 1510 574 τρέμων.
1528 539 1784 575 Καταφρονὴσωμεν

996 583 1085 609 τοίνυν
1099 583 1147 610 τοῦ
1165 585 1230 619 παρ’
1243 585 1395 620 ἀνθρώπων
1414 585 1536 612 ἐπαίνου.
1557 586 1645 621 Μέχρι
1661 586 1725 612 πότε
1740 587 1786 611 εῦ-

995 628 1083 660 τελείς
1101 630 1148 656 καὶ
1162 629 1343 666 χαμαίζηλοι;
1367 631 1447 667 μέχρι
1467 632 1543 663 πότε,
1561 632 1608 658 τοῦ
1632 632 1698 658 Θεοῦ
1717 633 1784 668 πρὸς

995 674 1041 702 τὸν
1057 675 1170 710 οὐρανὸν
1188 677 1261 711 ἡμᾶς
1285 676 1418 712 αἴροντος,
1447 678 1524 704 αὑτοὶ
1548 677 1635 713 χαμαὶ
1655 678 1784 714 σύρεσθαι

995 721 1221 757 ἑσπουδάκαμεν;
1245 723 1275 748 Οί
1296 723 1344 749 τοῦ
1369 722 1467 758 Ἰωσὴφ
1488 722 1607 757 ἀδελφοὶ,
1630 724 1658 748 εἰ,
1672 723 1718 749 τὸν
1737 723 1783 750 τοῦ

995 765 1062 792 Θεοῦ
1075 767 1155 801 φοϐον
1169 768 1222 802 πρὸ
1241 767 1387 803 ὀφθαλμῶν
1411 766 1493 804 εἶχον,
1514 768 1551 800 ὡς
1575 768 1646 804 ἔχειν
1665 769 1714 800 δεῖ,
1735 769 1784 795 οὐκ

995 811 1028 837 ἂν
1043 811 1086 837 ἐπ’
1100 812 1218 847 ἐρημίας
1230 813 1276 840 τὸν
1294 814 1407 848 ἀδελφὸν
1425 813 1552 846 λαϐόντες
1564 814 1736 841 ἀπέκτειναν.
1756 814 1784 840 ’0

995 856 1065 883 Κάῖν
1080 857 1161 884 πάλιν
1178 859 1202 884 εἰ
1227 858 1279 893 τὴν
1298 859 1387 894 ψῆφον
1413 860 1517 887 ἐκείνου
1536 860 1672 889 ἐδεδοίκει.
1691 860 1728 891 ὡς
1742 859 1785 886 δε-

995 902 1112 929 δοικέναι
1127 903 1190 936 ἔδει,
1213 905 1262 930 οὐκ
1282 904 1315 930 ἂν
1337 903 1408 936 ε’ίπε,
1430 905 1530 939 Δεῦρο,
1547 906 1596 932 καὶ
1618 905 1785 940 ἐξέλθωμεν

994 949 1038 980 εις
1053 949 1086 974 τὸ
1104 949 1220 976 πεδίον.
1237 950 1270 976 Τί
1283 949 1347 985 γὰρ,
1365 946 1387 976 ὦ
1403 950 1473 976 δειλὲ
1488 951 1535 976 καὶ
1547 950 1716 986 ταλαίπωρε,
1731 959 1784 985 χω-

996 994 1081 1030 ρίζεις
1099 995 1180 1022 αὑτὸν
1196 995 1243 1022 τοῦ
1260 996 1454 1031 γεγεννηκότος
1471 996 1517 1023 καὶ
1538 997 1578 1028 είς
1602 996 1719 1031 ἐρημίαν
1738 995 1783 1027 ἐξ·

995 1040 1091 1074 άγεις;
1114 1040 1151 1075 μὴ
1176 1040 1230 1076 γὰρ
1247 1041 1261 1067 6
1279 1040 1345 1072 Θεὸς
1359 1041 1408 1076 οὐχ
1422 1042 1473 1077 ὁρᾷ
1488 1043 1534 1068 καὶ
1553 1042 1582 1068 ὲν
1597 1041 1636 1076 τῷ
1656 1040 1738 1075 πεδίῳ
1753 1040 1783 1066 τὸ

994 1085 1140 1121 τόλμημα;
1163 1086 1217 1113 ἀπὸ
1243 1086 1296 1113 τῶν
1318 1087 1358 1122 τῷ
1378 1086 1463 1121 πατρί
1489 1094 1535 1112 σου
1571 1086 1783 1121 συμϐεϐηκότων

994 1132 1043 1158 οὐκ
1059 1132 1232 1168 ἐπαιδεύθης,
1256 1133 1296 1159 ὅτι
1325 1133 1414 1159 πάντα
1432 1131 1498 1164 οἵδε,
1517 1132 1564 1158 καὶ
1585 1133 1651 1157 πᾶσι
1668 1133 1782 1166 πάρεστι

993 1179 1049 1210 τοῖς
1068 1179 1236 1213 γινομένοις;
1264 1179 1319 1206 Καὶ
1341 1179 1414 1210 τίνος
1437 1178 1530 1205 ἕνεκεν
1556 1178 1606 1204 οὐκ
1623 1175 1682 1203 εἷπε
1705 1175 1783 1202 τοῦτο

995 1223 1063 1259 πρὸς
1081 1224 1162 1251 αὑτὸν
1183 1225 1196 1250 6
1221 1224 1286 1256 Θεὸς
1307 1224 1481 1259 ἀρνούμενον·
1501 1223 1566 1258 Ἐμὲ
1590 1222 1720 1258 κρύπτεις
1737 1221 1783 1247 τὸν

995 1269 1132 1304 πανταχοῦ
1149 1269 1280 1305 παρόντα,
1301 1269 1348 1296 κα)⁵
1370 1269 1404 1296 τὰ
1423 1269 1567 1305 ἀπόρρητα
1585 1267 1781 1302 ὲπιστάμενον;

996 1314 1056 1341 ’Ότι
1080 1313 1155 1341 οὔπω
1177 1314 1264 1341 ταῦτα
1298 1315 1452 1349 φιλοσοφεῖν
1476 1314 1579 1346 ἐκεῖνος
1598 1313 1654 1348 ᾔδει
1680 1312 1780 1343 καλῶς.

1000 1360 1081 1388 Ἀλλὰ
1093 1360 1120 1387 τί
1135 1369 1218 1396 φησι;
1238 1360 1324 1395 Φωνὴ
1349 1361 1474 1395 αἵματος
1499 1359 1553 1387 τοῦ
1577 1358 1711 1393 ἀδελφοῦ
1725 1365 1783 1385 σου

992 1405 1053 1439 ,ϐοᾷ
1075 1406 1150 1440 πρός
1169 1414 1223 1441 με·
1252 1406 1301 1441 οὐχ
1324 1405 1362 1438 ὡς
1383 1405 1431 1432 τοῦ
1455 1405 1569 1441 αἵματος
1592 1403 1666 1440 [470]
1692 1403 1784 1438 φωνὴν

995 1452 1110 1488 ἔχοντος,
1126 1452 1183 1479 ἀλλ’
1196 1453 1263 1488 ὅπερ
1277 1453 1356 1488 ἡμεῖς
1368 1452 1493 1488 λέγομεν,
1507 1451 1586 1478 ὅτιτὸ
1595 1451 1710 1485 πρᾶγμα
1724 1449 1782 1484 βοᾷ,

995 1499 1041 1525 επὶ
1053 1498 1106 1526 τῶν
1127 1499 1214 1534 δήλων
1236 1498 1282 1525 καὶ
1306 1498 1410 1532 σαφῶν.
1435 1498 1480 1524 Διὸ
1506 1496 1538 1533 δὴ
1559 1497 1608 1531 τὴν
1629 1496 1719 1530 ψῆφον
1736 1495 1782 1521 τοῦ

995 1543 1062 1571 Θεοῦ
1078 1543 1131 1580 πρὸ
1142 1543 1290 1579 ὀφθαλμῶν
1301 1542 1372 1578 ἔχειν
1387 1542 1442 1573 δεῖ.
1465 1542 1512 1568 καὶ
1530 1541 1620 1568 πάντα
1643 1540 1783 1566 σϐέννυται

995 1590 1028 1617 τὰ
1046 1590 1130 1617 δεινά.
1152 1589 1230 1616 υῦτω
1246 1588 1292 1616 καὶ
1311 1589 1340 1615 ὲν
1356 1589 1449 1623 εὐχαῖς
1472 1588 1567 1623 νήφειν
1583 1585 1732 1621 δυνάμεθα,
1751 1585 1784 1611 ἂν

996 1636 1166 1670 ἔννοήσωμεν
1181 1634 1234 1662 τίνι
1266 1633 1446 1668 διαλεγόμεθα
1461 1653 1468 1666 ,
1499 1632 1533 1659 ἂν
1561 1629 1785 1665 ἀναλογισώμεθα

995 1681 1036 1707 ὃτι
1078 1680 1172 1706 θυσίαν
1214 1679 1388 1715 προσάγομεν
1409 1699 1416 1711 ,
1447 1677 1494 1704 καὶ
1532 1677 1668 1712 μάχαιραν
1715 1674 1784 1710 μετὰ

996 1728 1090 1762 χεῖρας
1122 1726 1230 1761 ἔχομεν,
1247 1725 1294 1752 καὶ
1323 1724 1379 1760 πῦρ
1407 1724 1454 1752 καλ⁸
1481 1723 1568 1757 ξύλα,
1597 1722 1630 1750 ἂν
1649 1721 1786 1749 ἀναπετά-

997 1780 1087 1807 σωμεν
1119 1771 1165 1798 τοῦ
1193 1770 1310 1805 οὐρανοῦ
1337 1770 1385 1801 τὰς
1410 1769 1497 1800 πύλας
1517 1767 1556 1803 τῷ
1587 1765 1724 1802 λογισμῷ,
1752 1765 1785 1791 ἂν

999 1817 1177 1853 μεταστῶμεν
1212 1817 1270 1843 ἐκεῖ
1287 1835 1294 1848 ,
1323 1815 1371 1842 καὶ
1399 1814 1526 1846 λαϐόντες
1564 1813 1614 1849 τὴν
1648 1812 1786 1847 μάχαιραν

996 1864 1043 1890 τοῦ
1069 1863 1227 1898 Πνεύματος
1257 1861 1424 1897 ὲμπήξωμεν
1456 1861 1495 1892 είς
1525 1858 1570 1886 τὸν
1603 1857 1650 1885 τοῦ
1685 1856 1785 1892 ἱερείου

997 1909 1095 1945 λαιμὸν
1114 1930 1121 1942 ,
1157 1909 1204 1936 καὶ
1219 1907 1418 1942 καταθύσωμεν
1445 1905 1519 1940 αὐτῷ
1541 1904 1622 1939 νῆψιν
1638 1923 1646 1936 ,
1673 1903 1719 1929 καὶ
1735 1903 1786 1945 ,ὲκ-

998 1955 1105 1991 χέωμεν
1138 1954 1213 1989 αὺτῷ
1241 1953 1357 1988 δάκρυα.
1400 1951 1527 1978 Τοιοῦτον
1557 1949 1611 1985 γὰρ
1646 1948 1677 1975 τὸ
1714 1944 1785 1982 αἷμα

998 2000 1046 2028 τοῦ
1081 1999 1178 2036 ἱερείου
1216 1998 1311 2025 τούτου
1337 2006 1344 2014 ·
1381 1997 1492 2032 τοιαύτῃ
1529 1996 1560 2022 τὸ
1595 1994 1787 2029 θυσιαστήριον

998 2048 1086 2074 έκεῖνο
1116 2045 1283 2081 φοινίσσεται
1322 2045 1425 2079 σφαγῇ.
1464 2042 1555 2078 Μηδὲν
1593 2041 1682 2067 τοίνυν
1713 2040 1786 2074 ἀφῇς

998 2094 1053 2121 τῶν
1071 2092 1248 2129 ἀνθρωπίνων
1273 2090 1411 2126 λογισμῶν
1430 2089 1556 2124 κατέχειν
1573 2095 1618 2114 σου
1631 2086 1680 2122 τὴν
1695 2085 1785 2122 ψυχὴν

997 2140 1067 2167 τότε.

1034 2230 1066 2256 δ’.
1083 2229 1224 2264 Ἐννόησον
1235 2229 1277 2255 ὅτι
1288 2227 1334 2254 καὶ
1348 2228 1361 2254 6
1378 2225 1503 2261 Ἀϐραὰμ
1513 2224 1607 2250 θυσίαν
1621 2223 1739 2257 ἀνάγων,
1756 2222 1787 2250 οὐ

1000 2277 1126 2310 γυναῖκα,
1146 2275 1175 2301 οὐ
1189 2274 1291 2307 δοῦλον,
1305 2274 1355 2300 οὑκ
1370 2272 1448 2299 ἄλλον
1465 2271 1525 2298 τινὰ
1539 2271 1628 2306 ἀφῆκε
1649 2271 1785 2305 παρεῖναι.

999 2322 1045 2357 Μὴ
1060 2321 1148 2348 τοίνυν
1169 2321 1237 2356 μηδὲ
1263 2320 1294 2346 σὺ
1317 2319 1371 2345 τῶν
1385 2317 1515 2344 δουλικῶν
1533 2317 1579 2343 καὶ
1603 2315 1788 2350 ἀνελευθέρων

999 2368 1093 2394 παθῶν
1115 2368 1186 2402 ἀφῇς
1201 2366 1262 2392 τινά
1282 2373 1323 2391 σοι
1339 2365 1482 2399 παρεῖναι·
1500 2363 1555 2389 ἀλλ’
1577 2362 1693 2396 ἀνάϐηθι
1708 2362 1786 2402 μόνος

999 2415 1039 2446 είς
1050 2414 1081 2440 τὸ
1097 2414 1169 2449 ὖρος,
1185 2411 1249 2438 ἔνθα
1264 2411 1365 2442 ἐκεῖνος
1378 2409 1475 2444 ἀνέϐη,
1491 2408 1554 2435 ἔνθα
1565 2409 1697 2442 ἀναϐῆναι
1709 2407 1787 2442 θέμις

999 2460 1094 2488 οὐδένα
1108 2460 1211 2494 ἕτερον.
1225 2457 1284 2484 Κᾶν
1301 2455 1460 2492 ἐπιχειρῶσι
1485 2454 1692 2482 συναναϐαίνειν
1716 2454 1788 2485 τινες

999 2506 1054 2533 τῶν
1066 2504 1193 2532 τοιούτων
1208 2502 1328 2532 ἐννοιῶν,
1341 2501 1468 2533 ἐπίταξον
1477 2500 1571 2530 αὐταῖς
1584 2499 1641 2533 μετ’
1651 2499 1787 2530 ἐξουσίας,

1000 2553 1047 2579 καὶ
1063 2551 1134 2584 εἰπὲ,
1158 2549 1295 2576 Καθίσατε
1320 2548 1412 2580 αὑτοῦ,
1441 2546 1495 2581 ἐγὼ
1509 2546 1537 2573 δὲ
1561 2546 1657 2572 καὶτὸ
1680 2544 1786 2571 παιδίον

1000 2597 1239 2634 προσκυνήσαντες
1251 2593 1456 2628 ὑποστρὲψομεν
1465 2601 1471 2607 ·
1482 2593 1528 2618 καὶ
1542 2591 1591 2627 τὴν
1600 2590 1661 2617 ὄνον
1672 2591 1716 2616 καὶ
1725 2590 1787 2622 τοὺς

1000 2633 1097 2674 παῖδας
1117 2642 1197 2676 ἀφεὶς
1212 2641 1298 2672 κάτω,
1316 2640 1362 2666 καὶ
1374 2639 1400 2665 εἴ
1412 2647 1437 2664 τι
1454 2638 1550 2672 ἄλογον
1562 2637 1607 2663 καὶ
1621 2636 1733 2671 ἀνόητον
1743 2643 1749 2650 ⁸
1761 2633 1789 2660 εί

999 2700 1025 2717 τι
1036 2689 1155 2724 λογικὸν,
1168 2687 1258 2714 λαϐὼν
1267 2686 1393 2720 ἀνάϐηθι,
1412 2685 1506 2720 ὥσπερ
1517 2685 1619 2715 ἐκεῖνος
1628 2683 1673 2709 τὸν
1682 2682 1786 2710 Ἰσαάκ,

1000 2738 1055 2765 Καὶ
1065 2737 1096 2763 τὸ
1111 2735 1304 2770 θυσιαστήριον
1324 2733 1500 2768 οἰκοδόμησον
1520 2732 1606 2762 οὕτως
1621 2731 1658 2762 ῶς
1672 2730 1785 2761 ἐκεῖνος,

1000 2784 1037 2814 ὡς
1054 2781 1137 2816 μηδὲν
1153 2781 1220 2816 ἔχων
1233 2778 1412 2812 ἀνθρώπινον,
1430 2777 1486 2803 ἀλλ’
1499 2776 1551 2809 ἔξω
1562 2776 1610 2810 τῆς
1624 2774 1730 2808 φύσεως
1738 2782 1786 2807 γε-

1000 2830 1112 2864 νόμενος
1122 2837 1128 2843 ·
1144 2828 1204 2853 ἐπεὶ
1221 2827 1268 2853 καὶ
1285 2827 1397 2856 ἐκεῖνος,
1414 2826 1437 2850 εἰ
1450 2825 1487 2859 μὴ
1501 2823 1552 2855 ἔξω
1561 2823 1610 2857 τῆς
1625 2821 1731 2856 φύσεως
1740 2818 1785 2855 ἧν,

1001 2877 1050 2903 οὒκ
1066 2875 1098 2902 ἂν
1119 2874 1162 2900 τὸν
1190 2873 1270 2900 παῖδα
1289 2871 1352 2898 κατέ
1361 2870 1451 2905 mags.
1470 2869 1524 2896 Καὶ
1548 2868 1629 2905 μηδὲν
1643 2866 1786 2903 ἐνοχλεῖται
