2021 3117
142 120 196 148 £53

142 177 205 213 quid
232 177 338 205 brutum
349 183 381 204 ac
393 175 520 204 stolidum
537 177 592 207 est,
608 172 677 201 infra
700 172 819 204 relictis;
834 171 856 198 si
870 168 933 205 quid

141 225 247 251 ratione
263 223 403 259 praeditum
422 227 464 250 est
476 242 483 255 ,
498 222 590 256 accipe
604 224 684 255 atque
697 219 823 251 ascende,
839 225 934 253 quem-

141 269 287 296 admodum
311 269 356 296 illc
379 267 523 302 assumpsit
543 267 626 294 Isaac.
646 265 738 292 Altare
763 271 870 300 quoque
885 270 933 298 pe-

142 313 221 341 rinde
236 319 264 341 ut
278 313 323 341 ille
333 334 340 347 ,
354 317 462 340 exstrue
472 332 480 346 ,
497 318 636 346 tamquam
662 309 771 337 humani
797 307 861 336 nihil
885 308 933 333 ha-

142 360 210 388 hens
220 381 227 393 ,
241 365 320 395 alque
334 364 410 387 extra
424 363 546 385 naturam
562 361 668 392 raptus:
682 354 896 390 quandoquidem
908 357 935 380 et

143 405 198 438 ille,
214 405 266 432 nisi
277 413 292 432 a
305 409 400 432 natura
414 404 575 432 excessisset
590 424 597 436 ,
613 403 696 429 ﬁliuni
710 409 762 429 non
773 400 934 436 jugulasset.

141 451 198 480 Nec
216 452 362 487 quidquam
377 456 432 478 tum
456 455 482 477 te
506 449 667 477 interturbet
679 469 686 480 ,
702 447 750 475 sed
766 454 844 481 supra
862 446 934 479 ipsos

142 498 224 525 etiam
238 497 320 525 caelos
342 504 452 531 assurge
467 504 474 523 :
490 496 586 523 acerbe
614 495 772 530 ingemisce,
785 492 933 520 confessio-

142 551 204 571 nem
214 547 309 570 macta:
319 542 366 569 Dic
377 543 443 569 enim
454 547 481 568 tu
492 542 562 576 prior
570 541 713 575 iniquitates
721 538 887 572 tuas,inquit,
905 541 932 563 ut

138 589 288 626 justi/iuris
302 596 312 616 :
322 592 408 615 macta
429 587 618 615 contritionem
636 585 735 613 cordis.
757 584 803 611 lla:
817 583 934 610 victima:

143 643 196 663 non
208 635 235 662 in
251 635 369 662 cinerem
384 633 519 665 desinunt,
533 640 582 660 nec
596 633 621 659 in
637 631 736 658 fumum
752 629 909 657 dilabuntur
925 648 932 661 ,

142 689 192 710 nec
206 681 286 716 lignis
295 685 323 708 et
340 681 400 716 igne
424 687 492 715 opus
505 679 614 710 habent,
631 677 677 705 sed
691 676 829 704 dumtaxat
844 675 933 702 anituo

141 732 321 763 compuncto:
337 727 388 754 hoc
404 727 486 762 ligna,
501 726 552 753 hoc
573 725 640 760 ignis
661 727 711 756 est,
722 729 802 750 urens
814 722 867 754 illa,
883 721 934 749 sed

142 782 195 802 non
206 782 345 809 perurens.
353 774 419 801 Nam
433 773 476 808 qui
491 773 623 800 ferventer
636 776 705 805 orat,
718 771 804 798 uritur
814 769 932 804 quidem,

142 825 169 847 al
185 827 239 847 non
252 821 397 855 peruritur,
409 819 456 846 sed
471 819 540 846 sicut
553 825 647 846 aurum
663 838 670 851 ,
682 816 753 852 quod
769 816 828 850 igne
841 814 933 849 explo-

142 871 228 899 ratur,
243 866 410 901 splendidius
428 866 553 893 efficitur.

178 910 241 938 Non
267 911 421 947 precandum
444 916 531 938 contra
549 910 673 936 inimicas.
688 924 723 928 —
745 907 784 935 Ad
797 907 853 935 lucc
869 906 933 933 illud

142 965 218 990 cave,
235 965 268 985 ne
290 957 372 984 ullum
397 957 423 984 in
438 957 560 984 oratione
589 955 700 983 verbum
722 954 839 985 emittas,
862 951 932 987 quod

142 1003 287 1032 Dominum
309 1003 414 1037 irritet,
428 1003 471 1030 vel
485 1004 511 1030 in
525 1002 640 1029 hostium
668 1006 772 1028 tuorum
788 998 933 1034 perniciem

142 1050 229 1084 ipsum
241 1049 333 1078 adeas.
349 1049 413 1077 Nam
428 1049 450 1076 si
464 1048 508 1076 vel
523 1049 613 1075 hostes
634 1047 744 1078 habere,
768 1045 867 1080 probro
880 1053 932 1072 non

141 1101 224 1129 caret,
237 1096 323 1131 cogita
334 1099 461 1130 quantum
476 1094 574 1121 malum
589 1094 623 1121 sit
635 1093 765 1120 adversus
779 1099 826 1118 eos
839 1090 933 1118 orare?

142 1143 194 1170 Pro
204 1149 236 1170 eo
245 1141 387 1176 Oportebat
411 1147 540 1168 excusare
559 1145 585 1166 te
597 1139 667 1174 quod
690 1137 781 1165 hostes
795 1137 888 1168 habes,
905 1141 932 1163 tu

143 1195 206 1215 vero
227 1192 319 1215 contra
342 1195 390 1214 eos
407 1194 514 1222 quoque
533 1192 654 1212 accusas.
679 1184 712 1210 Et
730 1191 809 1218 quam
826 1182 932 1209 tandem

142 1234 246 1261 veniam
258 1233 378 1260 oblinere
393 1240 485 1268 queas,
500 1240 560 1259 cum
575 1239 607 1258 eo
620 1237 725 1265 quoque
739 1234 859 1264 tempore
873 1228 933 1255 aliis

142 1280 287 1311 obtrectes,
299 1287 352 1315 quo
365 1280 465 1314 ingenti
481 1279 538 1314 ipse
553 1277 734 1305 misericordia
750 1285 817 1311 opus
831 1274 933 1303 habes?

143 1325 250 1353 Etenim
265 1333 298 1353 eo
312 1325 460 1355 accessisti,
474 1329 503 1352 ut
516 1332 565 1360 pro
582 1325 633 1351 tuis
649 1322 765 1357 peccatis
780 1329 871 1349 orares
883 1330 889 1347 :
901 1328 934 1348 ne

143 1371 222 1406 igitur
232 1371 381 1399 alienorum
407 1375 578 1406 peccatorum
606 1369 768 1402 recorderis,
786 1376 819 1395 uc
834 1368 933 1402 alioqui

143 1422 248 1446 tuorum
264 1418 322 1453 ipse
349 1417 506 1445 memoriam
534 1416 656 1443 refrices.
686 1415 751 1441 Nam
767 1415 789 1441 si
814 1414 931 1446 dixeris,

145 1463 256 1491 Hostem
265 1467 386 1499 percute,
402 1470 433 1490 os
445 1467 519 1489 tuum
533 1461 701 1493 obstruxisli,
712 1461 766 1495 jam
784 1460 880 1494 lingua:
900 1460 931 1487 fi-

143 1509 248 1537 duciam
276 1508 421 1544 prarcidisti
436 1517 444 1535 :
460 1508 576 1543 primum
592 1514 705 1542 nempe,
734 1507 795 1541 quia
819 1507 852 1533 ab
877 1506 935 1542 ipso

143 1556 231 1585 statim
241 1555 317 1583 initio
329 1555 470 1582 Dominum
483 1554 515 1581 ad
529 1554 691 1582 iracundiam
702 1553 826 1586 iucitasti;
836 1553 934 1583 deinde

144 1602 204 1635 quia
229 1600 362 1628 contraria
376 1599 507 1635 postulas,
523 1607 603 1634 quam
630 1599 716 1626 oratio
739 1598 816 1625 ferat.
832 1598 897 1625 Nam
913 1599 933 1625 si

144 1653 194 1682 pro
208 1651 380 1682 peccatorum
394 1644 553 1672 remissione
577 1644 661 1672 Deum
678 1644 807 1678 precaris,
824 1643 869 1678 qui
886 1644 913 1671 fit
924 1664 934 1678 ,

145 1697 173 1719 ut
186 1699 235 1727 pro
248 1691 380 1727 supplicio
393 1691 475 1718 verba
487 1690 591 1718 facias?
604 1690 672 1723 Quin
688 1695 780 1717 contra
793 1691 881 1725 potius
894 1690 934 1717 fa-

144 1739 269 1766 ciendum
285 1744 352 1771 erat,
369 1746 418 1774 pro
432 1738 497 1773 ipsis
517 1745 623 1772 quoque
638 1744 734 1772 preces
750 1736 880 1769 fundere,
902 1742 931 1764 ut

146 1784 195 1812 hoc
210 1792 258 1820 pro
272 1784 351 1812 nobis
361 1792 467 1820 quoque
482 1791 542 1811 cum
559 1783 655 1810 fiducia
667 1787 830 1818 peteremus.
859 1782 936 1810 Nune

145 1838 209 1858 vero
233 1830 337 1858 Judicis
351 1831 512 1858 sententiam
537 1837 585 1865 per
612 1834 684 1857 tuam
711 1829 857 1864 occupasti,
873 1829 936 1857 dum

145 1876 214 1911 petis
228 1881 257 1904 ut
270 1876 304 1904 de
316 1876 487 1911 precantibus
501 1875 660 1910 supplicium
674 1880 761 1902 sumat
773 1883 779 1902 :
796 1875 866 1910 quod
879 1875 938 1910 qui-

147 1923 207 1950 dem
217 1930 327 1950 omnem
349 1923 396 1950 tibi
412 1922 517 1956 veniam
530 1922 634 1949 adimit.
662 1921 760 1950 Contra
772 1921 793 1948 si
811 1929 858 1956 pro
874 1921 938 1956 ipsis

147 1968 276 2003 preceris,
289 1968 391 1996 etiamsi
406 1976 455 2003 pro
471 1967 587 2003 peccatis
602 1968 653 1995 tuis
664 1968 763 1994 nullum
775 1968 885 1995 verbum
899 1967 939 1995 fe-

146 2015 227 2048 ceris,
249 2022 305 2041 rem
317 2018 399 2042 totam
413 2013 563 2041 confecisti.
587 2013 679 2048 Cogita
702 2017 829 2048 quotnam
841 2014 866 2041 in
881 2013 939 2049 lege

145 2060 276 2087 sacriﬁcia
289 2060 360 2087 sint:
376 2059 536 2087 sacrificium
549 2059 646 2091 laudis,
661 2059 822 2087 sacrificium
833 2060 940 2087 confes-

146 2107 242 2136 sionis.
257 2104 418 2133 sacrificium
433 2105 538 2136 salutis,
555 2104 714 2132 sacrificium
730 2106 917 2140 purgationum
929 2125 938 2139 ,

146 2160 177 2180 ac
188 2156 315 2180 sexcenta
330 2152 382 2179 alia
395 2160 402 2179 :
419 2155 500 2186 atque
514 2151 619 2178 interim
635 2151 736 2178 nullum
751 2156 792 2178 est
807 2152 939 2180 adversus

147 2199 272 2226 inimicos
286 2218 294 2231 ,
311 2197 357 2225 sed
372 2205 420 2232 pro
434 2197 549 2232 propriis
573 2197 690 2232 peccatis
710 2202 756 2224 aut
777 2198 857 2225 etiam
869 2203 942 2226 recte

114 2251 119 2255 ‘
148 2243 233 2272 factis.
241 2244 310 2272 Num
317 2244 399 2271 alium
409 2245 493 2272 Deum
503 2243 580 2271 adis?
589 2246 686 2271 Annon
695 2244 727 2271 ad
738 2244 811 2271 illum
822 2244 940 2278 accedis,

147 2291 194 2326 qui
203 2292 280 2324 dixit,
290 2291 369 2318 Orate
379 2299 425 2327 pro
436 2291 544 2318 inimici:
551 2291 637 2318 vestris
648 2290 758 2326 (Matth.
769 2291 795 2319 5.
808 2292 865 2325 44).
874 2291 941 2324 Quo-

150 2345 211 2365 nam
225 2337 306 2372 igitur
317 2336 397 2364 modo
410 2336 539 2364 adversus
551 2336 613 2363 illos
626 2336 769 2364 clamitas?
783 2344 830 2364 cur
845 2337 939 2371 Deum,

149 2387 178 2409 ut
192 2382 279 2418 legem
292 2389 368 2409 suam
382 2381 518 2416 infringat,
532 2389 611 2416 rogas
624 2382 635 2408 ?
649 2382 670 2408 A
686 2382 814 2416 supplicis
828 2390 941 2418 persona

150 2427 221 2456 istud
236 2427 353 2455 alienum
369 2432 432 2455 cst:
448 2435 528 2454 nemo
551 2428 684 2462 supplicat
697 2432 726 2454 ut
737 2427 805 2455 alius
831 2433 939 2463 pereat,

150 2474 199 2501 sed
210 2478 239 2501 ut
254 2473 311 2508 ipse
324 2473 438 2500 salutem
452 2477 641 2508 consequatur.
657 2473 724 2507 Quid
738 2473 818 2509 igitur
842 2475 943 2510 suppli-

151 2520 190 2548 cis
209 2519 329 2555 ejusdem
344 2526 486 2554 personam
502 2520 583 2554 geris,
598 2519 661 2546 dum
686 2520 850 2548 accusatoris
861 2521 942 2548 verba

152 2567 257 2594 habes?
287 2567 327 2594 Ac
352 2566 460 2601 quidem
480 2574 541 2594 cutn
555 2574 605 2602 pro
631 2566 709 2594 nobis
732 2567 796 2602 ipsis
821 2575 942 2602 oramus,

152 2612 285 2640 scabimus
295 2619 356 2646 nos,
365 2612 523 2646 oscitamus,
535 2618 562 2640 et
572 2613 598 2640 in
610 2617 751 2641 sexcentas
766 2614 943 2648 cogitationes

152 2658 287 2691 labimur;
301 2665 364 2686 cum
375 2662 465 2686 autem
490 2658 620 2686 adversus
638 2659 777 2692 inimicos,
794 2660 891 2686 attenti
912 2667 943 2686 ac

152 2704 292 2740 vigilantes
302 2704 354 2732 hoc
368 2704 491 2733 facimus.
508 2705 574 2738 Quia
592 2705 663 2732 cnim
677 2705 799 2733 diabolus
810 2705 875 2733 illud
891 2713 942 2733 no-

152 2752 200 2785 vit,
216 2751 289 2787 quod
303 2751 330 2779 'rn
347 2759 397 2779 nos
409 2752 482 2786 ipsos
495 2751 611 2786 gladium
632 2752 812 2787 impellimus;
825 2760 877 2780 non
893 2753 944 2780 mi-

153 2799 222 2827 nime
244 2798 372 2827 distrahit
393 2799 436 2826 vel
450 2803 555 2833 avocat,
580 2798 670 2826 uthac
685 2799 789 2826 ratione
812 2799 941 2833 majorem

152 2845 227 2874 nobis
238 2845 387 2883 perniciem
402 2845 496 2874 afferat
523 2846 572 2879 At,
597 2845 715 2881 inquies,
738 2846 816 2874 lzcsus
832 2853 891 2873 sunt
912 2851 938 2874 et

675 114 707 143 IN
727 114 834 143 EPIST.
857 113 878 142 ll
910 112 955 141 AD
975 113 1053 142 C0“.
1075 114 1188 142 llOMlL.
1211 114 1241 142 V.

1729 120 1781 147 43's

987 170 1103 206 affligor.
1121 173 1192 208 Ergo
1207 173 1338 200 adversus
1359 173 1494 202 diabolum
1509 183 1574 209 ora,
1593 177 1638 212 qui
1659 179 1778 206 omnium

990 219 1105 246 maxime
1120 226 1169 246 nos
1183 220 1278 254 injuria
1292 219 1385 248 afficit.
1414 221 1470 249 lloc
1485 223 1564 250 etiam
1579 223 1669 251 dicere
1685 226 1781 258 prazci-

988 264 1060 298 pcris
1074 284 1083 296 ,
1107 264 1199 292 Libera
1212 273 1258 292 nos
1270 273 1285 291 a
1299 266 1365 293 malo
1381 266 1488 302 (Matth.
1503 269 1530 295 6.
1546 269 1579 296 l5
1589 268 1611 304 ).
1625 269 1671 296 llle
1686 269 1781 304 impla—

987 309 1080 337 cabilis
1091 309 1175 337 hostis
1189 315 1246 343 est;
1263 315 1289 338 at
1303 311 1394 344 homo,
1406 313 1534 348 quidquid
1545 313 1591 341 tibi
1603 315 1690 347 faciat,
1707 315 1777 342 ami-

988 363 1034 382 ctts
1044 363 1077 383 ac
1090 355 1172 384 frater
1195 362 1245 384 est.
1271 357 1401 390 Quocirca
1429 366 1522 387 omnes
1548 360 1678 388 adversus
1703 362 1777 389 illum

988 401 1277 435 irascamur,adrcrsus
1286 411 1347 431 eum
1357 405 1438 432 Deum
1451 406 1776 440 obsccremus,dicentes:

986 446 1101 475 Contere
1112 448 1237 476 Satanam
1252 449 1302 477 sub
1319 450 1430 484 pedibus
1444 451 1552 480 nostris.
1568 453 1617 481 llle
1637 455 1707 481 enim
1723 454 1779 481 ini-

987 493 1071 520 micos
1083 502 1188 529 quoque
1204 496 1283 523 nobis
1297 498 1376 531 parit.
1393 497 1469 531 Quod
1488 499 1510 526 si
1528 499 1669 527 adversum
1686 501 1777 528 inimi-

987 545 1034 565 cos
1047 540 1166 574 preceris
1176 561 1184 573 ,
1200 541 1225 567 id
1241 542 1358 576 precaris
1370 563 1377 574 ,
1393 543 1462 577 quod
1478 543 1534 577 ipse
1546 551 1653 579 quoque
1665 545 1691 572 in
1706 547 1777 573 votis

987 584 1067 612 habet
1081 595 1087 614 :
1106 587 1165 614 utsi
1181 595 1228 622 pro
1243 588 1357 615 inimicis
1370 596 1449 621 ores,
1465 589 1592 618 adversus
1606 599 1666 618 eum
1682 599 1777 626 preca-

986 632 1034 659 ris.
1049 632 1117 665 Quid
1136 633 1216 668 igitur
1231 633 1325 660 rclicto
1344 642 1408 662 vero
1421 634 1498 662 ltoste
1511 636 1630 663 membra
1644 642 1686 664 tua
1702 646 1776 665 mor-

986 677 1045 711 dcs,
1062 682 1141 713 atque
1154 678 1204 706 bac
1229 679 1332 707 ratione
1357 679 1421 707 feris
1442 680 1507 714 ipsis
1535 681 1719 710 immaniorcm
1749 689 1778 712 te

986 724 1168 759 praebes'lAt,
1186 725 1274 759 inquis
1287 745 1294 757 ,
1317 726 1505 753 contumeliam
1529 727 1594 754 mihi
1609 727 1716 762 intulit,
1742 738 1774 757 ac

986 770 1055 797 bona
1070 770 1179 798 ademit.
1197 771 1229 797 Et
1239 778 1318 805 quem
1328 771 1400 798 lucttt
1411 772 1537 807 prosequi
1552 774 1687 807 convenit,
1699 782 1776 801 eum-

986 823 1020 842 ne
1033 815 1078 850 qui
1100 815 1224 850 injuriam
1243 816 1358 851 accepit,
1375 824 1408 844 an
1427 817 1473 852 qui
1490 818 1597 845 intulit?
1623 819 1672 852 Qui
1694 827 1776 854 pecu-

985 861 1043 888 nias
1059 861 1176 888 lucratus
1189 866 1240 894 est,
1251 869 1265 888 a
1274 862 1319 889 Dei
1328 862 1510 890 benevolentia
1525 863 1641 898 seipsum
1650 866 1775 900 exclusit,

986 907 1117 942 pluraque
1145 907 1261 942 perdidit
1286 915 1366 943 quam
1390 910 1516 944 accepit:
1540 916 1572 937 ac
1590 911 1701 945 proinde
1719 912 1776 946 ipse

986 958 1028 980 est
1036 954 1079 988 qui
1096 953 1176 980 laesus
1189 958 1239 980 est.
1252 953 1292 980 Ob
1307 953 1386 989 idque
1400 962 1453 981 non
1478 955 1607 983 adversus
1631 964 1703 991 cum,
1726 957 1773 985 sed

986 1006 1034 1033 pro
1045 1006 1078 1026 eo
1096 998 1183 1033 potius
1198 998 1328 1025 orandum
1343 1002 1394 1032 est,
1408 1004 1436 1026 ut
1451 999 1521 1027 Deus
1535 1001 1678 1036 propitium
1692 1010 1722 1031 se
1737 1003 1774 1031 illi

985 1044 1112 1079 prmbcat.

1020 1090 1047 1118 5.
1069 1090 1135 1118 Vide
1148 1095 1213 1126 quot
1226 1090 1422 1118 calamitatibus
1434 1091 1521 1120 aﬂ'ecti
1541 1093 1594 1120 sint
1615 1098 1669 1121 tres
1688 1097 1774 1129 pueri,

984 1143 1045 1164 cum
1061 1141 1148 1163 tamen
1161 1136 1224 1163 nihil
1241 1137 1303 1163 tnali
1314 1136 1486 1164 admisissent
1502 1147 1508 1164 :
1525 1139 1608 1172 patria
1618 1144 1644 1166 et
1655 1140 1776 1168 libertate

984 1183 1149 1216 exciderant,
1171 1183 1268 1218 captivi
1281 1183 1389 1210 abducti
1404 1192 1435 1211 ac
1451 1185 1521 1212 servi
1537 1184 1635 1220 effecti,
1656 1187 1776 1221 atquein

984 1231 1097 1258 alienam
1124 1238 1156 1258 ac
1179 1231 1319 1258 barbaram
1342 1231 1476 1266 regionem
1501 1233 1626 1261 abstracti
1653 1234 1769 1269 fuerant,

986 1276 1136 1310 frustraque
1146 1284 1177 1303 ac
1188 1281 1288 1304 temere
1303 1282 1411 1311 propter
1425 1277 1585 1305 insomnium
1599 1279 1775 1309 obtruncandi

985 1326 1070 1349 erant.
1088 1321 1156 1354 Quid
1172 1321 1250 1356 igitur
1264 1329 1324 1348 cum
1336 1321 1444 1350 Danielc
1458 1323 1581 1358 ingressi,
1592 1324 1774 1360 qnid,inquam

985 1368 1118 1395 orarunt?
1144 1367 1208 1402 quid
1224 1368 1370 1395 dixerunt?
1382 1367 1499 1396 Contere
1518 1369 1774 1406 Nabuchodonosor,

986 1415 1069 1449 ipsius
1083 1415 1204 1442 diadema
1220 1415 1321 1449 abripe,
1338 1422 1354 1442 e
1380 1416 1454 1450 regio
1475 1416 1543 1443 Solio
1563 1423 1623 1444 eum
1639 1417 1749 1445 deturba
1764 1419 1776 1445 ?

985 1461 1055 1488 Nihil
1077 1460 1224 1495 ejusmodi;
1239 1469 1331 1488 verum
1349 1461 1394 1488 Dei
1412 1462 1622 1490 misericordiam
1649 1463 1775 1498 implora-

986 1507 1058 1535 bant.
1075 1507 1179 1534 Etcum
1194 1507 1220 1534 in
1236 1506 1343 1534 fornace
1356 1511 1455 1540 essent,
1470 1508 1565 1535 eodem
1579 1508 1658 1536 modo
1671 1516 1699 1536 sc
1713 1517 1777 1544 ges-

985 1558 1087 1581 serunt.
1110 1553 1144 1580 At
1163 1560 1212 1580 vos
1237 1560 1293 1580 non
1315 1553 1445 1587 perinde;
1471 1553 1518 1580 sed
1545 1553 1623 1589 longe
1645 1561 1724 1589 quam
1741 1555 1777 1583 illi

986 1601 1089 1627 minora
1106 1599 1186 1635 passi,
1202 1606 1234 1627 ac
1254 1599 1412 1635 plerumque
1427 1599 1524 1627 merito
1535 1619 1543 1632 .
1567 1605 1693 1628 sexcenta
1709 1602 1778 1629 mala

987 1645 1127 1680 imprecari
1143 1653 1195 1672 non
1211 1644 1333 1672 desinitis
1350 1653 1357 1671 :
1374 1649 1453 1680 atque
1475 1645 1542 1672 alius
1561 1644 1668 1680 quidem
1684 1646 1722 1673 sic
1737 1647 1779 1674 lo-

986 1691 1087 1726 quitur,
1109 1690 1254 1718 Prosterne
1277 1689 1426 1723 inimicum,
1449 1694 1478 1717 ut
1500 1690 1647 1718 Pharaonis
1672 1699 1778 1719 currum

987 1735 1157 1768 demersisti;
1172 1736 1250 1767 alius,
1265 1735 1378 1763 Carnem
1402 1736 1474 1764 illius
1501 1736 1568 1769 feri;
1584 1737 1651 1764 alius
1675 1745 1778 1770 rursus,

988 1782 1080 1810 Redde
1092 1782 1132 1810 illi
1154 1783 1181 1810 in
1208 1782 1288 1809 ﬁlios.
1305 1783 1401 1809 Annon
1426 1782 1578 1817 hujusmodi
1594 1783 1672 1810 verba
1696 1791 1780 1819 agno-

989 1830 1063 1858 scitis
1077 1830 1088 1857 ?

1027 1876 1177 1903 Auditorum
1197 1874 1370 1911 Chryreuomi
1383 1875 1459 1903 risus.
1474 1891 1509 1897 —
1523 1875 1600 1904 Unde
1614 1876 1693 1912 igitur
1705 1876 1781 1904 vobis

990 1923 1033 1950 hic
1048 1922 1136 1950 risus?
1147 1922 1229 1950 Vides
1242 1930 1323 1957 quam
1344 1922 1458 1949 ridicula
1482 1922 1540 1949 hmc
1553 1922 1626 1954 sinit,
1639 1930 1700 1950 cum
1713 1923 1780 1950 citra

990 1969 1070 1996 animi
1092 1968 1320 2003 perturbationem
1343 1967 1489 1995 dicuntur?
1513 1968 1546 1995 Et
1565 1975 1629 1995 sane
1643 1974 1781 2002 peccatum

991 2023 1072 2043 omne
1085 2019 1140 2042 tum
1155 2014 1271 2050 denique
1292 2022 1371 2050 quam
1397 2014 1497 2042 foedum
1518 2015 1553 2042 sit
1578 2019 1659 2050 patet,
1674 2023 1734 2042 cum
1749 2015 1783 2043 ab

991 2070 1034 2095 eo,
1050 2062 1095 2098 qui
1115 2061 1142 2090 id
1161 2062 1289 2093 admittit,
1301 2061 1428 2089 affectum
1450 2061 1614 2089 detraxeris.
1638 2062 1667 2089 Si
1689 2063 1713 2090 ei
1737 2063 1782 2097 qui

993 2109 1075 2136 iratus
1089 2106 1156 2140 fuit,
1169 2107 1195 2134 in
1218 2107 1378 2135 memoriam
1400 2114 1431 2134 ea
1446 2106 1528 2135 verba
1543 2107 1648 2142 redigas
1659 2128 1665 2140 ,
1683 2115 1741 2142 qua:
1755 2108 1782 2135 in

992 2154 1128 2182 iracundia
1144 2154 1265 2189 protulit,
1283 2154 1424 2181 erubescet
1436 2158 1464 2182 et
1475 2155 1592 2189 seipsum
1606 2154 1736 2186 irridebit,
1752 2161 1783 2182 ac

992 2200 1066 2228 mille
1081 2200 1150 2227 mala
1166 2200 1280 2235 perpeti,
1292 2207 1371 2234 qualn
1383 2199 1463 2227 verba
1474 2199 1520 2226 illa
1534 2199 1677 2234 protulisse
1690 2199 1783 2226 malet.

992 2246 1020 2275 Si
1037 2246 1199 2281 impudicum
1221 2245 1356 2273 hominem
1373 2250 1433 2280 post
1456 2244 1555 2272 coitum
1580 2244 1613 2271 ad
1640 2244 1781 2272 mulierem

993 2300 1064 2325 eam,
1080 2292 1122 2320 cui
1138 2296 1258 2327 stuprum
1270 2291 1377 2324 obtulit,
1393 2291 1551 2323 adduxeris,
1566 2291 1610 2318 hic
1623 2298 1728 2326 quoque
1753 2295 1781 2318 ut

994 2338 1185 2366 exsecrandam
1208 2338 1292 2373 ipsam
1312 2337 1505 2365 adversabitur.
1528 2336 1628 2364 Eodem
1643 2337 1723 2364 modo
1736 2344 1785 2363 vos

994 2384 1038 2419 qui
1053 2384 1087 2411 ab
1102 2384 1152 2411 hoc
1173 2383 1269 2411 affectu
1284 2383 1362 2411 liberi
1384 2383 1460 2415 estis,
1481 2382 1635 2417 hujusmodi
1651 2382 1731 2410 verba
1746 2383 1784 2409 ri-

994 2430 1064 2458 detis
1080 2440 1086 2457 :
1105 2430 1213 2458 ridicula
1239 2430 1310 2457 enim
1337 2433 1417 2461 sunt,
1444 2436 1476 2456 ac
1508 2429 1660 2456 temulentis
1685 2429 1784 2456 vetulis

995 2476 1086 2512 digna,
1107 2476 1284 2510 muliebrique
1309 2475 1456 2502 simultate.
1477 2475 1545 2508 Quin
1567 2475 1647 2501 etiam
1666 2474 1783 2509 Ioseph,

995 2524 1058 2550 licet
1071 2522 1195 2550 venditus
1205 2529 1236 2549 ac
1258 2528 1351 2548 servus
1364 2521 1492 2554 effectus,
1515 2526 1595 2555 atque
1610 2520 1635 2547 in
1649 2527 1784 2547 carcerem

996 2568 1144 2604 coniectus,
1171 2576 1205 2595 ne
1228 2567 1267 2594 sic
1286 2571 1375 2594 tamen
1398 2565 1524 2593 acerbum
1543 2566 1672 2593 adversus
1691 2572 1748 2596 eos,
1771 2570 1786 2590 a

996 2615 1093 2650 quibus
1118 2614 1198 2641 lazsus
1222 2613 1319 2646 fuerat,
1333 2613 1443 2640 verbum
1469 2612 1578 2645 emisit;
1592 2612 1639 2639 sed
1653 2611 1716 2646 quid
1731 2610 1789 2637 ait?

997 2661 1098 2689 Furtim
1112 2661 1226 2688 sublatus
1239 2668 1295 2686 sum
1318 2659 1349 2685 de
1369 2663 1436 2686 terra
1452 2657 1617 2685 Hebraeorum
1638 2658 1647 2690 (
1661 2657 1723 2684 Cm.
1741 2657 1786 2683 60.

998 2708 1042 2741 15)
1055 2715 1063 2740 ;
1077 2713 1126 2734 nec
1139 2705 1230 2738 addit,
1254 2713 1269 2733 a
1291 2712 1344 2739 quo
1360 2715 1367 2733 :
1383 2704 1462 2739 pudet
1475 2705 1546 2732 enim
1571 2711 1631 2731 eum
1653 2703 1784 2730 malorum

997 2753 1119 2784 fratrum,
1136 2752 1220 2787 magis
1231 2759 1309 2787 quam
1322 2759 1368 2778 eos
1381 2750 1464 2786 ipsos,
1480 2750 1525 2785 qui
1540 2750 1598 2777 hate
1615 2753 1785 2784 perpetrave-

998 2803 1067 2827 rant.
1081 2799 1118 2826 lta
1133 2805 1182 2826 nos
1197 2805 1303 2833 quoque
1324 2797 1393 2825 affici
1419 2797 1555 2828 convenit,
1570 2800 1598 2822 ut
1615 2802 1662 2830 pro
1685 2795 1727 2826 iis,
1740 2793 1786 2828 qui

998 2845 1074 2873 nobis
1088 2844 1210 2881 iniuriam
1221 2843 1347 2878 inferunt,
1362 2842 1546 2871 vehementius
1557 2848 1695 2876 angantur,
1707 2847 1787 2875 quam
