1984 3126
243 133 294 160 435

242 189 279 216 illi
296 190 345 224 ipsi
363 189 576 218 :detrimenlum
597 189 670 217 enim
695 189 728 215 ad
752 188 813 215 illos
836 187 940 214 transit.
957 185 1033 213 Sicut

241 237 312 262 enim
326 236 370 271 qui
384 237 472 264 clavos
486 235 603 264 calcibus
617 236 757 270 impetunt,
766 234 902 268 altumque
915 232 1032 267 sapiunt,

242 281 394 316 ltnjusmodi
410 281 508 309 furoris
528 289 592 316 ergo
606 280 842 308 commiseratiOne
862 287 893 306 ac
907 278 1035 314 lacrymis

242 327 314 362 digni
329 332 410 355 sunt:
427 327 523 355 eodem
548 326 628 354 modo
640 326 684 361 qui
706 333 752 354 eos
775 325 886 358 laedunt,
901 332 916 352 a
935 324 1033 359 quibus

243 374 308 401 nihil
323 374 428 408 injuria:
441 377 622 408 acceperunt,
640 373 731 400 multis
743 371 868 399 lamentis
882 378 914 398 ac
926 370 1034 398 ﬂetibus

243 420 338 452 potius,
356 427 435 454 quam
446 419 679 447 exsecrationibus
690 418 760 454 digni
776 421 849 450 sunt,
864 422 893 445 ut
906 417 951 452 qui
973 424 1035 444 suas

242 463 348 498 ipsimet
371 464 474 491 animas
497 464 603 492 feriant.
630 464 701 492 Nihil
724 464 795 491 enim
818 463 974 491 sceleratius
995 466 1036 489 est

240 509 328 536 anima
344 510 442 536 malum
457 510 632 545 imprecante,
653 517 703 537 nec
718 509 847 544 impurius
860 509 950 544 lingua
961 529 968 542 ,
983 508 1034 535 bu-

238 553 653 588 jusmodisacrillciaoll‘erente.
678 555 764 582 llomo
785 562 833 588 es;
855 562 889 582 ne
912 554 1035 589 aspidum

241 599 313 626 virus
326 607 435 627 evomas
452 608 458 627 :
476 600 556 628 homo
570 608 619 634 es;
635 608 669 628 ne
682 600 770 628 bellua
787 600 844 627 ﬁas.
868 599 932 627 ldeo
946 607 977 626 os
989 599 1035 627 tibi

239 644 330 672 datum
346 649 397 678 est,
412 653 466 672 non
483 650 510 673 ut
525 645 666 678 mordeas,
682 645 729 673 sed
742 649 772 672 ut
786 645 898 672 aliorum
912 645 1034 672 vulneri-

239 690 289 718 bus
303 691 445 718 medearis.
461 692 613 720 Recordare
635 691 699 727 quid
720 692 768 719 tibi
791 692 978 726 prmccperim,
994 691 1035 719 in-

239 738 295 772 quit
314 738 393 771 Deus,
411 738 548 766 remittere
570 746 666 773 nempe
685 746 718 766 ac
737 738 901 766 condonare.
917 738 957 765 Tu
972 745 1036 766 vero

239 791 282 811 me
297 783 434 816 obsecras,
450 790 475 812 ut
490 785 592 812 socium
617 792 660 812 me
683 785 729 812 tibi
747 784 780 812 ad
803 784 946 812 evertenda
963 792 1035 819 prae-

239 835 317 865 cepta
341 838 399 858 mea
424 831 578 866 adjungam,
593 838 625 859 ac
640 830 749 858 fratrem
763 831 885 858 corrodis
895 852 902 863 ,
917 831 1034 866 linguam

238 881 376 908 cruentas,
408 884 461 904 non
487 884 566 904 secus
589 884 621 904 ac
648 876 740 903 furiosi
771 877 885 912 propriis
909 877 1034 904 carnibus

239 921 333 949 dentes
359 929 456 949 cruore
478 921 651 956 perfundunt.
675 922 779 955 Quanta
803 921 939 949 diabolum
953 922 1032 950 volu-

579 133 608 162 S.
627 132 765 161 JOANNIS
783 128 1021 159 CIll‘nYSOS'I'OMl
1040 127 1198 156 ARCHIEP.
1218 130 1483 160 CONSTANl’lNOI‘.
1831 134 1874 161 435

1089 188 1161 218 ptate
1185 186 1264 218 allici,
1285 192 1385 222 quanto
1405 187 1461 215 risu
1484 188 1634 223 existimas,
1660 197 1722 217 cum
1747 190 1894 226 ejusmodi’

1087 237 1181 265 preces
1196 232 1289 260 audit?
1318 241 1397 268 quam
1424 235 1506 262 Deum
1536 236 1626 269 irasci,
1655 241 1735 272 teque
1761 240 1872 266 aversari

1087 280 1167 310 atque
1181 277 1280 311 odisse,
1294 285 1356 306 cum
1373 279 1434 306 talia
1449 280 1547 316 rogas?
1563 289 1615 316 quo
1626 282 1688 316 quid
1699 284 1806 317 gravius
1821 290 1873 312 esse

1086 322 1186 357 queat?
1202 323 1268 350 Nam
1282 324 1303 351 si
1319 324 1392 352 nefas
1403 329 1446 353 est
1468 333 1528 353 eum
1549 327 1582 354 ad
1595 328 1722 363 mysteria
1736 329 1869 362 accedere,

1088 367 1132 401 qui
1155 367 1278 397 inimicos
1293 369 1390 403 habet;
1407 378 1496 398 annon
1524 371 1555 405 is,
1573 372 1618 407 qui
1640 381 1691 400 non
1716 377 1819 401 tantum
1835 375 1876 401 ho-

1088 415 1156 438 stem
1170 411 1258 445 habet,
1275 414 1322 442 sed
1341 415 1421 442 etiam
1435 416 1459 443 ei
1471 416 1642 451 imprecatur,
1658 418 1691 446 ab
1705 419 1763 454 ipso
1777 426 1876 454 quoque

1090 457 1179 493 templi
1194 458 1294 486 ambitu
1310 460 1444 489 arcendus
1458 461 1517 489 est?
1531 462 1594 490 lla-c
1617 463 1698 499 igitur
1718 466 1875 500 cogitantes,

1088 506 1167 538 atque
1184 504 1261 539 hujus
1286 505 1412 534 sacriﬁcii
1438 513 1546 534 causam
1572 515 1768 543 agnoscentes,
1787 518 1876 545 nempe

1088 549 1159 584 quod
1176 557 1224 584 pro
1240 550 1362 579 hostibus
1377 557 1510 581 mactatus
1524 554 1647 582 Christus
1668 555 1714 589 sit,
1737 557 1763 584 id
1788 557 1875 586 demus

1088 601 1207 629 operam,
1231 601 1260 623 ut
1283 605 1317 625 ne
1332 597 1468 626 inimicum
1491 600 1599 635 quidem
1621 601 1783 636 habeamus;
1808 611 1839 631 ac
1858 604 1877 632 si

1090 639 1246 675 habeamus,
1264 650 1313 677 pro
1336 644 1382 671 illo
1403 652 1544 679 precemur
1561 655 1567 672 :
1585 651 1614 674 ut
1635 655 1683 675 nos
1696 655 1803 683 quoque
1824 657 1877 684 pec-

1088 692 1209 715 catorum
1226 693 1380 717 nostrorum
1395 691 1500 719 veniam
1515 694 1685 728 consequuti,
1709 702 1770 722 cum
1788 696 1878 723 ﬁducia

1091 732 1216 760 tribunali
1240 733 1339 762 Christi
1366 735 1521 770 adstemus;
1543 738 1587 765 cui
1613 738 1707 773 gloria,
1730 740 1875 775 imperium,

1090 777 1193 813 honor,
1221 788 1292 808 nunc
1312 784 1341 809 et
1362 788 1480 817 semper,
1502 787 1530 811 et
1549 783 1575 811 in
1595 785 1694 812 smcuia
1710 786 1877 816 saeculorum.

1090 825 1188 852 Amen.

243 983 1674 999 Ἥ

952 1024 1119 1056 HOMILIA
1142 1027 1195 1058 VI.

238 1095 300 1122 Car.
315 1096 340 1122 3.
361 1103 386 1122 v.
403 1095 428 1122 Ι.
444 1094 586 1129 Iucipimus
606 1095 699 1122 iterum
720 1095 886 1130 nosmetipsos
899 1103 1029 1122 commen-

273 1141 356 1167 dare?
375 1146 419 1168 aut
434 1141 555 1175 numquid
568 1149 679 1176 egemus,
698 1141 762 1167 sicut
775 1141 889 1175 quidam,
903 1149 1032 1168 commen-

273 1187 369 1213 datitiis
383 1186 494 1221 epistolis
508 1187 542 1214 ad
554 1195 607 1220 vos,
625 1191 668 1213 aut
680 1195 710 1214 ea:
720 1187 789 1213 vobis
798 1187 811 1213 1’

276 1232 302 1259 l.
317 1231 393 1265 Quod
410 1232 527 1259 futurum
542 1236 609 1264 erat,
625 1236 653 1259 ut
670 1232 719 1267 ipsi
735 1232 769 1259 ab
784 1232 843 1259 aliis
859 1232 1032 1266 objiceretur,

238 1285 335 1313 nempe
346 1278 415 1313 quod
428 1279 545 1313 seipsum
561 1278 694 1305 attolleret
708 1299 713 1311 ,
730 1277 780 1305 hoc
794 1277 851 1312 ipse
865 1282 1035 1305 antevertens

239 1323 328 1358 posuit
341 1331 348 1351 :
363 1317 485 1358 quamvis
499 1324 578 1351 etiam
593 1328 665 1350 tanta
680 1323 883 1358 praemonitione
896 1327 958 1350 ante
971 1330 1035 1350 usus

240 1369 344 1402 fuisset,
361 1378 392 1397 ac
405 1369 536 1397 dixisset:
554 1369 587 1396 Et
600 1369 634 1396 ad
649 1370 703 1397 luet:
722 1370 777 1404 quis
792 1370 898 1396 idoneus
918 1370 977 1397 est?
997 1374 1033 1402 et,

240 1415 281 1443 Ea:
294 1416 436 1443 sinceritate
451 1416 594 1450 loquimur;
611 1415 658 1442 sed
674 1420 762 1442 tamen
780 1414 837 1442 lucc
857 1415 907 1450 ipsi
925 1415 1036 1443 minime

240 1461 386 1489 sui‘liciuut.
404 1461 440 1488 Ea
454 1461 526 1488 enim
541 1461 624 1495 ipsius
639 1460 808 1488 Consuetudo
826 1466 868 1489 est
883 1470 890 1488 :
906 1465 935 1489 ut
957 1461 1036 1496 longe

240 1508 319 1540 absit,
335 1513 363 1535 ut
377 1508 464 1542 magni
478 1507 615 1542 quidpiam
635 1506 669 1534 de
684 1514 713 1534 se
729 1507 820 1535 dicere
838 1508 972 1540 videatur,
984 1515 1034 1535 ve—

242 1553 436 1586 hementerque
458 1556 539 1587 atque
566 1552 751 1580 incredibilem
766 1553 910 1588 quemdam
934 1554 960 1581 in
975 1561 1034 1581 mo-

243 1598 305 1625 dum
330 1597 401 1625 i.-tud
419 1597 494 1633 fugit.
518 1597 558 1624 Tu
583 1605 647 1624 vero
662 1597 724 1625 hinc
745 1606 851 1634 quoque
873 1599 1035 1634 singularem

241 1643 325 1678 ipsius
344 1643 502 1677 sapientiam
516 1642 710 1670 animadverte.
726 1643 793 1670 item
815 1644 898 1676 enim,
913 1652 973 1679 qua:
989 1643 1037 1671 tri-

241 1689 321 1717 stitie
335 1690 452 1724 speciem
466 1689 557 1723 habet,
571 1689 622 1718 hoc
633 1694 673 1718 est
686 1691 856 1723 alllictiones,
870 1698 954 1726 usque
968 1690 1036 1718 adeo

242 1735 346 1768 extulit,
360 1742 392 1762 ac
405 1735 567 1762 luculentam
579 1741 605 1763 et
616 1735 748 1763 illustrem
761 1743 818 1763 rem
833 1743 893 1763 esse
906 1735 1034 1769 ostendit,

243 1786 273 1808 ut
292 1789 324 1809 ex
341 1781 391 1814 his,
407 1789 467 1816 quze
489 1781 603 1815 dixerat,
628 1781 686 1809 hiec
702 1782 726 1809 ei
748 1781 865 1817 objectio
883 1781 1035 1808 emerserit.

243 1827 319 1862 Quod
343 1827 424 1854 etiam
447 1828 473 1854 in
494 1827 615 1862 cpistola:
636 1828 689 1855 ﬁne
705 1827 778 1855 facit.
801 1827 944 1863 Postquam
964 1827 1035 1854 enim

243 1875 382 1901 innumera
407 1874 536 1908 perieula,
559 1875 746 1906 contumelias,
770 1874 930 1905 auxietates,
953 1881 1037 1908 angu-

243 1921 318 1952 stias,
333 1927 364 1947 ac
381 1925 478 1947 caitera
493 1920 626 1955 ejusmodi
641 1920 786 1952 recensuit,
802 1920 861 1947 huic
876 1920 957 1947 verba
974 1927 1036 1946 mox

243 1967 381 2002 subjuuxit
396 1975 402 1993 ε
418 1966 478 1993 Non
494 1968 609 2002 nosipsos
623 1967 841 1999 commendamus,
858 1967 902 1994 sed
924 1967 1037 1994 occatio-

243 2021 301 2039 nem
325 2012 393 2040 vobis
411 2013 501 2040 damus
526 2013 654 2049 gloriandi
677 2013 715 2050 (2.
739 2013 798 2041 Cor.
820 2014 847 2040 5.
874 2013 929 2048 1‘2).
950 2013 1037 2048 Atque

244 2058 314 2086 istud
336 2067 443 2095 quoque
467 2067 559 2087 rursus
583 2060 637 2088 illic
661 2061 846 2092 vehementer,
871 2065 952 2095 atque
973 2067 1035 2086 cum

244 2106 338 2141 majori
352 2106 535 2133 con-elatione
548 2106 631 2140 ponit.
649 2106 752 2134 Etenim
767 2106 811 2134 bic
823 2106 942 2134 caritatis
957 2105 1037 2133 verba

243 2156 306 2179 sunt
321 2160 328 2178 :
342 2151 391 2178 Aut
406 2151 528 2186 numquid
541 2160 652 2186 egemus,
667 2152 732 2179 sicut
746 2152 859 2186 quidam,
876 2152 1038 2179 commenda-

243 2198 305 2224 titiis
319 2196 450 2231 epistolis?
466 2197 520 2224 illic
532 2201 621 2224 autent
637 2199 789 2225 necessario
807 2206 873 2226 sane
892 2206 924 2225 ac
937 2198 1038 2226 utiliter

244 2249 326 2269 sensu
348 2247 376 2269 et
399 2242 489 2269 animo
503 2242 581 2276 plena
603 2247 665 2270 sunt
685 2250 744 2278 quae
766 2243 830 2270 dicit
844 2253 851 2271 :
867 2244 927 2271 Non
951 2244 1035 2276 enim,

244 2288 341 2322 inquit,
356 2296 443 2314 rursus
455 2296 500 2315 nos
512 2289 728 2322 commendamus,
741 2289 786 2316 sed
798 2290 955 2317 occasionem
967 2291 1037 2318 vobis

243 2335 336 2361 domus
351 2335 497 2369 gloriandi;
515 2342 546 2362 ac
567 2343 670 2367 rursus,
690 2336 787 2363 Putatis
805 2337 873 2372 quod
888 2338 955 2364 vobis
977 2346 1037 2364 noo-

244 2381 313 2414 ipsos
335 2381 499 2408 excusemus?
523 2381 614 2409 Coram
641 2381 694 2409 Deo
718 2383 745 2409 iu
770 2381 870 2410 Christo
897 2384 1035 2418 loquimur.

245 2426 332 2454 Timeo
345 2432 428 2454 autem
443 2436 474 2455 ua
487 2430 562 2463 forte,
579 2437 636 2455 cum
649 2437 750 2462 venero,
763 2437 812 2457 non
827 2430 913 2464 qualos
925 2430 980 2457 volo
995 2431 1037 2457 iu-

245 2475 345 2502 vcuiant
359 2482 411 2505 vos,
432 2479 456 2501 et
476 2483 521 2510 ego
534 2476 649 2502 iuvenior
662 2485 677 2502 a
698 2475 881 2514 vobisqualem
897 2485 947 2504 non
962 2478 1038 2504 vultis

244 2520 286 2555 (2.
301 2520 360 2548 Car.
378 2520 421 2548 l2.
440 2521 483 2548 19.
500 2521 557 2556 20).
579 2521 718 2556 Siquidem
736 2530 770 2550 ne
789 2523 952 2550 adulationis
976 2523 1036 2557 opi-

246 2567 355 2595 nionem
371 2568 474 2599 subeat,
490 2572 519 2595 ut
532 2570 576 2604 qui
589 2569 719 2597 boaorem
734 2569 768 2596 ab
783 2570 849 2605 ipsis
867 2571 978 2604 ambiat,
997 2571 1038 2598 his

245 2613 334 2640 verbis
347 2613 431 2640 utitur
444 2621 451 2639 :
466 2612 552 2640 Timeo
567 2622 598 2640 ne
611 2615 687 2649 forte,
701 2623 758 2642 cum
774 2623 874 2648 venero,
889 2625 939 2642 non
952 2617 1038 2651 qualus

245 2661 302 2685 solo
316 2659 440 2685 inveniam
461 2666 514 2692 vos,
530 2664 553 2686 et
565 2668 610 2695 ego
630 2661 742 2688 iuvenior
760 2670 776 2688 a
791 2662 862 2688 vobis
875 2663 975 2697 qualem
988 2671 1038 2689 non

244 2704 329 2731 uultis.
348 2703 447 2732 Verum
462 2704 519 2732 luce
531 2705 638 2740 quidem
652 2714 705 2733 non
719 2706 778 2734 sine
794 2707 877 2734 multa
894 2708 1038 2742 reprehen-

244 2751 338 2783 sione;
352 2751 427 2778 initio
442 2755 530 2780 autem
546 2759 598 2779 non
614 2752 660 2785 ita,
676 2753 722 2780 sed
737 2753 834 2781 mitiori
848 2762 972 2781 sermone
986 2755 1038 2781 titi-

245 2802 298 2824 tur.
311 2797 444 2831 Quidnam
460 2802 549 2825 autcm
565 2798 606 2826 his
621 2799 709 2826 verbis
728 2799 779 2827 sibi
795 2800 873 2827 vult?
892 2801 930 2828 De
950 2805 1037 2828 tenta-

246 2844 364 2872 tionibus
384 2851 414 2872 ac
429 2844 554 2879 periculis
567 2844 693 2874 louuutus
708 2849 758 2880 cst,
773 2846 897 2881 quodque
911 2846 1007 2881 ubique
1023 2854 1037 2874 a

1088 1095 1143 1122 Deo
1158 1096 1337 1132 triumphatur
1352 1099 1379 1126 in
1400 1099 1518 1134 Christo,
1540 1106 1620 1137 atque
1643 1103 1716 1131 orbis
1741 1104 1879 1132 universus

1088 1140 1137 1168 hos
1152 1143 1302 1178 triumphos
1314 1145 1397 1172 novit.
1414 1146 1545 1179 Quoniam
1563 1148 1642 1182 igitur
1657 1150 1796 1184 magniﬁca
1811 1158 1880 1186 qua:-

1087 1187 1148 1214 dam
1162 1187 1196 1215 de
1211 1196 1240 1216 se
1257 1191 1432 1226 proloquutus
1441 1198 1511 1227 erat,
1524 1194 1624 1222 idcirco
1637 1195 1817 1230 objectionem
1834 1197 1882 1224 sibi

1090 1232 1203 1267 ipsemet
1228 1236 1328 1270 struit,
1353 1237 1624 1275 dicenszlncipimus
1649 1242 1740 1268 iterum
1768 1244 1882 1278 nosipsos

1089 1280 1282 1307 commendare?
1296 1281 1373 1315 Quod
1389 1288 1478 1311 autem
1499 1285 1546 1318 ait,
1568 1285 1637 1313 hunc
1652 1293 1761 1315 sensum
1780 1288 1861 1316 habet
1876 1297 1882 1315 :

1090 1322 1215 1352 Fortasse
1237 1326 1370 1361 quispiam
1395 1328 1445 1356 hoc
1467 1329 1545 1358 nobis
1570 1331 1699 1366 obiecerit
1717 1333 1811 1366 :Quid
1835 1334 1885 1361 hoc

1088 1374 1140 1404 est,
1157 1371 1257 1399 Paule?
1277 1373 1334 1401 haec
1347 1374 1381 1402 de
1398 1379 1424 1403 te
1443 1376 1570 1412 loqueris,
1595 1386 1626 1406 ac
1641 1379 1755 1414 teipsum
1782 1380 1885 1408 effers!

1090 1415 1164 1444 lianc
1179 1417 1258 1452 igitur
1272 1420 1452 1455 suspicionem
1465 1423 1584 1456 solvens,
1598 1424 1635 1451 ait
1647 1433 1654 1451 :
1668 1425 1728 1452 Non
1742 1426 1794 1453 hoc
1808 1426 1885 1453 volu-

1089 1469 1160 1496 mus,
1181 1471 1278 1499 nempe
1302 1467 1425 1501 nosipsos
1443 1468 1544 1503 jactare
1566 1474 1647 1505 atque
1668 1471 1816 1500 attollere:
1833 1473 1885 1500 imo

1090 1512 1192 1535 tantum
1205 1509 1281 1538 abest
1292 1516 1320 1539 ut
1333 1514 1559 1543 commendatitiis
1574 1516 1607 1543 ad
1622 1524 1669 1544 vos
1683 1518 1806 1553 epistolis
1820 1526 1887 1554 opus

1090 1552 1247 1589 habeamus,
1271 1561 1300 1583 ut
1323 1565 1369 1585 vos
1391 1558 1441 1594 ipsi
1464 1560 1542 1588 nobis
1562 1562 1684 1597 epistola:
1702 1552 1795 1592 instar
1816 1552 1885 1592 sitis.

1089 1598 1117 1626 2.
1133 1599 1202 1627 Nam
1217 1602 1324 1636 epistola
1338 1609 1423 1632 nostra
1437 1613 1480 1633 vos
1489 1608 1557 1642 estis,
1575 1609 1669 1644 inquit.
1681 1610 1749 1643 Quid
1762 1616 1816 1644 est,
1840 1611 1888 1638 Vo:

1090 1646 1167 1674 estis?
1181 1646 1209 1674 Si
1224 1649 1459 1679 commendatione
1474 1653 1545 1688 apud
1567 1654 1634 1683 alios
1655 1663 1723 1691 opus
1738 1657 1806 1685 mihi
1822 1657 1888 1685 fuit

1090 1697 1141 1724 set,
1158 1701 1205 1720 vos
1218 1694 1337 1728 epistola:
1349 1696 1408 1724 loco
1420 1698 1447 1725 in
1461 1699 1577 1727 medium
1591 1701 1777 1735 produxissem
1794 1713 1801 1730 :
1817 1703 1888 1738 quod

1090 1742 1118 1766 et
1139 1738 1165 1766 in
1182 1739 1262 1774 priori
1282 1741 1396 1776 epistola
1409 1743 1537 1773 dicebat:
1550 1745 1719 1781 Signaculum
1734 1749 1803 1776 enim
1824 1757 1889 1784 apo-

1090 1785 1196 1813 stolatus
1210 1787 1259 1813 mei
1273 1795 1315 1815 vos
1325 1789 1384 1815 estis
1397 1789 1433 1825 (l.
1446 1790 1505 1818 Cor.
1517 1791 1544 1820 9.
1558 1792 1597 1828 2).
1613 1794 1647 1820 At
1656 1793 1708 1821 hoc
1721 1794 1781 1822 loco
1796 1796 1823 1822 id
1836 1803 1888 1823 non

1091 1830 1126 1857 ita
1139 1832 1275 1866 exprimit,
1296 1834 1343 1861 sed
1357 1842 1405 1869 per
1418 1835 1532 1863 ironiam
1546 1838 1700 1873 quamdam,
1724 1845 1753 1867 ut
1768 1841 1890 1875 majoris

1090 1878 1197 1906 aculeos
1215 1880 1329 1907 orationi
1354 1881 1456 1910 addat:
1474 1884 1524 1910 Aut
1544 1885 1667 1920 nutuquid
1687 1894 1791 1921 egemus
1815 1895 1888 1914 cout-

1090 1926 1244 1954 mendiuitiir
1264 1927 1400 1962 epistolis?
1421 1930 1508 1965 Atque
1523 1931 1744 1967 pseudapostolos
1758 1933 1889 1965 innuens,

1091 1971 1221 2005 subjecit:
1238 1973 1311 2000 Sicut
1324 1975 1429 2009 quidam
1442 1976 1476 2002 ad
1495 1984 1549 2010 eos,
1565 1982 1608 2004 aut
1624 1986 1655 2005 ea:
1666 1979 1736 2006 vobis
1756 1987 1890 2006 commen-

1090 2016 1186 2044 daliliis
1199 2019 1322 2052 epistolis,
1335 2019 1367 2046 ad
1378 2020 1454 2048 alios.
1469 2021 1571 2050 Deinde
1581 2024 1706 2058 quoniam
1719 2031 1805 2060 grave
1820 2030 1889 2056 erat,

1090 2064 1161 2098 quod
1174 2064 1289 2098 dixerat,
1299 2065 1325 2093 id
1333 2067 1448 2102 mitigat,
1461 2069 1518 2096 lucc
1530 2069 1612 2097 verba
1624 2071 1793 2106 subjungens
1805 2081 1813 2099 :
1826 2071 1891 2107 Epi-

1090 2110 1157 2137 slala
1168 2115 1255 2138 nostra
1268 2120 1311 2139 vos
1324 2114 1383 2140 estis
1393 2115 1487 2149 scripta
1497 2116 1523 2142 in
1533 2115 1650 2143 cordibus
1661 2118 1765 2150 nostris,
1776 2126 1839 2153 quer
1849 2118 1893 2145 sti-

1090 2160 1133 2183 tur
1141 2161 1163 2184 et
1171 2157 1262 2192 legitur
1271 2158 1302 2184 ab
1314 2160 1429 2186 omnibus
1443 2161 1584 2188 hominibus
1593 2169 1603 2188 .'
1613 2163 1640 2190 5.
1649 2163 1812 2198 utauifestati
1825 2164 1894 2199 quod

1091 2203 1198 2237 epistola
1212 2205 1271 2231 estis
1285 2204 1389 2232 Christi.
1407 2205 1462 2234 Hoc
1477 2207 1537 2235 loco
1550 2215 1603 2235 non
1615 2209 1701 2236 solum
1717 2211 1835 2243 amoris,
1847 2210 1894 2237 sed

1091 2249 1170 2277 etiam
1182 2254 1253 2277 recte
1264 2249 1393 2279 factorum
1405 2253 1586 2281 testimonium
1598 2253 1663 2289 ipsis
1674 2255 1781 2290 tribuit,
1792 2257 1897 2292 quippe

1090 2296 1135 2330 qui
1156 2296 1287 2330 ejusmodi
1307 2297 1375 2330 sint,
1390 2302 1417 2325 ut
1430 2299 1550 2334 magistri
1565 2300 1720 2335 dignitatem
1738 2309 1791 2336 per
1808 2303 1897 2329 virtu-

1092 2345 1145 2368 tem
1168 2349 1243 2368 suam
1256 2342 1442 2370 demonstrare
1457 2350 1566 2378 queant.
1583 2345 1640 2373 Hoc
1657 2346 1730 2373 enim
1751 2347 1900 2382 signiﬁcat

1090 2387 1163 2421 quod
1185 2387 1233 2421 ait,
1256 2387 1375 2422 Epistolis
1398 2394 1483 2416 nostra
1504 2398 1547 2417 eos
1564 2391 1634 2418 estis.
1659 2391 1685 2418 Id
1707 2392 1782 2427 quod
1810 2392 1900 2420 litera:

1091 2432 1230 2465 fecissent,
1247 2440 1344 2468 nempe
1358 2438 1387 2461 ut
1401 2441 1451 2461 nos
1465 2436 1696 2468 commendarent.
1711 2444 1743 2464 ac
1758 2445 1899 2466 reveren-

1093 2479 1156 2506 tiam
1178 2479 1255 2507 nobis
1279 2480 1471 2514 conciliarent;
1496 2481 1547 2509 hoc
1576 2482 1625 2517 ipsi
1652 2484 1803 2518 prtestatis,
1834 2485 1900 2511 dum

1092 2524 1214 2552 homines
1240 2532 1288 2553 vos
1312 2526 1402 2553 vident
1428 2531 1509 2561 atque
1535 2527 1657 2556 audiunt.
1687 2529 1899 2564 Diseipulorum

1092 2570 1163 2598 enim
1184 2571 1279 2605 virtus,
1298 2572 1425 2607 magistro
1444 2573 1504 2607 plus
1523 2575 1686 2606 ornamenti,
1710 2581 1798 2611 atque
1823 2585 1903 2604 com-

1092 2616 1270 2644 mendationis
1295 2617 1389 2649 alfert,
1412 2625 1493 2653 quam
1516 2619 1568 2645 ulla
1590 2620 1715 2654 epistola.
1732 2621 1851 2657 Scripta
1875 2623 1902 2649 in

1091 2662 1209 2689 cordibus
1222 2664 1324 2691 nostris.
1347 2663 1402 2691 Hoc
1414 2669 1467 2697 est,
1483 2672 1563 2699 quam
1577 2672 1671 2694 omnes
1686 2673 1791 2694 norum
1808 2678 1816 2695 :
1831 2669 1904 2696 adeo

1093 2708 1217 2735 nimirum
1238 2716 1286 2736 vos
1299 2717 1405 2745 quoquo
1417 2710 1537 2745 gentium
1557 2711 1790 2746 circumferimus,
1815 2721 1905 2752 atque

1092 2755 1181 2782 animo
1204 2763 1352 2783 versamus.
1378 2757 1435 2785 Non
1457 2765 1536 2787 secus
1558 2766 1590 2786 ac
1608 2759 1630 2787 si
1647 2759 1749 2788 diceret
1769 2771 1777 2788 :
1798 2762 1905 2790 Nostra

1092 2801 1160 2835 apud
1175 2802 1241 2829 alios
1251 2803 1450 2831 commendatio
1461 2811 1509 2832 vos
1522 2805 1588 2833 estis
1602 2813 1608 2832 :
1620 2813 1669 2832 vos
1682 2806 1754 2842 enim
1771 2806 1803 2834 in
1816 2809 1907 2836 corde

1093 2855 1199 2883 semper
1214 2848 1354 2885 habemus,
1378 2857 1410 2878 ac
1423 2854 1510 2879 vestra
1531 2856 1604 2880 recte
1623 2851 1691 2879 facta
1706 2852 1785 2887 apud
1803 2861 1909 2882 omnes
