2026 3119
162 159 214 188 A57

161 216 350 252 prmdicamus.
365 213 424 248 Quo
444 212 483 243 ﬁt,
498 216 526 238 ut
548 218 600 237 non
622 210 702 237 modo
714 210 775 244 quia
798 209 867 244 apud
888 209 955 235 alios

162 269 271 297 quoque
286 258 528 287 cotnmendationis
551 258 634 284 instar
656 257 733 283 nobis
747 257 820 287 estis,
837 256 957 291 epistolis

162 309 260 336 vestris
282 307 391 334 ntinime
414 305 594 340 indigeamus;
620 303 666 330 sed
687 303 747 330 ideo
761 310 867 337 quoque
881 310 957 329 com-

164 353 338 382 mendatione
363 351 441 379 nobis
456 351 525 384 apud
546 358 594 377 vos
609 349 718 376 minime
739 356 806 383 opus
821 353 872 379 est,
886 347 957 382 quod

163 408 212 427 vos
222 399 344 432 apprime
358 406 455 425 amem.
471 396 577 424 Etenim
589 396 621 422 ad
634 396 739 431 ignotos
752 389 859 430 quidem
873 394 958 421 literis

161 447 296 482 quispiam
319 453 387 479 opus
409 444 509 476 habet;
534 450 582 469 vos
603 447 691 469 autem
715 441 792 469 nobis
815 442 841 468 in
867 441 958 468 animo

162 494 239 520 estis.
255 492 309 519 Nec
326 499 389 518 vero
405 490 490 518 solum
506 489 583 521 dixit,
600 489 679 521 Estis,
694 488 740 515 scd
760 487 888 521 Inscripti,
906 487 957 514 hoc

162 543 215 569 est,
232 544 282 564 nec
296 536 361 564 mihi
377 544 409 562 ex
424 535 514 562 animo
527 533 652 561 excidere
663 533 783 568 potestis.
798 532 870 559 Sicut
886 532 958 558 enim

163 592 195 610 et
210 582 305 615 literis,
319 582 362 616 qui
377 588 423 608 eas
433 581 535 615 legunt.
544 580 584 607 sic
593 586 626 606 ex
640 578 721 605 corde
735 582 837 609 nostro,
851 576 895 611 qui
908 576 958 604 hoc

164 634 275 662 norunt,
297 634 415 656 nostram
436 635 499 662 erga
525 634 574 653 vos
595 624 766 653 dilectionem
791 628 957 659 perspectam

164 674 277 701 habent.

175 726 176 729 ‘
199 721 227 747 ‘2.
248 720 379 754 Quocirca
404 719 425 746 si
440 719 576 746 literarum
589 716 640 744 hoc
656 723 753 743 munus
766 720 819 748 est,
836 720 864 741 ut
879 723 911 743 ex
926 715 959 742 iis

165 767 266 801 liqueat
280 767 349 793 hunc
359 769 403 792 aut
415 765 488 791 lllllll]
502 763 565 790 ntihi
581 763 694 790 atnicum
707 761 824 793 esse,hic
836 761 959 788 libertate

165 813 279 846 fruatur,
300 812 334 839 ad
357 812 382 838 id
400 816 482 838 totum
504 809 698 837 conﬁciendum
722 809 787 836 satis
809 812 850 835 est
871 812 958 834 vestra

165 864 229 893 erga
243 865 286 884 me
296 857 402 883 caritas.
417 856 481 883 Nam
492 856 549 882 sive
564 855 596 882 ad
609 863 655 880 vos
668 854 880 889 proﬁciscamttr,
893 852 960 879 alio-

166 911 226 929 rum
242 902 473 930 commendatione
494 901 604 928 minime
620 900 780 935 indigemus,
796 898 867 934 quod
883 905 960 924 amor

166 957 230 984 erga
246 957 289 976 me
302 953 391 976 vester
413 949 438 976 id
461 948 580 975 muneris
590 947 645 982 jam
669 947 805 981 occuparit
821 955 828 973 :
843 945 902 972 sive
926 945 960 972 ad

166 995 245 1027 alios,
262 995 344 1022 literis
360 1001 452 1021 rursus
465 993 529 1020 nihil
545 993 622 1020 nobis
642 1000 709 1027 opus
722 996 774 1024 est,
797 996 888 1026 utpote
902 991 962 1025 qni-

167 1041 219 1067 bus
236 1041 329 1068 eadem
340 1040 448 1067 dilectio
463 1047 555 1067 earum
569 1039 628 1066 loco
643 1039 708 1065 satis
723 1038 778 1066 sit:
792 1036 962 1064 circumieri-

168 1095 228 1114 mus
243 1087 314 1114 enim
327 1087 466 1121 epistolam
480 1086 506 1112 in
531 1085 656 1113 cordibus
677 1085 784 1112 nostris.
800 1083 857 1110 Mox
881 1083 960 1110 altius

169 1133 256 1160 adhuc
269 1140 316 1160 eos
328 1130 462 1163 attollens,
472 1131 612 1166 epistolam
624 1138 730 1166 quoque
740 1129 840 1157 Christi
856 1136 903 1156 eos
916 1135 962 1155 vo-

170 1183 222 1211 cat,
243 1179 359 1205 dicens:
382 1177 538 1212 Mauifestati
556 1177 622 1212 quod
641 1176 748 1210 epistola
772 1175 830 1202 estis
855 1174 957 1201 Christi.

171 1225 258 1259 Atque
282 1223 308 1250 id
331 1223 456 1258 loquutus
476 1222 644 1250 occasionem
670 1221 731 1249 hinc
755 1225 835 1255 atque
856 1221 961 1247 initium

171 1270 251 1297 sumit
269 1270 353 1305 legem
366 1269 546 1296 examinandi.
562 1269 647 1303 Atque
663 1267 715 1295 alio
730 1267 811 1294 modo
825 1275 900 1293 suant
916 1273 963 1293 eos

171 1316 312 1350 epistolam
326 1322 386 1342 esse
398 1314 440 1341 hic
453 1315 490 1341 ait
500 1323 507 1341 :
517 1314 640 1350 superius
651 1314 723 1340 enim
737 1321 784 1341 eos
800 1313 900 1340 idcirco
911 1312 964 1348 cpi-

173 1363 269 1389 stolatn
294 1361 445 1396 appellabat
459 1381 466 1392 ,
481 1361 552 1395 quod
574 1361 608 1386 ab
629 1360 694 1394 ipsis
709 1358 961 1386 commendaretur:

173 1408 217 1434 hic
238 1395 489 1441 autemepistolam
505 1405 605 1433 Christi
626 1413 672 1432 eos
694 1410 780 1435 vocat,
805 1409 834 1431 ut
848 1404 893 1439 qui
917 1404 963 1431 Dei

172 1454 258 1489 legem
284 1453 439 1488 inscriptam
468 1452 594 1479 habeant.
622 1451 689 1479 Nam
715 1459 774 1486 qua:
803 1451 875 1479 Deus
902 1457 964 1477 cum

173 1499 297 1526 omnibus
318 1499 393 1531 aliis,
418 1503 472 1525 tum
489 1497 563 1525 vobis
587 1499 667 1525 etiam
689 1502 750 1525 nota
772 1504 833 1525 esse
847 1497 962 1529 volebat,

173 1545 231 1572 haec
242 1545 268 1571 in
283 1544 410 1571 cordibus
424 1544 518 1570 vestris
534 1543 660 1577 inscripta
674 1547 745 1570 sunt.
761 1542 816 1569 Nos
831 1550 911 1577 porro
927 1542 962 1568 ita

173 1597 221 1617 vos
242 1589 466 1624 comparavimus,
492 1595 520 1616 ut
536 1589 626 1616 literas
648 1589 818 1623 exciperetis.
834 1587 869 1615 Ut
892 1587 963 1614 enim

173 1638 260 1666 Moses
280 1638 382 1672 lapides
403 1642 430 1665 et
452 1637 557 1665 tabulas
583 1637 705 1671 sculpsit,
726 1637 765 1663 sic
790 1643 840 1663 nos
858 1641 964 1670 quoque

172 1685 277 1711 animas
295 1689 399 1711 vestras
416 1683 495 1710 :ideo
510 1683 557 1716 ait,
581 1682 726 1709 Ministrata
751 1690 766 1707 ιι
787 1681 869 1708 nobis.
888 1681 922 1707 At
937 1681 963 1707 in

175 1731 226 1757 hoc
239 1729 296 1765 pari
317 1729 472 1756 conditioae
492 1733 568 1756 erant
582 1737 588 1756 :
606 1736 666 1755 nam
688 1732 714 1754 et
729 1727 780 1754 illa:
795 1734 809 1754 a
830 1727 885 1754 Deo
897 1733 964 1753 con-

174 1777 283 1811 scripta:
302 1781 390 1810 erant,
406 1780 433 1803 et
447 1775 505 1802 lucc
526 1783 540 1802 a
554 1775 665 1810 Spiritu.
680 1774 799 1807 Quanam
814 1780 876 1808 ergo
892 1773 918 1799 in
933 1780 963 1799 re

174 1822 320 1849 discrimen
333 1821 413 1848 situm
426 1820 486 1848 est?
502 1820 605 1855 Scripta
621 1829 671 1847 non
685 1819 890 1852 atramento,sed
903 1819 965 1853 Spi-

174 1869 225 1894 ritu
242 1867 288 1894 Dei
299 1867 402 1893 viventis
416 1873 426 1894 :
439 1874 489 1893 non
501 1866 528 1893 in
541 1866 631 1892 tabulis
643 1865 764 1900 lapideis,
776 1864 820 1892 sed
834 1865 859 1890 in
873 1864 965 1890 tubulis

175 1915 258 1941 cordis
278 1912 433 1940 carnalibus.
456 1912 589 1946 Quantum
605 1916 693 1938 autem
710 1911 779 1937 inter
790 1910 919 1945 Spiritum
939 1914 966 1936 et

174 1965 364 1992 atramentum,
378 1964 457 1994 atque
470 1959 539 1986 inter
555 1957 673 1993 lapideas
686 1962 713 1984 et
725 1957 846 1984 carnales
862 1956 966 1983 tabulas

176 2008 297 2038 interest,
315 2011 416 2033 tantum
430 2006 509 2032 etiam
526 2005 595 2032 inter
607 2003 656 2031 has
668 2008 695 2031 et
709 2003 767 2030 illas
778 2007 818 2030 est
830 2001 965 2029 discrimi-

178 2054 221 2081 nis
236 2063 242 2080 :
259 2059 291 2080 ac
312 2051 422 2087 proinde
444 2050 514 2077 inter
533 2057 579 2077 eos
591 2057 706 2085 quoque,
721 2049 765 2084 qui
788 2048 828 2075 his
850 2055 959 2082 operam

175 2103 317 2130 navaiuut,
331 2103 356 2125 et
371 2106 442 2129 eum,
457 2097 501 2133 qui
514 2097 567 2124 illis
579 2104 686 2131 operam
699 2095 814 2123 navavit.
831 2095 871 2123 0b
891 2103 965 2122 eam-

176 2153 228 2181 que
251 2151 370 2176 causam,
386 2143 449 2178 quia
469 2141 608 2178 magniﬁce
620 2141 746 2176 loquutus
760 2140 855 2174 fuerat,
875 2140 968 2166 confe-

179 2192 244 2218 stim
274 2191 392 2224 seipsutn
414 2189 518 2223 carpit,
541 2188 654 2215 dicens:
671 2188 698 2214 4.
726 2187 860 2213 Fiduciam
884 2192 967 2212 autem

181 2236 256 2263 talem
272 2234 393 2261 habemus
412 2242 456 2268 per
469 2233 597 2260 Christum
611 2233 643 2259 ad
663 2232 764 2264 Deum;
778 2241 808 2259 ac
823 2240 914 2259 rursus
929 2236 969 2258 t0—

177 2288 231 2310 tum
257 2282 284 2310 id
306 2282 362 2309 Deo
376 2281 505 2308 adscribit
521 2289 528 2307 :
545 2280 640 2307 hormn
662 2280 734 2307 enim
755 2280 832 2306 nobis
847 2279 969 2305 Christus

178 2336 256 2356 causa
284 2332 345 2362 est,
369 2327 464 2362 inquit.
490 2327 518 2355 5.
549 2326 611 2353 Νοη
633 2326 701 2361 quod
723 2326 871 2360 sufficientes
890 2325 970 2351 situas

177 2374 287 2409 cogitare
294 2373 391 2408 aliquid
403 2381 434 2400 ea:
444 2373 515 2400 nobis
523 2377 651 2407 tamquam
663 2380 693 2399 ex
703 2371 784 2398 nobis.
798 2371 863 2398 Vide
876 2377 970 2398 rursus

178 2419 291 2446 alteram
304 2418 384 2445 etiam
397 2418 627 2453 prtemunitionem
638 2426 645 2450 ;
657 2417 788 2452 siquidem
801 2417 850 2444 hac
859 2418 968 2450 virtute,

180 2463 230 2491 hoc
244 2468 286 2490 est
298 2462 460 2494 humilitate.
475 2464 502 2490 in
520 2464 615 2499 primis
630 2463 728 2491 Paulus
741 2463 859 2490 excellit.
875 2462 971 2497 qum:

180 2509 218 2541 ﬁt,
234 2514 264 2536 ut
278 2509 384 2543 quoties
398 2509 432 2536 de
447 2510 535 2544 seipso
557 2509 700 2544 magniﬁce
724 2508 825 2543 aliquid
840 2509 887 2541 ait,
904 2507 969 2534 nihil

181 2564 232 2583 non
252 2555 333 2583 studii
347 2555 482 2588 adhibeat,
499 2559 528 2583 ut
543 2556 569 2583 id
590 2556 684 2590 quovis
706 2555 788 2582 modo
814 2555 917 2590 mitiget
939 2563 971 2582 ac

181 2602 293 2628 molliat.
311 2602 387 2635 Quod
401 2603 480 2629 etiam
496 2603 548 2629 hoc
569 2601 629 2629 loco
650 2602 690 2628 his
702 2601 791 2628 verbis
807 2601 870 2628 facit
886 2610 893 2627 :
910 2601 971 2627 Non

180 2649 247 2684 quod
261 2650 340 2676 simus
359 2650 506 2685 sufficientes
517 2650 628 2685 cogitare
640 2642 737 2684 aliquid
758 2657 789 2675 ex
802 2648 882 2680 nobis,
906 2654 970 2674 tam-

181 2703 255 2728 quam
270 2703 303 2722 ea:
323 2695 405 2723 nobis.
421 2695 477 2722 Hoc
497 2699 548 2729 est,
563 2695 620 2723 Non
636 2695 671 2722 ita
691 2695 757 2727 dixi,
775 2694 912 2720 Fiduciam
925 2693 971 2720 Ita-

183 2741 278 2773 bemus,
294 2748 326 2768 ac
339 2741 361 2768 si
374 2740 446 2768 aliud
459 2745 579 2768 nostrum
601 2740 645 2773 sit,
659 2740 728 2767 aliud
747 2740 808 2773 Dei;
824 2739 869 2767 sed
886 2743 970 2766 totum

183 2785 251 2812 istud
268 2787 324 2814 Deo
345 2785 482 2814 adscribo.
499 2785 597 2813 Nostra
610 2787 676 2813 enim
697 2786 845 2821 sufﬁcientia
867 2793 898 2812 ea:
916 2784 972 2812 Deo

182 2837 226 2864 est,
239 2832 267 2860 6.
281 2833 359 2868 quiet
372 2833 475 2860 idoneos
486 2841 531 2860 nos
542 2834 601 2869 fecit
612 2833 739 2861 ministros
753 2833 810 2860 noui
821 2833 972 2860 testamenti.

182 2879 250 2911 Quid
268 2886 321 2915 est,
338 2880 448 2907 Idoueos
473 2889 518 2908 uos
537 2881 617 2916 fecit?
638 2879 712 2916 Fecit
732 2885 762 2907 ut
783 2880 845 2908 huic
858 2880 972 2920 ‘muneri

351 2929 485 2959 PATROL.
509 2931 567 2960 Gn.
592 2930 671 2962 LXI.

674 153 708 181 IN
727 152 835 180 El'lS'l‘.
857 152 877 179 ll
908 153 955 181 AD
974 152 1051 180 COR.
1073 153 1188 182 HOMIL.
1212 153 1254 180 Vl.

1746 160 1797 186 458

1010 217 1088 244 pares
1101 218 1160 238 esse
1172 213 1314 246 possimus.
1330 213 1442 240 Parvum
1455 221 1535 248 porro
1551 214 1603 241 hoc
1616 222 1669 241 non
1689 218 1741 248 est,
1763 215 1801 242 ni-

1011 257 1107 283 mirum
1130 257 1196 284 tales
1218 258 1321 285 tabulas
1345 264 1373 285 et
1395 259 1532 293 epistolas,
1556 260 1690 295 prioribus
1714 259 1798 286 multo

1011 302 1126 336 majores
1139 310 1170 330 ac
1185 305 1386 338 prmstantiores
1407 305 1464 332 orbi
1478 306 1598 332 attulisse
1615 315 1622 332 :
1637 305 1708 332 unde
1721 306 1803 332 ctiatn

1011 347 1157 383 subjunxit,
1173 349 1233 376 Non
1252 350 1340 382 literis,
1362 351 1406 378 sed
1426 352 1541 386 spiritus.
1562 352 1601 379 En
1617 360 1711 379 rursus
1731 351 1801 378 aliud

1011 393 1166 422 discrimen.
1183 395 1251 428 Quid
1273 397 1382 423 autem?
1404 404 1493 424 annon
1509 398 1549 424 lex
1564 405 1672 432 quoque
1693 397 1737 424 illa
1753 397 1804 431 spi-

1010 438 1114 468 ritualis
1139 441 1215 468 erat?
1235 442 1368 476 quomodo
1389 450 1453 477 ergo
1477 443 1537 470 ait:
1554 443 1655 470 Scimus
1674 443 1743 477 quod
1764 443 1804 468 [ex

1012 487 1152 522 spititualis
1165 493 1200 515 est
1214 487 1301 524 (Rom.
1317 489 1344 516 7.
1362 488 1428 523 Ml?
1445 489 1599 524 Spiritualis
1613 489 1719 524 quidem
1734 494 1802 519 erat,

1011 534 1058 560 sed
1072 535 1195 568 spiritum
1220 535 1329 562 minime
1343 536 1479 569 prtebehat
1494 546 1501 564 :
1518 545 1570 564 non
1592 538 1662 564 enim
1680 537 1802 570 spiritum

1011 578 1110 612 Moses,
1131 580 1177 606 sed
1194 580 1284 607 literas
1297 582 1403 614 attulit;
1424 586 1523 609 nostra:
1542 587 1630 609 autem
1645 582 1705 609 ﬁdei
1727 590 1801 609 com-

1012 626 1123 652 missum
1139 630 1191 658 est,
1216 630 1244 653 ut
1263 627 1386 661 spiritum
1410 627 1504 654 demus
1521 635 1528 653 ε
1543 627 1614 654 unde
1635 628 1714 654 ctiam
1731 627 1801 654 istud

1012 671 1131 699 studiose
1155 673 1339 706 prosequitur,
1364 673 1475 704 dicens,
1499 672 1584 699 Litera
1604 674 1670 698 enim
1693 673 1802 705 occidit,

1011 718 1117 752 spiritus
1130 723 1212 744 autem
1228 718 1344 753 viviﬁcat.
1359 719 1423 746 Hice
1434 723 1522 746 autem
1537 727 1587 745 non
1604 723 1704 745 temere
1725 717 1802 749 dixit,

1013 763 1059 790 sed
1073 771 1119 791 eos
1134 764 1305 791 subindicans
1319 765 1363 799 qui
1377 764 1410 791 de
1423 764 1540 792 Jutlaicis
1553 764 1634 791 altum
1653 762 1801 797 sapiebant.

1013 810 1065 837 Per
1085 810 1189 838 literam
1211 816 1300 838 autem
1324 811 1374 838 hoc
1399 811 1459 838 loco
1480 811 1564 845 legem
1588 809 1722 844 intelligit,
1746 816 1805 843 quae

1015 861 1157 890 peccantes
1181 858 1313 892 supplicio
1334 857 1482 889 afﬁciebat;
1499 864 1546 890 per
1569 856 1691 890 spiritmn
1713 859 1802 881 autem

1013 903 1126 937 gratiam
1145 903 1282 938 baptismi,
1297 911 1348 938 qua
1371 904 1399 937 ii,
1422 904 1466 939 qui
1488 911 1502 930 a
1525 907 1635 938 peccato
1651 901 1804 936 interempti

1014 953 1084 981 sunt,
1107 949 1140 975 ad
1161 949 1242 976 vitam
1268 952 1437 976 revoCantur.
1455 949 1600 983 Postquam
1624 947 1695 974 enitn
1711 946 1806 974 discri-

1013 1002 1074 1021 men
1090 995 1154 1022 illud
1176 996 1406 1028 commemoravit,
1423 995 1493 1030 quod
1514 995 1583 1022 inter
1606 995 1745 1029 utriusque
1766 997 1805 1021 ta-

1015 1039 1084 1067 bula:
1101 1045 1223 1067 naturam
1241 1045 1309 1073 erat,
1331 1048 1385 1068 non
1405 1041 1432 1068 in
1452 1048 1485 1068 eo
1500 1041 1594 1074 lueret,
1622 1040 1671 1068 sed
1690 1040 1805 1069 ulterius

1015 1093 1194 1121 progressus,
1221 1086 1272 1113 hoc
1294 1086 1374 1113 latius
1398 1086 1569 1121 prosequitur
1592 1094 1598 1111 :
1622 1093 1674 1119 qua
1700 1085 1804 1112 ratione

1014 1133 1163 1160 auditorem
1180 1133 1263 1167 magis
1273 1140 1369 1167 capere
1381 1136 1494 1167 poterat,
1509 1132 1632 1158 nimirum
1646 1131 1681 1158 ab
1691 1130 1804 1157 utilitate

1015 1183 1042 1205 et
1058 1178 1190 1205 facilitate.
1207 1178 1297 1213 Neque
1317 1178 1388 1205 enim
1404 1177 1522 1205 laborem
1544 1177 1634 1209 habet,
1659 1176 1756 1211 inquit,
1778 1180 1804 1202 et

1016 1224 1144 1259 majorem
1167 1225 1279 1259 gratiam
1294 1224 1381 1251 affert.
1398 1223 1463 1251 Nam
1476 1223 1498 1250 si
1513 1223 1546 1251 de
1559 1223 1666 1251 Christo
1682 1223 1805 1257 loquens.

1015 1277 1047 1296 ea
1068 1270 1236 1305 potissimum
1253 1269 1328 1304 ponit
1341 1277 1399 1304 qua:
1421 1269 1592 1304 benignitatis
1608 1269 1689 1303 ipsius
1704 1269 1803 1303 potius.

1015 1322 1095 1350 quam
1111 1315 1194 1342 nostri
1210 1315 1296 1341 meriti
1320 1319 1391 1347 sunt,
1407 1322 1519 1349 quicque
1544 1315 1613 1342 inter
1633 1322 1663 1342 se
1683 1313 1806 1341 devincta

1016 1366 1096 1394 sunt,
1114 1361 1198 1388 multo
1227 1361 1310 1395 magis
1336 1361 1387 1387 hoc
1409 1350 1562 1388 necessario
1586 1361 1658 1392 facit,
1682 1367 1742 1387 cum
1772 1359 1807 1387 de

1019 1411 1180 1434 testamento
1193 1407 1321 1442 loquitur.
1347 1407 1479 1440 Quidnam
1502 1407 1582 1442 igitur
1603 1407 1660 1434 iure
1673 1406 1755 1433 verba
1772 1406 1808 1432 si—

1017 1453 1155 1487 gniﬁcant,
1177 1441 1263 1479 Litera
1285 1452 1396 1479 occidit?
1412 1441 1520 1479 Dixerat
1531 1452 1638 1487 quidem
1663 1452 1688 1478 itt
1711 1441 1810 1480 tabulis.

1017 1498 1129 1534 lapideis
1153 1504 1179 1527 et
1204 1499 1330 1527 cordibus
1347 1499 1472 1531 carneis;
1498 1504 1526 1526 at
1546 1499 1664 1526 nondum
1683 1505 1808 1532 magnum

1017 1545 1152 1580 quoddam
1183 1545 1328 1573 discrimen:
1357 1546 1476 1579 proferre
1503 1545 1653 1572 videbatur.
1678 1544 1808 1579 Adjunxit

1018 1592 1118 1626 itaque,
1129 1592 1198 1626 quod
1210 1592 1254 1618 illa
1263 1592 1340 1618 litera
1349 1596 1395 1618 aut
1405 1596 1566 1623 atramento,
1579 1590 1636 1618 haec
1645 1590 1738 1625 spiritu
1753 1597 1810 1623 per-

1018 1639 1117 1673 scripta
1130 1639 1175 1665 sit.
1203 1638 1259 1665 lloc
1272 1642 1361 1665 autem
1378 1645 1431 1664 non
1445 1645 1492 1665 cos
1506 1637 1648 1664 admodum
1664 1636 1808 1663 excitabat.

1019 1684 1076 1711 lloc
1090 1692 1154 1719 ergo
1167 1684 1274 1712 demum
1291 1684 1367 1717 dicit,
1383 1683 1454 1718 quod
1470 1683 1510 1710 vel
1525 1690 1626 1717 pennas
1647 1682 1701 1709 illis
1715 1681 1810 1709 afferre

1018 1735 1108 1765 queat,
1125 1738 1231 1764 nempe,
1248 1730 1335 1757 Litera
1350 1731 1451 1762 occidit,
1470 1730 1575 1765 spiritus
1595 1734 1679 1756 autem
1690 1729 1810 1761 rivi/ient.

1054 1776 1081 1803 5.
1104 1775 1237 1809 Quidnam
1253 1780 1340 1803 autem
1361 1775 1412 1803 hoc
1430 1775 1492 1802 est?
1509 1775 1536 1802 lo
1553 1775 1611 1810 lege
1623 1775 1645 1801 is
1657 1774 1701 1809 qui
1714 1781 1811 1809 pecca-

1020 1827 1075 1849 tum
1093 1822 1181 1854 habet,
1199 1823 1327 1857 punitur;
1350 1822 1394 1849 hic
1409 1823 1454 1856 qui
1470 1826 1608 1856 peccatum
1623 1821 1712 1854 habet,
1735 1828 1814 1855 acce-_

1021 1869 1088 1895 deus
1112 1869 1272 1903 baptizatur,
1296 1876 1327 1895 ac
1349 1868 1437 1902 justus
1460 1867 1574 1894 efficitur
1588 1875 1595 1892 :
1609 1867 1700 1900 justus
1720 1871 1810 1893 autem

1021 1914 1143 1945 effectus.
1167 1914 1242 1946 vivit,
1265 1919 1356 1949 utpote
1371 1914 1472 1949 peccati
1495 1918 1582 1940 morte
1597 1912 1736 1939 liberatus.
1752 1911 1808 1938 Lex

1020 1963 1042 1989 si
1059 1961 1218 1989 homicidam
1230 1961 1384 1995 arripuerit,
1399 1968 1461 1987 eum
1476 1964 1562 1987 morte
1575 1959 1679 1986 afﬁcit:
1692 1957 1775 1993 gratia
1789 1958 1811 1984 si

1020 2007 1180 2034 homicidam
1191 2007 1304 2041 ceperit,
1312 2006 1444 2033 illuminat
1457 2012 1489 2032 ac
1501 2004 1627 2032 viviﬁcat.
1640 2004 1707 2038 Quid
1723 2008 1812 2030 autem

1020 2054 1180 2082 homicidam
1201 2053 1278 2081 dico?
1302 2053 1356 2080 Lex
1380 2059 1459 2083 eum.
1482 2052 1526 2086 qui
1550 2051 1652 2078 sabbati
1676 2051 1719 2078 die
1743 2050 1812 2084 ligna

1021 2100 1176 2135 collegerat,
1203 2103 1338 2134 arreptum
1365 2096 1496 2131 lapidibus
1517 2096 1606 2124 obruit
1627 2095 1722 2130 (Nunt.
1747 2095 1812 2130 lii);

1022 2147 1073 2172 hoc
1095 2145 1166 2172 enim
1184 2149 1227 2172 est
1240 2144 1309 2178 quod
1325 2144 1373 2175 ait,
1385 2142 1472 2170 Litera
1486 2142 1576 2169 occidit
1590 2150 1599 2168 :
1614 2142 1698 2177 gratia
1720 2147 1812 2169 contra

1022 2195 1163 2219 sexcentos
1178 2190 1324 2218 homicidas
1343 2194 1370 2216 ct
1385 2189 1504 2216 latrones
1517 2189 1628 2223 accepit,
1643 2195 1675 2214 ac
1688 2187 1812 2222 baptismi

1022 2246 1090 2274 aqua
1107 2238 1204 2266 tinctos
1218 2237 1353 2272 prioribus
1365 2235 1443 2263 malis
1457 2235 1570 2267 liberat;
1585 2235 1636 2261 hoc
1657 2239 1709 2267 est,
1724 2234 1811 2269 Spiri-

1023 2289 1064 2311 tus
1083 2284 1202 2318 vivi/iam.
1219 2282 1265 2310 llla
1278 2290 1351 2316 eutn,
1375 2281 1420 2316 qui
1435 2281 1622 2316 deprehensus
1636 2285 1687 2313 cst,
1707 2288 1739 2307 ex
1753 2280 1814 2319 vivo

1023 2334 1157 2357 mortuum
1170 2328 1275 2356 reddit:
1290 2328 1347 2355 lucc
1361 2335 1436 2355 reum
1449 2335 1482 2354 ex
1495 2331 1602 2354 mortuo
1614 2327 1704 2353 vivum
1720 2324 1813 2353 efﬁcit.

1029 2376 1114 2403 Venite
1131 2375 1213 2407 enim,
1238 2374 1333 2409 inquit,
1360 2374 1394 2400 ad
1419 2381 1459 2400 me
1482 2381 1566 2400 omnes
1587 2373 1629 2407 qui
1651 2371 1770 2398 laboratis
1793 2375 1813 2398 et

1023 2421 1121 2449 onerati
1133 2421 1192 2448 estis
1204 2428 1213 2447 :
1226 2425 1253 2447 et
1268 2427 1320 2447 non
1340 2419 1416 2451 dixit,
1437 2418 1597 2446 excruciabo
1610 2425 1668 2450 vos,
1684 2417 1742 2450 sed,
1756 2417 1814 2451 reﬁ-

1023 2467 1090 2494 tiam
1101 2475 1144 2493 uos
1155 2466 1262 2500 (Matth.
1274 2466 1319 2492 Η.
1331 2465 1390 2499 28).
1404 2465 1510 2492 Etenim
1523 2465 1548 2491 in
1559 2464 1690 2499 baptismo
1703 2468 1815 2498 peccata

1024 2513 1200 2547 sepeliuntur,
1216 2512 1305 2547 priora
1316 2508 1450 2543 delentur,
1465 2511 1545 2537 ltomo
1555 2509 1715 2542 viviﬁcatur,
1728 2509 1816 2537 omnis

1023 2559 1107 2593 gratia
1123 2558 1149 2585 in
1165 2558 1249 2592 ipsius
1263 2561 1382 2592 pectore,
1400 2562 1535 2592 tamquam
1558 2556 1586 2583 in
1606 2555 1704 2584 tabulis
1720 2554 1815 2583 inscri-

1024 2605 1106 2632 bitur.
1118 2605 1209 2640 ltaque
1221 2610 1339 2639 reputes,
1357 2604 1448 2636 velim,
1459 2608 1558 2638 quanta
1573 2604 1688 2638 Spiritus
1700 2602 1816 2637 dignitas

1025 2651 1070 2684 sit,
1079 2651 1178 2685 quippe
1188 2658 1248 2677 cum
1263 2650 1347 2685 ipsius
1358 2649 1454 2677 tabula:
1465 2649 1600 2685 prioribus
1614 2649 1738 2676 meliores
1750 2648 1815 2679 sint.

1025 2701 1107 2730 atque
1130 2696 1187 2730 ipsa
1207 2696 1288 2723 etiam
1310 2695 1508 2723 resurrectione
1528 2695 1696 2730 prmstautius
1717 2693 1817 2728 aliquid

1030 2742 1164 2770 ostendat.
1179 2742 1245 2770 Nam
1259 2746 1285 2769 et
1297 2749 1370 2770 mors
1387 2749 1429 2775 ea,
1445 2750 1460 2769 a
1472 2750 1524 2777 qua
1539 2742 1595 2776 ipsa
1610 2742 1714 2772 liberat,
1730 2741 1818 2775 prio-re

1027 2789 1135 2824 gravior
1151 2794 1201 2821 est,
1218 2794 1245 2816 et
1259 2789 1368 2824 quidem
1391 2793 1476 2823 tanto,
1491 2794 1591 2824 quanto
1604 2789 1691 2816 anima
1710 2788 1816 2821 corpori

1029 2839 1139 2869 praestat
1155 2844 1161 2862 :
1176 2839 1257 2869 atque
1275 2842 1305 2861 ea
1320 2835 1386 2867 vita,
1402 2842 1481 2869 quant
1497 2835 1613 2870 Spiritus
1627 2833 1753 2869 impertit,
1771 2840 1816 2866 per

1029 2888 1088 2909 eam
1113 2880 1252 2908 conflatur.
1273 2880 1350 2914 Quod
1367 2881 1390 2908 si
1411 2880 1478 2908 hanc
1501 2880 1597 2908 afferre
1613 2884 1708 2912 potest,
1731 2878 1816 2906 multo

1592 2929 1633 2960 28
