2026 3119
231 183 284 212 439

233 241 319 276 magis
329 240 459 268 minorem
473 249 479 266 :
491 238 562 266 illam
576 237 674 266 etenim
690 236 828 272 prophetae
841 242 946 270 quoque
956 241 1021 262 con-

232 287 360 316 tulerunt.
377 285 444 312 ltanc
457 289 546 311 autem
562 290 613 310 non
626 282 747 318 perinde.
763 281 847 309 Nemo
868 280 951 312 enim,
967 279 1022 306 Deo

232 339 286 358 uno
299 334 421 365 excepto,
435 335 544 365 pecrata
559 329 696 356 remittere
710 331 807 363 potest.
819 326 889 360 Quin
905 333 938 354 ne
949 325 1023 352 illam

231 378 337 414 quidem
351 377 414 405 citra
425 377 540 412 Spiritus
551 384 628 410 opem
639 376 792 410 praebebant
804 375 952 410 prophetae.
965 373 1020 401 Nec

233 431 298 450 vero
321 423 372 450 hoc
386 423 524 450 dumtaxat
543 423 639 449 mirum
663 427 714 453 est,
734 421 805 456 quod
818 420 946 454 vivilicet,
971 419 1020 447 sed

231 470 312 496 etiam
327 468 398 504 quod
416 468 441 495 id
456 468 568 495 faciendi
581 472 739 502 potestatem
753 467 813 494 aliis
826 474 932 502 quoque
949 474 1021 501 pra:-

230 514 328 542 huerit.
357 513 469 548 Accipite
500 514 589 546 enim,
618 513 723 548 inquit,
751 512 877 546 Spiritum
904 517 1022 539 sanctum

236 559 325 593 (Joan.
337 558 381 586 20.
394 559 449 594 Ἡ).
465 559 532 593 Quid
544 559 600 586 ita?
614 567 646 586 an
663 559 687 586 id
703 559 762 586 sine
773 558 872 593 Spiritu
888 565 939 585 non
954 557 1019 585 lice-

230 604 296 632 bat?
309 605 360 632 Sed
377 609 403 631 ut
417 605 570 632 ostenderet
584 605 653 631 Deus
676 603 750 631 illum
771 611 904 639 suprema:
923 608 1019 638 poten-

231 650 274 677 tia:
295 657 326 677 ac
339 651 419 685 regia:
440 651 511 677 illius
533 652 656 677 essentia:
679 658 749 683 esse,
770 649 947 684 eamdemque
967 650 1019 676 vim

232 696 340 729 habere,
354 695 394 723 his
405 696 492 723 verbis
504 697 603 723 utitur:
615 696 726 729 ideoqtte
741 695 887 730 subjungit,
905 695 1021 728 Quorum

230 742 376 768 retttiscrilis
389 747 499 777 peccata,
515 742 674 768 remittuntur
689 742 722 767 eis
732 749 741 772 ;
753 746 776 767 et
786 749 892 776 quarunt
905 741 1019 767 retinue-

230 787 297 820 n'lis,
312 793 407 814 retenta
421 792 488 814 sunt.
504 787 724 822 Quandoquidem
741 787 820 820 igitur
839 793 887 813 nos
901 786 953 812 vita
969 785 1019 812 do-

231 833 314 867 navit,
331 834 448 861 viventes
470 840 636 865 maneamus,
654 840 704 859 nec
718 832 750 859 ad
766 833 881 866 priorem
905 836 1019 858 mortem

229 887 322 907 rursus
346 880 508 906 redeamus:
526 878 641 905 Christus
665 878 736 905 eniut
756 878 813 912 jrtm
836 885 886 903 non
913 877 1020 903 moritur

230 925 317 959 (Rom.
331 926 357 953 6.
375 926 431 961 i0).
442 925 517 959 Quod
533 925 603 953 enitn
621 930 741 952 mortuus
754 928 805 956 est,
822 928 929 958 peccato
943 930 1017 950 mor-

229 976 291 998 tuus
303 975 344 998 est
359 971 452 1003 semel,
468 978 517 998 nec
531 971 587 997 vult
598 977 704 1004 semper
719 977 767 996 ttos
781 970 873 1004 gratiae
887 969 1019 995 beneficio

229 1016 341 1043 salutem
356 1016 500 1051 consequi;
515 1016 615 1051 alioqui
627 1015 697 1042 enim
713 1016 831 1042 omnium
848 1015 923 1041 vacui
937 1013 1018 1041 futuri

229 1069 322 1089 sumus
338 1070 343 1087 :
359 1069 391 1088 ac
405 1061 518 1096 proinde
533 1068 548 1088 a
568 1061 645 1088 nobis
658 1068 765 1096 quoque
780 1059 879 1095 aliquid
901 1059 1018 1087 conferri

227 1108 295 1135 vult.
312 1108 403 1143 Itaque
426 1107 478 1135 hoc
495 1107 675 1141 conferamus,
699 1111 727 1134 ut
749 1107 865 1134 animam
882 1106 1016 1134 viventem

227 1161 428 1182 conservemus.

264 1201 362 1227 Anima
374 1200 435 1232 vita,
451 1207 516 1234 quat.
530 1214 566 1219 —
579 1199 646 1232 Quid
661 1203 748 1226 autem
764 1199 859 1225 anitnte
873 1199 925 1225 vita
941 1198 985 1230 sit,
1002 1205 1016 1224 a

227 1253 341 1282 corpore
364 1247 447 1273 disce.
470 1246 573 1273 Etenim
598 1253 694 1279 corpus
717 1250 771 1272 tum
797 1245 903 1272 demum
928 1246 1017 1272 vivere

226 1292 325 1319 dicitur
339 1300 398 1319 cum
415 1298 481 1318 sano
496 1291 610 1326 quodam
625 1299 718 1326 gressu
732 1290 830 1318 incedit
842 1300 848 1316 :
860 1296 886 1318 at
902 1291 944 1318 ttbi
960 1291 1016 1318 dis.

226 1338 342 1365 solutum
354 1338 435 1372 jacet,
450 1344 480 1364 ac
492 1342 654 1372 pmpostere
667 1342 799 1369 movetur,
812 1337 914 1364 etiamsi
928 1337 1017 1364 vivere

225 1389 271 1411 aut
285 1383 421 1411 ambulare
437 1383 560 1410 videatur
571 1403 578 1416 ,
603 1388 690 1410 tantcn
706 1383 799 1417 quavis
813 1387 897 1410 morte
909 1382 1016 1417 gravior

225 1435 266 1458 est
279 1431 431 1465 huiusmodi
446 1430 511 1457 vita.
527 1429 628 1457 Eodem
645 1429 725 1456 ntodo
738 1429 760 1457 si
773 1429 837 1456 nihil
851 1431 907 1456 sani
924 1430 1016 1464 loqua-

226 1480 280 1509 tur,
296 1477 341 1503 sed
357 1484 460 1509 eorum,
476 1477 520 1510 qtti
537 1475 634 1502 mentis
649 1480 746 1502 emota:
760 1480 836 1508 sunt,
853 1475 939 1502 verbis
956 1480 1015 1502 utu-

225 1525 287 1555 tur,
308 1528 388 1556 atque
403 1521 453 1548 alia
470 1529 517 1556 pro
530 1521 590 1548 aliis
604 1526 712 1552 cernat,
729 1528 822 1547 rursus
839 1521 1016 1547 miserabilior

225 1572 267 1594 est
280 1567 324 1594 ille
334 1587 341 1599 ,
357 1575 435 1602 quam
452 1567 558 1594 mortui.
577 1566 621 1594 Sic
635 1566 723 1593 anima
738 1574 844 1601 quoque
854 1587 860 1598 ,
876 1574 936 1593 cuttt
950 1566 1015 1593 nihil

225 1614 283 1640 sani
300 1613 389 1644 habet.
405 1613 509 1640 etiatnsi
526 1613 638 1640 viventis
652 1612 768 1647 spccietn
784 1612 909 1646 pra-beat,
927 1616 1015 1638 tamen

226 1663 330 1686 mortua
345 1665 385 1686 est
398 1667 404 1685 :
416 1667 475 1685 cunt
492 1666 586 1685 aurum
605 1665 656 1684 non
673 1662 699 1684 ut
713 1665 822 1690 aurum,
839 1657 886 1684 sed
911 1661 940 1684 ut
960 1665 1016 1684 ma-

224 1712 306 1740 gnum
329 1704 428 1739 aliquid
444 1712 474 1731 ac
488 1705 634 1739 pretiosum
655 1704 757 1736 cernit;
781 1711 841 1730 cum
861 1704 945 1730 futura
962 1710 1014 1730 non

226 1751 342 1787 cogitat,
364 1751 410 1778 sed
429 1751 501 1778 ltumi
525 1751 627 1785 serpit;
647 1758 707 1778 cum
725 1757 771 1784 pro
790 1750 850 1776 aliis
864 1750 915 1776 alia
940 1749 1013 1776 facit.

225 1796 303 1825 Unde
317 1796 390 1824 enim
406 1803 455 1823 ttos
469 1796 556 1822 anima
579 1795 703 1829 prmditos
717 1802 776 1822 esse
791 1795 912 1821 constat?
926 1802 1015 1821 annon

224 1850 256 1870 ex
272 1842 444 1869 actionibus?
458 1842 524 1869 Cum
544 1842 623 1876 igitur
645 1841 700 1868 suis
711 1841 772 1876 ipsa
792 1838 947 1868 muneribus
962 1848 1015 1868 non

225 1889 361 1924 fungitur,
376 1895 464 1916 annon
480 1893 584 1915 tnortua
599 1888 658 1915 est?
674 1887 751 1915 Verbi
766 1888 850 1923 gratia
860 1908 868 1920 ,
882 1895 941 1914 cutn
960 1888 1015 1914 vir-

225 1936 291 1963 tutis
304 1943 366 1962 cura
389 1943 440 1962 nmt
459 1939 563 1962 tenetur
574 1955 582 1967 ,
603 1933 649 1961 sed
661 1934 733 1968 rapit
747 1941 778 1961 ac
791 1933 921 1969 ﬂagitiose
934 1933 1014 1966 vivit,

223 1981 297 2008 unde
309 1988 404 2016 queam
418 1981 510 2008 dicere
523 1980 638 2007 animam
650 1979 695 2006 tibi
710 1980 817 2007 inesse?
830 1987 862 2006 an
874 1979 943 2014 quod
958 1987 1015 2005 ant-

228 2027 305 2054 bnlcs
316 2027 327 2053 τ
340 2026 374 2054 At
390 2026 440 2053 hoc
455 2026 531 2053 bruta
546 2026 624 2052 etiam
642 2025 751 2052 habent.
768 2025 808 2052 An
823 2025 893 2059 quod
906 2024 970 2051 edas
985 2032 1016 2052 ac

225 2072 321 2101 bibas?
341 2074 376 2100 At
398 2072 449 2099 ltoc
470 2072 585 2099 ferarum
606 2079 712 2106 quoque
727 2076 777 2098 est.
794 2073 833 2098 An
849 2071 920 2106 quod
943 2076 1017 2098 recto

225 2126 341 2154 corpore
354 2119 400 2150 sis,
416 2125 446 2146 ac
460 2117 564 2145 duobus
579 2117 690 2151 pedibus
704 2117 829 2144 insistas?
842 2119 875 2144 At
888 2117 938 2144 hoc
952 2117 1016 2144 tnilti

227 2165 316 2200 potius
338 2164 437 2191 indicat
450 2168 476 2190 te
491 2163 606 2190 belluam
631 2162 746 2189 humana
763 2162 848 2189 forma
863 2170 933 2190 esse.
951 2162 1016 2190 Nam

224 2218 288 2237 cum
300 2215 398 2237 caetera
409 2210 504 2237 eadem
516 2209 562 2235 tibi
573 2216 633 2235 cum
645 2208 733 2235 bellua
746 2210 809 2240 sint,
819 2209 918 2235 erectio
929 2214 1017 2236 autem

230 2264 283 2282 non
308 2256 369 2282 item
384 2276 390 2287 ,
408 2256 458 2282 ltoc
474 2255 532 2290 ipso
547 2254 731 2282 vehementius
746 2262 789 2282 me
804 2255 894 2281 turbas
909 2262 940 2282 ac
955 2262 1017 2290 per-

225 2301 374 2332 terrefacis,
388 2301 524 2336 magisque
534 2305 685 2335 portentum
697 2300 721 2327 id
731 2308 790 2328 esse
802 2302 936 2334 existimo,
947 2301 1017 2335 qttod

226 2354 318 2374 cerno.
342 2346 448 2374 Etenim
468 2346 492 2374 si
515 2346 597 2373 feram
622 2346 736 2373 humana
758 2346 844 2381 lingua
867 2345 1018 2381 loquentem

225 2399 366 2420 cernerem
379 2413 387 2426 ,
409 2400 463 2419 non
485 2397 626 2427 propterea
649 2391 784 2419 hominem
803 2399 863 2419 esse
878 2392 993 2420 dicerem
1010 2402 1016 2419 :

228 2440 292 2473 quin
306 2439 358 2466 ltoc
368 2439 428 2474 ipso
441 2439 550 2466 nomine
565 2439 655 2474 potius
668 2439 762 2471 feram.
775 2439 829 2466 fera
841 2439 1018 2474 prodigiosio-

228 2493 297 2513 rem.
313 2485 389 2513 Unde
404 2493 466 2520 ergo
480 2485 545 2512 milti
560 2485 727 2519 exploratum
743 2492 802 2512 esse
815 2490 904 2520 queat,
923 2485 1018 2512 huma-

193 2548 196 2554 -
228 2539 290 2559 nam
304 2531 420 2559 animam
438 2531 485 2558 tibi
507 2531 613 2564 inesse,
630 2538 691 2558 cum
706 2534 736 2558 ut
755 2531 822 2558 asini
835 2531 975 2564 calcitres,
991 2535 1020 2558 ut

227 2577 322 2605 cameli
345 2585 448 2604 tttemor
467 2577 504 2604 sis
524 2577 691 2611 iniuriarum,
712 2580 741 2604 ut
763 2576 817 2603 utsi
840 2576 976 2609 mordeas,
992 2580 1020 2603 ut

228 2624 284 2660 lupi
299 2625 387 2659 rapias
398 2644 406 2658 ,
421 2628 451 2650 ut
465 2624 557 2659 vulpes
571 2622 671 2650 fureris
683 2643 691 2656 ,
706 2627 735 2650 ut
749 2628 888 2658 serpentes
901 2623 976 2650 vafer
989 2630 1020 2650 ac

228 2669 413 2697 fraudulentus
423 2671 471 2702 sis,
482 2674 511 2697 ut
522 2669 596 2696 cauis
607 2669 776 2704 impudenter
787 2673 813 2696 te
823 2676 901 2704 geras
912 2669 924 2695 γ
936 2668 1019 2700 unde,

229 2718 348 2753 inquam,
365 2720 391 2744 te
406 2716 521 2743 humana
537 2716 624 2743 anima
645 2715 784 2750 praeditum
798 2722 858 2742 esse
873 2715 1020 2749 intelligere

229 2762 346 2798 queam?
362 2762 448 2789 Vultis
461 2765 594 2789 mortuam
607 2768 639 2788 ac
649 2762 786 2788 viventem
799 2760 916 2787 animam
930 2764 1020 2786 osten-

229 2809 314 2836 dam?
328 2809 367 2836 Ad
383 2812 484 2843 priscos
499 2808 559 2835 illos
573 2807 645 2834 viros
661 2813 813 2834 sermonem
827 2804 997 2832 conferamus
1009 2824 1019 2837 ,

231 2863 273 2888 ac,
287 2855 310 2883 si
325 2854 421 2891 placet,
435 2855 544 2882 divitem
559 2853 633 2882 illttm
642 2874 650 2888 ,
663 2853 708 2888 qui
720 2852 815 2880 Lazari
830 2856 952 2886 tempore
962 2854 1021 2878 erat

234 2902 310 2939 (tua.
326 2902 388 2938 t6),
405 2901 431 2929 itt
447 2900 563 2929 medium
580 2898 762 2936 proferamus;
776 2901 876 2933 atque,
893 2895 1019 2931 quidnam

622 180 651 210 S.
672 178 810 209 JOANNIS
828 175 1064 207 CHRYSOSTOMI
1083 175 1241 204 ABCHIEP.
1261 176 1529 205 CONSTANTINOP.

1816 173 1865 204 MO

1076 232 1183 260 tandem
1203 240 1276 260 mors
1293 233 1390 260 animae
1412 233 1465 266 sit,
1489 233 1679 269 intelligemus.
1697 233 1802 262 Etenim
1823 235 1864 261 ille

1079 281 1209 305 ntortuam
1223 279 1339 306 animam
1354 279 1470 306 habebat
1482 287 1490 312 ;
1502 279 1582 314 idque
1593 287 1624 306 ex
1639 279 1671 307 iis
1682 288 1741 314 qua:
1755 280 1864 307 faciebat

1075 322 1178 358 liquet:
1193 331 1287 351 eorum
1307 325 1382 352 enim
1405 332 1546 352 munerum
1559 345 1567 359 ,
1591 333 1650 360 qua:
1671 326 1767 353 anima:
1788 331 1862 358 suttt,

1074 369 1175 397 nullum
1189 370 1404 406 exsequebatur,
1427 371 1475 399 sed
1495 372 1580 399 solum
1595 371 1692 400 edebat
1707 380 1738 400 ac
1758 372 1864 400 bibebat

1074 422 1101 445 et
1115 417 1295 452 voluptatibus
1308 426 1415 453 operam
1429 418 1520 447 dabat.

1113 464 1134 490 ι.
1153 463 1231 490 Tales
1246 472 1317 492 nunc
1336 465 1417 492 etiam
1439 471 1521 499 sunt,
1538 465 1583 500 qui
1603 465 1824 493 immisericordta
1838 471 1864 494 et

1073 508 1231 537 crudelitate
1250 509 1372 537 laborant
1389 518 1396 537 :
1412 515 1544 538 mortuam
1559 511 1629 538 enim
1645 511 1672 538 lti
1687 519 1793 546 quoque
1807 512 1862 538 atti-

1073 561 1143 581 ntam
1159 554 1268 589 habent,
1284 560 1312 583 ut
1326 561 1353 583 et
1368 556 1424 584 ille.
1439 555 1586 584 Universus
1598 557 1670 584 enim
1685 558 1707 585 is
1720 558 1803 590 calor,
1819 559 1862 593 qui

1073 598 1108 626 ab
1118 608 1210 628 amore
1220 609 1282 636 erga
1295 603 1445 636 proximum
1459 603 1723 638 manat,absumptus
1735 609 1786 636 est,
1795 605 1862 639 ipsa-

1073 653 1126 679 que
1140 646 1225 681 magis
1236 654 1315 682 quant
1327 647 1449 676 exanime
1460 656 1558 684 corpus
1571 655 1675 676 mortua
1688 655 1739 677 est.
1754 651 1787 677 At
1801 659 1864 685 pau-

1074 699 1124 727 per
1145 700 1199 720 non
1223 693 1346 731 ita;.sed
1367 695 1393 722 in
1413 695 1469 730 ipsa
1492 696 1668 730 philosophiae
1691 704 1753 724 arce
1777 701 1860 730 stans,

1072 738 1214 767 elucebat:
1229 744 1257 767 et
1271 742 1392 775 quamvis
1412 746 1540 776 perpetua
1557 743 1626 769 fame
1640 743 1860 776 conﬂictaretur,

1071 793 1103 812 ac
1115 793 1148 813 ne
1160 787 1326 814 necessaritts
1337 788 1443 823 quidem
1452 789 1527 816 cibus
1538 789 1586 823 ipsi
1600 794 1763 824 suppeteret,
1773 794 1860 817 tamen

1073 840 1106 859 ne
1119 833 1158 860 sic
1173 833 1280 868 quidem
1304 834 1452 869 blasphemi
1468 836 1611 870 quidquam
1634 836 1763 863 adversus
1779 837 1861 864 Deum

1072 878 1197 914 loquutus
1218 884 1278 912 est,
1296 880 1342 907 sed
1356 881 1445 908 omnia
1467 889 1598 916 generoso
1619 882 1709 909 animo
1723 883 1791 910 tttlit.
1807 883 1861 910 Iloc

1073 931 1153 958 porro
1166 932 1219 952 non
1234 933 1344 960 parvum
1358 927 1454 954 animae
1468 935 1535 963 opus
1549 931 1600 959 est.
1614 928 1661 955 sed
1676 929 1821 956 maximum
1835 933 1861 956 et

1071 975 1214 997 nervorum
1229 975 1256 998 et
1269 971 1392 999 sanitatis
1406 978 1603 1007 argumentum.
1619 973 1684 1000 Cum
1699 979 1788 1001 autem
1804 973 1860 1001 haec

1071 1014 1276 1049 desiderantur,
1294 1016 1378 1051 liquet
1401 1017 1461 1047 ideo
1476 1025 1506 1045 ea
1522 1018 1673 1051 ittteriisse,
1696 1019 1756 1054 quia
1773 1020 1859 1047 anima

1071 1064 1175 1086 ntorttta
1191 1061 1234 1087 sit.
1249 1062 1345 1089 Annon
1357 1068 1489 1090 mortuam
1500 1065 1616 1091 animam
1629 1065 1699 1091 illam
1713 1072 1774 1092 esse
1785 1065 1859 1092 dice-

1071 1113 1139 1137 mus,
1154 1113 1233 1139 quain
1245 1107 1346 1134 invadit
1357 1107 1488 1142 diabolus,
1502 1109 1612 1141 feriens,
1627 1109 1775 1143 lancinans,
1787 1118 1860 1137 mor-

1069 1151 1137 1179 dens
1149 1173 1158 1185 ,
1181 1152 1299 1181 calcibus
1324 1155 1456 1189 impetens
1468 1176 1476 1187 ,
1492 1163 1542 1183 nec
1563 1161 1650 1183 tamen
1670 1164 1700 1183 ea
1715 1157 1859 1192 quidquam

1069 1199 1165 1226 horum
1180 1200 1262 1227 setttit
1274 1221 1281 1232 ,
1296 1200 1342 1228 sed
1358 1208 1461 1229 mortua
1473 1202 1543 1236 jacet
1553 1224 1561 1235 ,
1577 1210 1642 1235 nec,
1658 1211 1718 1230 cum
1733 1204 1782 1238 ipsi
1795 1211 1860 1238 opes

1069 1253 1125 1273 sure
1140 1247 1293 1274 adimuntur
1305 1269 1312 1281 ,
1329 1247 1402 1275 dolet
1418 1257 1424 1275 :
1441 1256 1533 1276 verum
1550 1249 1593 1276 ille
1607 1249 1714 1284 quidem
1730 1250 1857 1283 insultat,

1069 1290 1127 1319 haec
1139 1297 1226 1319 autent
1241 1293 1384 1320 immobilis
1397 1299 1496 1326 manet,
1508 1299 1535 1321 et
1548 1295 1631 1322 instar
1641 1295 1762 1329 corporis
1772 1295 1858 1322 anima

1069 1337 1154 1364 orbati
1169 1337 1242 1364 nttllo
1256 1345 1336 1365 sensu
1352 1338 1484 1366 afﬁcitur?
1497 1339 1562 1366 Nam
1578 1347 1637 1366 cum
1655 1339 1700 1366 Dei
1715 1341 1795 1366 timor
1809 1348 1859 1368 una

1068 1390 1129 1410 cum
1153 1391 1217 1410 cura
1237 1391 1267 1410 ac
1289 1384 1423 1419 diligentia
1447 1392 1499 1411 non
1524 1385 1614 1417 adest,
1631 1386 1710 1412 talem
1727 1393 1786 1412 eam
1800 1393 1860 1412 esse

1069 1438 1180 1458 necesse
1193 1435 1251 1463 est,
1266 1438 1297 1458 ac
1311 1432 1423 1458 mortuis
1439 1431 1613 1458 miseriorem.
1634 1431 1725 1465 Neque
1746 1431 1817 1458 euiut
1833 1431 1858 1458 in

1071 1476 1173 1503 saniem
1191 1481 1218 1503 ct
1230 1477 1346 1503 cinerent
1360 1484 1391 1503 ac
1405 1477 1552 1511 pulverem,
1563 1476 1684 1511 corporis
1698 1477 1724 1503 in
1739 1477 1857 1509 modum,

1068 1521 1155 1548 anima
1168 1521 1303 1554 dilabitur,
1316 1521 1363 1548 sed
1377 1522 1402 1548 in
1415 1529 1457 1554 ea,
1471 1530 1529 1556 qua:
1542 1521 1583 1548 Itis
1597 1521 1727 1549 fatlidiora
1743 1527 1815 1554 sunt,
1832 1523 1858 1549 in

1068 1567 1225 1595 ebrietatem
1236 1589 1243 1600 ,
1259 1567 1284 1594 in
1299 1568 1436 1594 avaritiam
1450 1588 1456 1599 ,
1475 1567 1500 1594 itt
1515 1567 1645 1595 absurdos
1658 1576 1764 1595 amores
1778 1573 1806 1595 et
1820 1569 1860 1595 in-

1070 1613 1242 1647 tetnpestivas
1255 1613 1425 1647 cupiditates.
1441 1613 1517 1646 Quod
1532 1614 1554 1640 si
1571 1614 1653 1648 ipsitts
1666 1615 1787 1642 ftetoretn
1802 1622 1858 1641 cer-

1071 1659 1122 1686 tius
1138 1659 1233 1686 intueri
1248 1659 1322 1693 cupis
1335 1680 1342 1691 ,
1363 1659 1396 1685 da
1412 1658 1475 1685 tttilti
1492 1667 1584 1693 puram
1606 1660 1721 1686 animam
1735 1681 1742 1692 ,
1758 1667 1790 1687 ac
1804 1666 1858 1686 llllll

1070 1705 1208 1739 perspicue
1220 1712 1314 1732 cernes
1325 1712 1403 1740 quam
1419 1704 1508 1731 foetida
1519 1705 1553 1731 sit
1564 1705 1647 1739 turpis
1656 1704 1698 1731 illa
1709 1710 1736 1732 et
1745 1705 1858 1740 impura.

1068 1750 1144 1777 Nune
1157 1751 1227 1777 enim
1243 1750 1266 1777 id
1277 1750 1385 1777 minime
1397 1750 1551 1784 perspicere
1563 1750 1678 1785 poteris;
1693 1758 1753 1777 nam
1764 1758 1859 1785 quam-

1068 1796 1113 1824 diu
1135 1796 1220 1824 fmtori
1237 1797 1336 1823 assueti
1351 1804 1444 1823 sumus
1455 1817 1462 1828 ,
1489 1797 1514 1823 id
1531 1804 1583 1823 ttutt
1597 1796 1727 1823 sentimus
1742 1802 1787 1823 :at
1798 1804 1857 1823 cunt

1069 1844 1250 1878 spiritualilttts
1272 1843 1441 1870 sermonibus
1462 1843 1577 1874 alimur,
1601 1847 1664 1869 tunc
1681 1843 1778 1870 ntalum
1795 1843 1859 1869 illud

1068 1890 1237 1924 agnoscimus
1248 1912 1254 1922 ,
1268 1889 1372 1915 etiamsi
1386 1888 1525 1923 permultis
1537 1887 1689 1915 indifferens
1699 1895 1759 1915 esse
1771 1888 1860 1915 videa-

1070 1940 1122 1962 tur.
1140 1936 1178 1962 Ac
1198 1935 1231 1962 de
1253 1935 1373 1970 gcltenna
1400 1934 1516 1961 nondum
1542 1934 1651 1969 loquor;
1673 1934 1718 1961 sed
1741 1934 1763 1961 si
1789 1934 1860 1961 lttltet

1069 1981 1208 2016 przesentia
1221 1980 1413 2015 expendamus,
1426 1987 1476 2007 nec
1487 1987 1546 2006 ettm
1560 1980 1604 2014 qui
1618 1979 1701 2014 turpia
1713 1984 1859 2013 perpetrat,

1070 2026 1116 2054 sed
1138 2034 1198 2054 eum
1222 2026 1267 2060 qui
1290 2026 1375 2060 turpia
1398 2025 1531 2060 loquitur,
1547 2024 1765 2055 consideremus,
1781 2031 1859 2058 quam

1070 2072 1199 2099 ridiculus
1213 2072 1259 2103 sit,
1276 2079 1410 2106 quantque
1424 2078 1484 2098 sese
1498 2070 1613 2105 primum
1627 2069 1789 2096 contumelia
1804 2068 1860 2096 afli-

1070 2118 1132 2150 ciat,
1148 2122 1238 2151 atque,
1256 2121 1284 2143 ut
1297 2116 1341 2152 qui
1355 2123 1460 2143 cmnum
1474 2115 1581 2150 aliquod
1595 2123 1626 2142 ex
1640 2122 1686 2141 ore
1701 2115 1810 2147 emittit,
1823 2114 1860 2141 sic

1070 2171 1100 2190 se
1120 2163 1176 2197 ipse
1190 2162 1364 2189 contaminet.
1379 2161 1485 2188 Etenitn
1500 2162 1521 2188 si
1537 2161 1618 2187 iluxio
1632 2167 1716 2195 usque
1729 2160 1797 2187 adeo
1811 2160 1859 2186 iut-

1072 2216 1136 2243 pnra
1152 2213 1203 2240 est,
1216 2208 1313 2241 cogita,
1329 2214 1438 2241 qua-so,
1452 2206 1539 2241 qualis
1554 2205 1632 2240 hujus
1645 2205 1714 2232 omni
1729 2205 1861 2238 scaturigo

1071 2254 1105 2282 sit
1119 2263 1124 2280 :
1138 2253 1179 2281 Ex
1189 2254 1345 2280 abundantia
1356 2254 1422 2280 enim
1436 2253 1520 2279 cordis
1534 2260 1561 2279 os
1574 2251 1684 2286 loquitur
1699 2250 1806 2286 (Matth.
1819 2250 1860 2278 1‘2.

1071 2300 1127 2334 3i).
1144 2299 1200 2334 Ego
1213 2307 1277 2326 vero
1299 2307 1350 2326 non
1374 2298 1424 2325 hoc
1446 2303 1547 2325 tantum
1571 2297 1680 2324 nomine
1703 2297 1799 2331 lugeo,
1815 2296 1861 2323 sed

1072 2345 1142 2379 quod
1157 2345 1225 2379 apud
1241 2344 1384 2371 nonnullos
1399 2352 1431 2371 ne
1443 2348 1519 2378 turpe
1529 2343 1637 2377 quidem
1649 2341 1717 2369 istud
1732 2342 1861 2369 videatur.

1073 2391 1139 2418 Hinc
1154 2391 1223 2417 mala
1238 2391 1327 2418 omnia
1341 2391 1535 2417 incrementum
1549 2389 1666 2422 capiunt,
1683 2395 1745 2414 cum
1759 2391 1787 2414 et
1801 2394 1863 2422 pec-

1072 2444 1175 2469 camus,
1191 2444 1240 2463 nec
1256 2440 1343 2462 tamen
1359 2442 1469 2470 peccare
1484 2433 1627 2468 nobisipsis
1641 2432 1776 2460 videmur.

1111 2482 1232 2508 Obscmna
1244 2481 1312 2515 loqui
1321 2485 1442 2515 quantum
1453 2479 1558 2506 malum.
1569 2479 1694 2506 —Visne
1706 2478 1786 2513 igitur
1796 2478 1864 2505 scire

1073 2532 1201 2563 quatttum
1216 2527 1314 2554 malum
1329 2526 1364 2553 sit
1381 2526 1466 2560 turpia
1483 2525 1555 2559 loqui
1565 2524 1576 2544 ‘7
1589 2523 1783 2551 Animadverte
1797 2531 1864 2558 quo-

1074 2573 1154 2601 modo
1167 2580 1230 2605 eos,
1246 2571 1291 2606 qui
1305 2575 1332 2598 te
1346 2564 1476 2602 audiunt,
1491 2569 1676 2597 obsctnnitatis
1691 2573 1743 2596 tua.-
1756 2568 1864 2603 pudeat.

1073 2618 1140 2653 Quid
1150 2619 1220 2645 enim
1235 2617 1323 2648 vilius,
1334 2616 1396 2651 quid
1407 2615 1587 2650 contemptius
1602 2614 1710 2641 homine
1725 2614 1812 2648 turpia
1828 2613 1866 2640 lo-

1074 2663 1189 2699 quente?
1202 2663 1267 2689 Nam
1282 2662 1325 2696 qui
1341 2661 1408 2688 tales
1422 2665 1485 2688 sunt
1495 2681 1503 2694 ,
1520 2660 1544 2687 itt
1560 2659 1720 2686 histrionum
1732 2658 1845 2686 classem
1856 2678 1864 2690 ,

1074 2714 1153 2744 atque
1167 2709 1193 2735 itt
1209 2708 1358 2743 prostitutae
1373 2705 1506 2741 pudicitia:
1519 2704 1659 2732 mulierum
1673 2703 1797 2731 ordinem
1807 2710 1867 2729 sese

1075 2755 1236 2784 contruduut
1247 2763 1253 2781 :
1264 2753 1319 2781 into
1329 2753 1409 2780 etiam
1421 2752 1481 2787 plus
1492 2752 1555 2783 illis.
1568 2758 1646 2785 quam
1660 2749 1746 2782 vobis,
1758 2749 1867 2784 pudoris

1075 2802 1153 2830 inest.
1168 2801 1288 2834 Quonam
1310 2803 1398 2825 autem
1419 2797 1500 2824 modo
1523 2803 1633 2823 uxorem
1655 2794 1690 2822 ad
1711 2793 1867 2829 pudicitiam

1075 2848 1182 2877 erudire
1194 2854 1288 2883 queas,
1299 2853 1359 2873 cum
1372 2852 1418 2880 per
1431 2841 1675 2879 hujusmodi‘verba
1685 2848 1745 2868 eam
1759 2840 1792 2866 ad
1807 2839 1869 2866 libi-

1075 2895 1164 2924 dinem
1184 2892 1326 2923 instituas?
1342 2890 1454 2920 Praestat
1476 2888 1579 2918 saniem
1598 2894 1632 2916 ex
1652 2893 1700 2915 ore
1723 2885 1868 2918 emittere.
