2026 3119
184 150 235 179 ιιι

184 209 261 236 έθετο
274 207 324 242 τῆς
337 208 399 242 σῆς,
415 207 504 239 ξύλοις
515 207 595 234 αὑτὸν
606 207 640 233 ἂν
654 208 743 234 παίων
756 207 861 243 ἧλασας
870 215 876 223 ·
891 208 936 234 τὸν
944 207 973 235 δὲ

183 254 252 281 Θεὸν
267 254 314 280 ἐπὶ
328 253 380 289 τῆς
395 253 535 288 τραπέζης
545 252 595 287 τῆς
610 252 694 279 αὑτοῦ
710 253 845 289 (τράπεζα
859 254 913 289 γὰρ
926 253 974 280 αὐ-

183 299 232 327 τοῦ
246 319 253 331 ,
265 299 296 326 τὸ
310 299 397 333 στόμα
413 298 443 325 τὸ
460 297 594 333 ἡμέτερον
609 298 787 333 εὐχαριστίας
815 298 974 334 πληρούμε-

185 344 258 380 νον),
272 344 385 375 σκεύους
403 343 558 378 ἀκαθάρτου
579 343 680 375 παντὸς
700 344 812 380 ῥήματα
836 344 971 380 βδελυρώ-

184 400 251 426 τερα
258 389 413 426 προφέρων,
422 390 472 416 οὐκ
480 389 530 416 οἴει
540 389 710 425 παροξύνειν,
721 390 783 417 εῑπέ
792 399 837 425 μοι
846 398 853 423 ;
862 390 974 422 καὶπῶς

185 436 225 463 ἔνι
240 435 333 468 τοῦτος
343 435 427 462 Οὐδὲν
442 435 497 470 γὰρ
507 435 580 462 οὕτω
598 436 759 473 παροργίζει
770 436 817 463 τὸν
833 436 911 470 ἅγιον
926 437 974 463 καὶ

184 483 231 509 τδν
238 480 408 517 καθαρὸν,ὼς
415 482 449 507 τὰ
458 481 567 517 ῥήματα
573 482 662 509 ταῦτα
668 490 675 498 ι
684 481 761 509 οὐδὲν
765 480 852 514 οὕτως
861 481 974 517 ἰταμοὺς

184 528 233 555 καὶ
258 527 456 562 ἀναισχύντους
479 528 569 559 ποιεῖ,
586 527 624 559 ὡς
649 527 680 555 τὸ
698 527 788 562 λέγειν
799 527 912 554 τοιαῦτα
926 527 974 554 καὶ

183 573 294 600 ἀκούειν
307 581 313 590 '
330 573 406 600 οὐδὲν
419 571 506 604 οὕτως
515 572 608 600 ἐκλύει
625 577 637 590 ⁸
653 573 688 600 τὰ
704 572 791 608 νεῦρα
803 573 852 607 τῆς
868 579 975 607 σωφρο-

184 619 278 654 σύνης,
307 618 346 650 ὡς
368 619 386 654 ἠ
403 619 448 645 διὰ
464 617 569 645 τούτων
589 618 766 653 ἀναπτομένη
789 618 864 652 φλόξ.
881 617 974 653 Μύρον

184 665 291 693 ἐνέθετό
304 674 352 692 σου
365 666 404 702 τῷ
417 665 530 701 στόματι
544 666 558 692 6
574 665 640 697 Θεός
649 672 655 680 ’
668 665 700 692 σὺ
712 664 740 691 δὲ
753 663 851 699 νεκροῦ
860 663 974 690 δυσωδέ-

185 720 268 748 στερα
290 712 452 739 amem:
475 713 595 747 ῥήματα,
612 711 660 738 καὶ
675 710 762 745 αὐτὴν
782 709 906 744 ἀναιρεῖς
925 707 975 743 τὴν

184 758 332 793 ψυχὴν.καὶ
338 758 467 793 ἀκίνητον
474 757 549 793 [479]
558 758 652 788 ποιεῖς.
660 756 774 790 Καὶγάρ
780 755 844 781 ὃταν
851 753 973 789 ύϐρίζῃς,

183 803 234 830 οὐκ
254 803 313 830 ἐστι
333 802 411 829 τοῦτο
425 802 516 837 ψυχῆς
536 801 611 836 φωνὴ
622 821 629 833 ,
648 800 717 827 ἀλλὰ
729 798 833 834 θυμοῦ·
851 799 915 825 ὅταν
934 799 975 824 αἰ-

185 847 256 883 σχρά
271 847 363 884 λέγῃς,
377 847 428 873 οὐκ
445 846 536 881 ἐκείνη
551 845 712 880 ἐφθέγξατο,
725 843 782 871 ἀλλ’
795 843 811 878 ἡ
826 842 957 869 ἀκολασία
966 849 973 857 ³

184 894 248 919 ὅταν
264 893 435 927 κακηγορῇς,
452 891 469 927 ἡ
485 891 620 926 βασκανία
630 898 636 905 '
656 890 722 916 ὃταν
742 886 924 922 ἐπιϐουλεύῃς
936 907 944 918 ,
957 887 975 921 ὴ

184 938 335 971 πλεονεξία.
348 937 442 965 Ταῦτα
455 937 511 972 γὰρ
525 937 576 964 οὐκ
591 935 710 970 ἐκείνης,
727 933 795 961 ἀλλὰ
808 933 862 960 τῶν
878 932 974 960 παθῶν

183 984 278 1020 αὐτῆς,
290 984 338 1011 καὶ
350 984 405 1011 τῶν
417 983 590 1019 νοσημάτων.
601 982 707 1016 ’Ὠσπερ
717 977 764 1007 οὖν
771 979 802 1005 τὸ
812 977 973 1012 φθείρεσθαι

183 1031 233 1066 οὺχ
253 1031 349 1063 ἁπλῶς
363 1030 412 1057 τοῦ
430 1029 556 1065 σώματος
570 1050 577 1062 ,
592 1027 661 1055 ἀλλὰ
673 1026 720 1053 τοῦ
732 1025 849 1053 θανάτου
865 1024 913 1050 καὶ
925 1023 974 1050 τοῦ

214 1181 230 1196 ι
242 1175 296 1205 ηερ,
307 1175 406 1200 διαλύει.

506 151 536 179 5.
556 150 697 178 JOANNIS
712 148 957 179 CHRYSOSTOMI
971 143 1130 179 ARCiIIEP.
1149 152 1424 181 CONSTANTINOP.

1763 154 1818 186 “2:

1025 208 1133 240 πάθους
1153 209 1200 235 τοῦ
1217 209 1246 235 ἐν
1261 208 1300 244 τῷ
1319 209 1442 244 σώματι·
1457 208 1530 235 οὕτω
1543 207 1576 244 δὴ
1589 208 1637 236 καὶ
1647 208 1746 240 ταῦτα.
1760 210 1814 236 τῶν

1027 253 1253 289 προσγινομένων
1271 254 1340 288 αὐτῇ
1365 253 1470 281 παθῶν.
1483 254 1515 280 El
1538 254 1593 289 γὰρ
1623 253 1711 288 βούλει
1726 254 1815 290 ψυχῆς

1025 298 1140 326 ἀκοῦσαι
1164 299 1256 334 φωνῆς
1274 298 1381 334 ζώσης,
1402 298 1519 326 ἄγουσαν
1540 298 1648 325 Παύλου
1672 299 1810 333 λέγοντος·

1027 346 1172 379 Ἔχοντες
1183 345 1296 379 τροφὰς
1305 346 1354 372 καί
1365 345 1567 380 σκεπάσματα
1580 365 1587 377 ,
1601 345 1718 378 τούτοις
1731 346 1815 379 ἀρκε-

1025 392 1201 426 σθησόμεθα
1213 400 1219 406 ·
1238 392 1286 418 καὶ
1296 413 1303 425 ,
1322 392 1409 418 Ἔστι
1426 391 1574 426 πορισμὸς
1581 390 1678 426 μέγας
1691 392 1711 426 ἡ
1726 391 1815 418 εὐσέ-

1026 439 1091 465 ϐεια
1108 446 1115 453 ·
1132 439 1179 465 καὶ
1192 458 1200 469 ,
1219 437 1302 472 Ἐμοὶ
1317 438 1431 472 κόσμος
1450 437 1645 472 ἐσταύρωται,
1670 438 1753 472 κάγὼ
1774 437 1815 471 τῷ

1025 484 1139 518 κόσμῳ.
1155 485 1288 511 ’Δκουσον
1306 484 1412 520 Πέτρου
1433 484 1573 518 λέγοντος,
1597 484 1753 519 Ἀργύριον
1763 484 1814 511 καὶ

1026 531 1158 564 χρυσίον
1177 531 1234 565 οὐκ
1248 530 1376 565 ὑπάρχει
1383 539 1434 564 μοι
1444 538 1451 546 ·
1473 529 1489 557 ὃ
1509 529 1544 557 δὲ
1569 529 1629 564 ἔχω
1639 550 1646 562 ,
1662 529 1751 556 τοῦτό
1764 537 1815 556 σοι

1027 575 1152 610 δίδωμι·
1175 575 1291 602 ἄκουσον
1307 575 1355 601 τοῦ
1379 575 1439 602 Ἰὼϐ
1455 575 1681 610 εὐχαριστοῦντος
1701 575 1748 602 καὶ⁵
1771 575 1815 601 λέ-

1025 628 1129 654 γοντος,
1138 621 1170 647 '0
1179 621 1287 654 Κύριος
1293 620 1416 652 ἔδωκεν,
1425 621 1442 647 ὁ
1450 621 1556 654 Κύριος
1562 619 1714 654 ἀφείλετο.
1722 619 1815 646 Ταῦτα

1027 666 1119 701 ψυχῆς
1137 666 1229 701 ζώσης
1246 665 1282 693 τὰ
1299 667 1420 702 ῥήματα,
1433 666 1522 693 ταῦτα
1536 666 1702 702 ἐνεργούσης
1709 667 1759 702 τὴν
1773 667 1813 693 οί-

1025 712 1103 738 κείαν
1108 712 1258 747 ἐνέργειαν.
1268 711 1345 738 Οὕτω
1353 712 1400 738 καὶ
1408 711 1504 738 Ἰακὼϐ
1513 712 1605 746 ἔλεγεν
1613 720 1619 726 ·
1636 712 1708 739 Ἐὰν
1715 711 1757 745 δῷ
1763 721 1814 747 μοι

1026 758 1134 791 Κύριος
1152 757 1243 791 ἄρτον
1259 757 1376 791 φαγεῖν,
1392 757 1442 784 καὶ
1455 757 1570 792 ίμιίῖιον
1583 757 1812 791 περιϐαλέσθαν

1028 802 1103 829 οὕτω
1123 803 1171 830 καὶ
1195 803 1296 838 Ἰωσὴφ
1306 823 1314 835 ,
1329 803 1394 835 Πῶς
1408 803 1526 836 ποιήσω
1541 803 1574 829 τὸ
1586 802 1671 837 ῥῆμα
1680 803 1713 830 τὸ
1726 811 1816 837 πονη-

1024 849 1082 882 ρὸν
1101 848 1190 875 τοῦτο
1200 869 1207 880 ,
1227 848 1276 875 καὶ
1294 848 1503 883 ἀμσρτήσομαι
1516 847 1643 875 ἐνώπιον
1653 848 1707 876 τοῦ
1723 848 1816 880 Θεοῦ;

1034 894 1105 920 Ἀλλ’
1120 895 1169 929 ούχ
1189 895 1206 930 ἡ
1220 894 1358 930 βάρϐαρος
1370 894 1474 930 ἐκείνη,
1492 894 1550 921 ἀλλ’
1565 894 1660 930 ὥσπερ
1678 894 1816 929 μεθύουσα

1027 940 1075 966 καὶ
1096 940 1301 974 παραπαίουσα,
1327 939 1414 972 οὕτως
1437 940 1586 975 ἐφθέγγετο
1609 941 1736 975 λέγουσα,
1753 943 1817 968 Κοι-

1023 984 1132 1018 μήθητι
1141 985 1202 1018 μετ’
1213 985 1296 1019 ἐμοῦ.
1307 985 1389 1012 Ταῦτ’
1396 985 1444 1012 οὖν
1454 985 1555 1017 ειδότες
1564 1006 1570 1017 ,
1585 985 1755 1021 ζηλὼσωμεν
1766 987 1815 1021 τὴν

1024 1029 1113 1062 ζῶσαν
1126 1030 1226 1065 ψυχὴν,
1245 1029 1377 1065 φύγωμεν
1397 1031 1445 1067 τὴν
1461 1031 1679 1067 νενεκρωμένην,
1704 1032 1748 1058 ἴνα
1765 1033 1812 1059 καὶ

1024 1077 1074 1113 τῆς
1091 1077 1243 1113 μελλούσης
1252 1077 1426 1114 ἐπιτύχωμεν
1443 1078 1517 1114 ζωῆς
1526 1087 1534 1094 ι
1552 1076 1585 1114 ἧς
1597 1079 1703 1113 γένοιτο
1712 1080 1816 1111 πάντας

1025 1125 1100 1158 ἡμᾶς
1129 1125 1285 1160 μετασχεῖν,
1305 1125 1398 1160 χάριτι
1421 1125 1471 1151 καὶ
1488 1125 1692 1161 φιλανθρωπία,
1713 1126 1761 1152 καὶ
1782 1126 1817 1152 τα

1027 1170 1100 1205 ἑξῆς·

190 1283 1812 1299 W

952 1391 1075 1421 OMIAIA
1094 1390 1131 1419 Ζ’.

182 1454 218 1481 ει
232 1453 268 1481 δὲ
282 1453 301 1488 ἠ
320 1452 458 1480 διακονία
473 1452 528 1480 τοῦ
543 1453 674 1480 θανάτου
685 1453 720 1480 ἐν
735 1453 908 1489 γράμμασιν
925 1453 973 1480 ἐν·

219 1499 413 1534 τετυπωμένη
431 1499 467 1526 ἂν
483 1501 591 1532 λίθοις,
608 1499 736 1534 ἐγενήθη
753 1500 789 1526 ἐν
802 1499 876 1533 δόξῃ
895 1499 974 1525 ὥστε

218 1545 260 1581 μὴ
281 1545 430 1573 δύνασθαι
448 1546 587 1572 ἀτενίσαι
603 1545 676 1579 τοὺς
692 1546 779 1578 υἱοὺς
792 1544 917 1580 Ἰσραὴλ
931 1546 974 1578 εὶς

220 1591 254 1619 τὸ
287 1591 451 1625 πρόσωπον
473 1589 633 1623 Μωυσέως,
656 1590 706 1617 διὰ
724 1591 783 1624 τὴν
801 1591 895 1623 δόξαν
920 1590 974 1617 τοῦ

220 1635 385 1670 προσώπου
418 1635 512 1663 αὐτοῦ
539 1635 599 1670 τὴν
625 1636 893 1671 καταργουμένην·
910 1636 975 1670 πῶς

220 1683 287 1717 οὐχὶ
299 1681 420 1717 μᾶλλον
433 1681 454 1716 ἠ
467 1681 605 1709 διακονία
627 1682 681 1710 τοῦ
698 1683 869 1717 πνεύματος
887 1683 974 1710 ἔσται

218 1727 254 1753 ὲν
277 1727 373 1760 δόξηῖ

219 1775 254 1798 α’.
264 1770 358 1803 Εἶπεν,
374 1772 416 1798 δτι
429 1770 526 1799 λίθιναι
537 1772 565 1799 αί
574 1771 678 1804 πλάκες
690 1773 718 1799 αί
727 1772 876 1805 Μωῡσέως,
886 1773 924 1804 ὠς
933 1773 975 1799 ὅτι

185 1818 338 1853 γράμματα
351 1815 434 1852 εἶχον,
452 1817 500 1844 καὶ
515 1817 555 1844 δτι
573 1817 704 1853 σάρκιναι
714 1815 806 1850 αὗται,
820 1819 848 1844 αἱ
865 1818 975 1854 καρδίαι

184 1863 238 1890 τῶν
246 1863 414 1895 ἀποστόλων,
423 1863 471 1889 καὶ
483 1862 620 1898 πνεύματι
634 1861 706 1898 ἦσαν
718 1863 947 1899 ἐγγεγραμμέναι
964 1870 972 1878 ·

186 1909 235 1937 καὶ
259 1909 300 1936 ὅτι
322 1909 353 1936 τὸ
379 1909 428 1944 μέν
454 1909 572 1944 γράμμα
594 1910 762 1942 ἀποκτείνει,
778 1910 849 1937 τὺδέ
867 1909 976 1945 πνεῦμα

185 1953 315 1986 ζωοποιεῖ
326 1963 333 1970 ·
348 1954 471 1981 ἐλείπετο
479 1954 573 1982 λοιπὸν
582 1956 616 1990 τῇ
629 1947 774 1990 συγκρίσει
785 1955 873 1992 ταύτῃ
891 1963 976 1990 προσ-

182 2000 270 2026 θεῖναι
284 2001 331 2027 καὶ
344 2000 438 2036 ἕτερον
453 2000 483 2027 οὐ
500 2000 606 2036 μικρὸν,
619 2001 648 2027 τὸ
658 2001 707 2036 τῆς
721 2001 800 2036 δόξης
814 2001 954 2033 Μωῢσέως
967 2009 974 2016 ⁸

184 2046 253 2081 ὅπερ
276 2047 393 2074 ἐνταῦθα
406 2047 494 2078 ούόεὶς
507 2045 578 2073 εἶδεν
597 2047 644 2073 ἐπὶ
663 2049 713 2082 τῆς
732 2048 838 2082 Καινῆς
855 2048 912 2079 τοῖς
925 2047 973 2074 τοῦ

187 2092 316 2127 σώματος
329 2091 490 2127 ὀφθαλμοῖς.
503 2091 550 2118 Διὸ
561 2091 607 2118 καὶ
622 2091 694 2127 μέγα
706 2092 795 2119 ἐδόκει
805 2090 885 2124 εἶναι,
901 2093 976 2119 ἐπει-

184 2135 218 2172 δὴ
227 2137 344 2172 αἰσθητὴ
356 2135 390 2172 ἦν
401 2136 464 2169 δόξα
474 2145 481 2152 ·
499 2136 649 2171 ὀφθαλμοῖς
658 2137 712 2172 γὰρ
722 2138 827 2173 ἐωρᾶτο
840 2138 976 2173 σώματος,

186 2183 211 2208 εἰ
227 2182 275 2209 καὶ
284 2182 431 2216 ἀπρόσιτος
439 2179 488 2217 ἦν·
506 2181 560 2217 ἡδὲ
573 2181 623 2216 τῆς
637 2182 742 2217 Καινῆς
759 2183 853 2219 νοητή.
868 2184 906 2210 Οὐ
921 2184 976 2218 γὰρ

187 2227 276 2263 σαφὴς
289 2227 345 2259 τοῖς
355 2227 561 2263 ἀσθενεστέροις
581 2227 633 2263 τῆς
656 2228 786 2264 τοιαύτης
813 2229 976 2265 ὑπεροχῆςή

187 2273 355 2309 κατάληψις·
369 2273 427 2300 ἀλλ’
444 2273 535 2308 ἐκείνη
550 2273 652 2308 μᾶλλον
664 2274 762 2306 αὐτοὺς
771 2275 779 2284 ¹
794 2271 914 2309 ipsum).
926 2275 976 2300 ἐπ-

186 2318 305 2354 έστρεφε
321 2318 390 2354 πρὸς
406 2319 517 2355 ἑαυτήν.
542 2319 618 2347 Ἐπεὶ
630 2317 678 2347 οὖν
692 2320 733 2351 είς
749 2319 853 2355 ταύτην
864 2320 977 2347 ἐνέπεσε

186 2365 237 2400 τὴν
258 2365 403 2401 σύγκρισιν
412 2386 420 2397 ,
432 2365 480 2392 κα)⁸
492 2362 639 2398 σπουδάζει
655 2365 742 2399 δεῖξαι
755 2366 805 2401 τὴν
818 2367 955 2402 ὑπεροχὴν
968 2386 975 2399 ,

187 2411 290 2447 σφόδρα
308 2411 337 2438 δέ
353 2411 481 2450 δύσκολον
499 2409 533 2447 ἦν
548 2411 592 2439 διὰ
605 2412 636 2438 τὸ
653 2412 727 2447 παχὺ
740 2411 794 2438 τῶν
812 2412 955 2447 ἀκροατῶν
968 2420 975 2427 ·

186 2457 238 2493 δρα
252 2457 278 2485 τί
288 2459 370 2489 ποιεῖ,
380 2458 426 2485 καὶ
433 2458 493 2490 πῶς
500 2458 566 2485 αὐτὸ
580 2457 730 2493 μεθοδεύει,
741 2458 850 2493 πρῶτον
864 2458 919 2486 ἀπὸ
932 2458 977 2485 λο-

186 2503 292 2539 γισμῶν
302 2503 377 2541 [480]
385 2504 432 2540 τὴν
440 2504 571 2539 διαφορὰν
578 2504 756 2538 είσάγων,καὶ
764 2505 870 2531 πλέκων
878 2505 977 2537 αὐτοὺς

187 2548 242 2576 ἀπὸ
265 2549 319 2576 τῶν
336 2549 492 2586 ἔμπροσθεν
509 2550 673 2586 εἰρημένων.
699 2550 731 2577 El
751 2550 806 2586 γὰρ
818 2551 910 2586 ἐκείνη
927 2551 977 2586 μὲν

187 2594 315 2627 θανάτου,
334 2595 404 2631 αὕτη
417 2595 445 2622 δὲ
458 2594 531 2629 ζωῆς
545 2597 561 2631 ἡ
578 2596 711 2628 διακονία,
728 2596 914 2632 ἀναμφίϐολον
935 2597 977 2623 ὅτι

187 2641 266 2677 καὶή
284 2641 347 2675 δόξα
372 2641 442 2678 αὕτη
469 2641 570 2677 μείζων
594 2642 713 2676 ἐκείνης⁹
736 2642 829 2677 φησίν.
860 2642 974 2678 Ἐπειδὴ

187 2686 243 2723 γὰρ
261 2688 312 2714 οὐκ
328 2686 401 2723 εἶχεν
423 2688 509 2724 αὐτὴν
523 2687 609 2721 δεῖξαι
622 2689 678 2720 τοῖς
689 2688 838 2723 ὀφθαλμοῖς
853 2690 909 2720 τοῖς
923 2697 978 2715 σω-

189 2735 325 2768 ματικοῖς,
351 2733 391 2768 τῷ
423 2733 596 2769 συλλογισμῷ
626 2734 798 2769 παρέστησεν
829 2734 917 2769 αὐτῆς
944 2733 974 2760 τὸ

187 2778 322 2814 ὑπερέχον
334 2799 342 2811 ,
361 2779 448 2814 λέγων
461 2788 468 2795 ·
484 2782 518 2807 El
534 2780 568 2806 δὲ
585 2780 604 2814 ἡ
622 2779 760 2806 διακονία
775 2780 828 2807 τοῦ
845 2780 977 2808 θανάτου

188 2824 315 2860 ἐγενήθη
329 2825 366 2852 ἐν
380 2825 454 2859 δόξῃ
469 2847 477 2856 .
493 2826 556 2858 πῶς
579 2825 647 2859 οὐχὶ
665 2825 788 2860 μᾶλλον
802 2826 820 2858 ἡ
839 2826 976 2853 διακονία

189 2870 243 2897 τοῦ
258 2872 429 2905 πνεύματος
438 2872 525 2898 ἔσται
537 2872 571 2898 ἐν
584 2871 658 2905 δόξῃ
670 2879 678 2902 ;
695 2871 838 2898 Διακονίαν
852 2872 880 2898 δὲ
896 2865 990 2898 θανά(

1032 1459 1080 1477 του
1096 1450 1143 1476 τὸν
1158 1449 1241 1484 νόμον
1255 1448 1340 1483 λέγει.
1351 1448 1407 1476 Καὶ
1415 1448 1513 1475 σκόπει
1528 1448 1587 1480 πῶς
1598 1448 1645 1474 καὶ
1660 1449 1689 1475 ἐν
1703 1449 1737 1483 τῇ
1751 1455 1824 1482 συγ-⁴

1026 1496 1118 1531 κρίσει
1144 1494 1245 1530 πολλὴν
1267 1496 1385 1522 ποιεῖται
1408 1494 1457 1530 τὴν
1488 1494 1650 1529 ἀσφάλειαν,
1671 1493 1742 1521 ὥστε
1764 1504 1817 1530 μη.

1025 1541 1123 1576 δεμίαν
1139 1540 1233 1568 δοῦναι
1247 1542 1304 1572 τοῖς
1319 1541 1468 1577 αἱρετικῶς
1488 1540 1585 1576 λαϐήν.
1608 1541 1646 1567 Οὐ
1662 1541 1716 1576 γὰρ
1727 1538 1815 1573 εἷπεν,

1031 1587 1061 1614 '0
1073 1587 1215 1623 ποιητικὸς
1235 1586 1283 1613 τοῦ
1300 1586 1433 1620 θανάτου,
1450 1586 1517 1619 ἀλλ’,
1551 1587 1587 1614 Ἠ
1612 1586 1749 1613 διακονία
1763 1588 1817 1614 τοῦ

1028 1631 1179 1660 θανάτου·
1199 1632 1320 1659 διακονεῖ
1342 1632 1397 1667 γὰρ
1428 1633 1469 1663 εἰς
1497 1632 1622 1664 θάνατον,
1648 1632 1697 1658 οὐκ
1727 1632 1817 1658 έτικτε

1027 1678 1152 1705 θάνατον.
1179 1678 1212 1705 Ἦ
1229 1678 1284 1713 γὰρ
1297 1677 1346 1704 τοῦ
1368 1677 1484 1705 θανάτου
1505 1678 1645 1713 ποιητικὴ,
1663 1679 1678 1713 ἡ
1695 1678 1818 1713 ἁμαρτία

1029 1723 1065 1760 ἦν
1075 1732 1081 1739 ·
1098 1721 1177 1756 οὗτος
1198 1724 1228 1750 δέ
1250 1724 1300 1760 τὴν
1316 1724 1428 1751 κόλασιν
1443 1724 1540 1759 ἐπῆγε,
1559 1724 1606 1750 καὶ
1620 1724 1669 1758 τῆς
1681 1723 1818 1759 ἁμαρτίας

1026 1770 1163 1802 δεικτικδς
1172 1768 1206 1806 ἦν
1217 1790 1225 1801 ,
1237 1771 1268 1797 οὐ
1283 1769 1426 1805 ποιητικός
1440 1778 1446 1785 ·
1463 1770 1640 1797 ἀπεκάλυπτε
1663 1771 1717 1805 γὰρ
1733 1769 1817 1803 σαφέ-

1028 1824 1124 1851 στερον
1136 1815 1165 1843 τὸ
1176 1815 1262 1842 κακὸν
1271 1817 1319 1842 καὶ
1329 1816 1470 1848 ἐκόλαζεν,
1487 1816 1536 1842 οὐκ
1551 1815 1616 1842 ὤθει
1626 1816 1666 1847 είς
1677 1815 1706 1842 τὸ
1721 1815 1815 1842 κακόν·

1029 1862 1077 1889 καὶ
1092 1861 1224 1895 διηκόνει,
1242 1861 1274 1888 οὺ
1288 1862 1356 1897 πρὸς
1373 1863 1403 1888 τὸ
1418 1861 1545 1895 γενέσθαι
1560 1861 1696 1897 ἁμαρτίαν
1707 1861 1724 1896 ἢ
1735 1861 1814 1888 θάνα-

1027 1917 1084 1940 τον,
1111 1907 1181 1934 ἀλλὰ
1209 1908 1278 1943 πρὸς
1306 1907 1337 1934 τὸ
1363 1907 1456 1934 δοῦναι
1484 1907 1563 1943 δίκην
1582 1909 1628 1934 τὸν
1641 1908 1813 1943 ἁμαρτόντα’

1027 1953 1098 1981 ὥστε
1113 1954 1161 1980 καὶ
1179 1953 1352 1988 ἀναιρετικδς
1361 1951 1396 1988 ἦν
1411 1953 1496 1989 ταύτῃ
1516 1953 1566 1988 τῆς
1584 1954 1731 1989 ἁμαρτίας.

1071 1998 1101 2024 '0
1123 1997 1177 2033 γὰρ
1191 1997 1263 2024 οὕτω
1277 1996 1397 2032 φοϐερὰν
1413 1997 1499 2033 αὐτὴν
1515 1998 1633 2029 δεικνὺς,
1651 1997 1762 2033 εὔδηλον
1776 1999 1818 2026 ὅτι

1029 2044 1077 2079 καὶ
1091 2044 1211 2078 φευκτὴν
1235 2045 1317 2070 ποιεῖ.
1335 2043 1442 2078 ’Ὠσπερ
1462 2041 1509 2070 οὖν
1521 2044 1535 2069 6
1554 2044 1586 2070 τὸ
1596 2043 1674 2078 ξίφος
1691 2052 1813 2079 μεταχει-

1029 2089 1130 2124 ρίξων,
1144 2089 1193 2116 καὶ
1205 2089 1252 2116 τὸν
1271 2089 1419 2116 κατάδικον
1443 2090 1618 2125 ἀποτέμνων,
1638 2091 1758 2118 διακονεῖ
1779 2091 1818 2126 τῷ

1027 2135 1142 2170 δικαστῇ
1156 2135 1377 2170 ἀποφαινομένῳ,
1392 2136 1439 2162 καὶ
1457 2136 1508 2163 οὐκ
1522 2136 1606 2168 αὐτός
1619 2138 1692 2164 ἐστιν
1704 2138 1718 2163 ὁ
1736 2138 1814 2164 ἀναι-

1029 2181 1102 2217 ρῶν,
1116 2181 1206 2208 καίτοι
1223 2189 1255 2215 γε
1278 2181 1360 2213 αὐτὸς
1383 2181 1555 2217 ἀποτέμνων,
1573 2182 1632 2209 ἀλλ’
1646 2182 1706 2209 οὐδέ
1724 2184 1738 2209 6
1750 2184 1817 2210 ἀπο-

1029 2227 1192 2263 φαινόμενος
1216 2227 1265 2254 καὶ
1289 2227 1500 2260 καταδικάζων,
1523 2228 1581 2255 ἀλλ’
1600 2229 1616 2263 ἡ
1632 2228 1679 2255 τοῦ
1705 2229 1818 2261 κολαζο-

1029 2273 1113 2308 μένου
1124 2279 1137 2294 ι
1147 2273 1275 2308 πονηρία·
1285 2272 1355 2300 οὕτω
1369 2274 1401 2309 δὴ
1413 2274 1460 2300 καὶ
1469 2273 1586 2301 ἐνταῦθα
1595 2275 1646 2301 οὐκ
1654 2275 1735 2305 αὐτὸς
1742 2276 1818 2301 ἀναι-

1029 2320 1082 2355 ρεῖ,
1092 2319 1149 2346 ἀλλ’
1160 2321 1177 2354 ἡ
1187 2319 1312 2354 ἁμαρτία
1320 2328 1329 2336 σ
1344 2319 1414 2355 αὕτη
1424 2319 1471 2346 καὶ
1479 2319 1574 2355 ἀνῄρει
1585 2321 1633 2347 καὶ
1638 2320 1799 2352 κατεδίκαζε
1809 2328 1817 2335 ο

1029 2364 1238 2401 τιμωρούμενος
1262 2365 1292 2391 δέ
1318 2361 1407 2398 οὗτος,
1434 2366 1545 2400 ἐκείνης
1574 2366 1742 2400 ὑπετέμνετο
1769 2366 1818 2402 τὴν

1030 2412 1109 2447 ίσχὺν
1119 2432 1128 2444 ,
1141 2411 1182 2447 τῷ
1199 2411 1275 2446 φόϐῳ
1291 2412 1342 2447 τῆς
1357 2412 1495 2447 τιμωρίας
1510 2412 1684 2439 ἀναστέλλων
1704 2413 1793 2447 αὑτήν
1808 2432 1815 2438 .

1028 2458 1086 2485 Οὐκ
1098 2457 1222 2492 ἠρκέσθη
1236 2457 1265 2484 δέ
1277 2457 1365 2493 τούτῳ
1382 2457 1457 2493 μόνῳ
1468 2458 1509 2490 εις
1524 2458 1574 2492 τὴν
1585 2458 1759 2492 παράστασιν
1767 2458 1818 2493 τῆς

1028 2503 1178 2538 ὑπεροχῆς,
1194 2503 1263 2530 ἀλλά
1276 2503 1324 2530 καὶ
1339 2504 1432 2538 ἐτερον
1453 2503 1625 2539 προστίθησι,
1641 2504 1744 2538 λέγων·
1767 2505 1818 2531 Ἐν·
1831 2505 1835 2527 .‘

1027 2549 1200 2585 γράμμασιν
1223 2549 1451 2585 ἐντετυπωμένη
1479 2549 1514 2576 ἐν
1536 2550 1646 2582 λίθοις.
1660 2549 1734 2585 Ὅρα
1758 2550 1851 2581 πῶς-

1029 2596 1111 2624 πάλιν
1126 2596 1311 2632 ὑποτέμνεται
1327 2596 1358 2622 τὸ
1374 2596 1501 2631 φρόνημα
1517 2596 1548 2622 τὺ
1567 2596 1720 2622 Ἰουδαϊκόν.
1735 2596 1817 2623 οὐδὲν

1027 2642 1083 2677 γὰρ
1094 2642 1187 2677 ἓτερον
1201 2639 1234 2677 ἦν
1251 2642 1267 2675 ἣ
1283 2641 1436 2677 γράμματα
1448 2643 1462 2668 ὁ
1477 2642 1560 2677 νόμος
1570 2651 1577 2658 π
1599 2642 1630 2668 οὺ
1647 2641 1761 2677 βοήθειά
1775 2649 1818 2673 τις

1028 2688 1083 2714 ἀπὸ
1094 2687 1148 2714 τῶν
1162 2687 1335 2722 γραμμάτων
1349 2688 1507 2723 ὲκπηδῶσα,
1525 2687 1574 2714 καὶ
1589 2688 1747 2726 ἐμπνέουσα
1761 2688 1818 2718 τοῖς

1028 2732 1252 2769 ἀγωνιζομένοις,
1270 2733 1396 2769 καθάπερ
1413 2728 1458 2759 ἐπὶ
1474 2733 1521 2760 τοῦ
1535 2733 1735 2768 βαπτίσματος,
1750 2731 1818 2759 ἀλλὰ

1031 2768 1193 2813 στῆλαιῖιαὶ
1207 2779 1314 2814 γραφαὶ
1329 2768 1444 2805 θάνατον
1464 2779 1598 2814 φέρουσαι
1611 2779 1668 2810 τοῖς
1677 2778 1711 2804 τὰ
1727 2778 1817 2813 γράμ-

1031 2833 1103 2860 ματα
1127 2824 1352 2859 παραϐαίνουσιν.
1378 2821 1455 2856 Εἶδες
1481 2824 1541 2855 πῶς
1563 2822 1754 2858 διορθούμενος
1768 2815 1834 2858 τῆν’

1062 2876 1074 2889 ⁸
1090 2876 1105 2899 Α
1111 2894 1117 2903 ,
1133 2875 1354 2905 καταδικαζομένου.
