  <div class='ocr_page' id='page_1' title='image "/cluster/home/n/w/nwhite01/storage/ocr_20150623/61/njp.32101077772679/450.png"; bbox 0 0 2026 3119; ppageno 0'>
   <div class='ocr_carea' id='block_1_1' title="bbox 225 126 274 155">
    <p class='ocr_par' dir='ltr' id='par_1_1' title="bbox 225 126 274 155">
     <span class='ocr_line' id='line_1_1' title="bbox 225 126 274 155; baseline -0.02 0"><span class='ocrx_word' id='word_1_1' title='bbox 225 126 274 155; x_wconf 72' lang='lat' dir='ltr'><strong>ut</strong></span> 
     </span>
    </p>
   </div>
   <div class='ocr_carea' id='block_1_2' title="bbox 226 177 1018 218">
    <p class='ocr_par' dir='ltr' id='par_1_2' title="bbox 226 177 1018 218">
     <span class='ocr_line' id='line_1_2' title="bbox 226 177 1018 218; baseline -0.005 -9"><span class='ocrx_word' id='word_1_2' title='bbox 226 190 306 218; x_wconf 85' lang='lat' dir='ltr'><strong>quam</strong></span> <span class='ocrx_word' id='word_1_3' title='bbox 322 180 432 208; x_wconf 82' lang='lat' dir='ltr'><strong>verbum</strong></span> <span class='ocrx_word' id='word_1_4' title='bbox 448 179 615 206; x_wconf 63' lang='lat' dir='ltr'><strong>obscoenum.</strong></span> <span class='ocrx_word' id='word_1_5' title='bbox 632 177 671 205; x_wconf 82' lang='lat' dir='ltr'><strong>Ac</strong></span> <span class='ocrx_word' id='word_1_6' title='bbox 684 185 766 209; x_wconf 90' lang='lat' dir='ltr'><strong>nunc,</strong></span> <span class='ocrx_word' id='word_1_7' title='bbox 780 178 803 205; x_wconf 88' lang='lat' dir='ltr'><strong>si</strong></span> <span class='ocrx_word' id='word_1_8' title='bbox 818 177 911 205; x_wconf 64' lang='lat' dir='ltr'><strong>{esteat</strong></span> <span class='ocrx_word' id='word_1_9' title='bbox 925 185 966 210; x_wconf 90' lang='lat' dir='ltr'><strong>os,</strong></span> <span class='ocrx_word' id='word_1_10' title='bbox 984 186 1018 205; x_wconf 92' lang='lat' dir='ltr'><strong>ne</strong></span> 
     </span>
    </p>
   </div>
   <div class='ocr_carea' id='block_1_3' title="bbox 229 223 1017 260">
    <p class='ocr_par' dir='ltr' id='par_1_3' title="bbox 229 223 1017 260">
     <span class='ocr_line' id='line_1_3' title="bbox 229 223 1017 260; baseline -0.005 -6"><span class='ocrx_word' id='word_1_11' title='bbox 229 227 262 255; x_wconf 87' lang='lat' dir='ltr'><strong>ad</strong></span> <span class='ocrx_word' id='word_1_12' title='bbox 277 233 434 254; x_wconf 83' lang='lat' dir='ltr'><strong>communes</strong></span> <span class='ocrx_word' id='word_1_13' title='bbox 453 224 561 260; x_wconf 87' lang='lat' dir='ltr'><strong>quidem</strong></span> <span class='ocrx_word' id='word_1_14' title='bbox 577 224 651 251; x_wconf 84' lang='lat' dir='ltr'><strong>cibos</strong></span> <span class='ocrx_word' id='word_1_15' title='bbox 665 223 831 255; x_wconf 87' lang='lat' dir='ltr'><strong>adutitteris,</strong></span> <span class='ocrx_word' id='word_1_16' title='bbox 852 231 913 251; x_wconf 93' lang='lat' dir='ltr'><strong>cum</strong></span> <span class='ocrx_word' id='word_1_17' title='bbox 927 228 1017 251; x_wconf 88' lang='lat' dir='ltr'><strong>autent</strong></span> 
     </span>
    </p>
   </div>
   <div class='ocr_carea' id='block_1_4' title="bbox 225 269 1039 306">
    <p class='ocr_par' dir='ltr' id='par_1_4' title="bbox 225 269 1039 306">
     <span class='ocr_line' id='line_1_4' title="bbox 225 269 1039 306; baseline -0.005 -6"><span class='ocrx_word' id='word_1_18' title='bbox 225 274 314 300; x_wconf 89' lang='lat' dir='ltr'><strong>anima</strong></span> <span class='ocrx_word' id='word_1_19' title='bbox 326 279 411 306; x_wconf 87' lang='lat' dir='ltr'><strong>usque</strong></span> <span class='ocrx_word' id='word_1_20' title='bbox 421 271 487 297; x_wconf 88' lang='lat' dir='ltr'><strong>adeo</strong></span> <span class='ocrx_word' id='word_1_21' title='bbox 499 269 600 301; x_wconf 72' lang='lat' dir='ltr'><strong>fteteat,</strong></span> <span class='ocrx_word' id='word_1_22' title='bbox 610 269 676 296; x_wconf 84' lang='lat' dir='ltr'><strong>heus</strong></span> <span class='ocrx_word' id='word_1_23' title='bbox 687 274 726 301; x_wconf 90' lang='lat' dir='ltr'><strong>tu,</strong></span> <span class='ocrx_word' id='word_1_24' title='bbox 740 270 866 305; x_wconf 86' lang='lat' dir='ltr'><strong>mysteria</strong></span> <span class='ocrx_word' id='word_1_25' title='bbox 879 270 1016 304; x_wconf 86' lang='lat' dir='ltr'><strong>percipere</strong></span> <span class='ocrx_word' id='word_1_26' title='bbox 1035 290 1039 296; x_wconf 54' lang='grc' dir='ltr'><strong>η</strong></span> 
     </span>
    </p>
   </div>
   <div class='ocr_carea' id='block_1_5' title="bbox 226 315 1018 350">
    <p class='ocr_par' dir='ltr' id='par_1_5' title="bbox 226 315 1018 350">
     <span class='ocr_line' id='line_1_5' title="bbox 226 315 1018 350; baseline -0.006 -4"><span class='ocrx_word' id='word_1_27' title='bbox 226 328 280 346; x_wconf 89' lang='lat' dir='ltr'><strong>nott</strong></span> <span class='ocrx_word' id='word_1_28' title='bbox 299 318 428 345; x_wconf 80' lang='lat' dir='ltr'><strong>dubitas?</strong></span> <span class='ocrx_word' id='word_1_29' title='bbox 446 317 484 344; x_wconf 79' lang='lat' dir='ltr'><strong>Ac</strong></span> <span class='ocrx_word' id='word_1_30' title='bbox 497 316 518 343; x_wconf 95' lang='lat' dir='ltr'><strong>si</strong></span> <span class='ocrx_word' id='word_1_31' title='bbox 532 315 628 350; x_wconf 84' lang='lat' dir='ltr'><strong>aliquis</strong></span> <span class='ocrx_word' id='word_1_32' title='bbox 650 322 698 342; x_wconf 88' lang='lat' dir='ltr'><strong>vas</strong></span> <span class='ocrx_word' id='word_1_33' title='bbox 717 315 850 349; x_wconf 89' lang='lat' dir='ltr'><strong>impurum</strong></span> <span class='ocrx_word' id='word_1_34' title='bbox 865 315 998 349; x_wconf 85' lang='lat' dir='ltr'><strong>acciperet</strong></span> <span class='ocrx_word' id='word_1_35' title='bbox 1010 334 1018 347; x_wconf 89' lang='lat'><strong>,</strong></span> 
     </span>
    </p>
   </div>
   <div class='ocr_carea' id='block_1_6' title="bbox 227 359 1019 399">
    <p class='ocr_par' dir='ltr' id='par_1_6' title="bbox 227 359 1019 399">
     <span class='ocr_line' id='line_1_6' title="bbox 227 359 1019 399; baseline -0.006 -8"><span class='ocrx_word' id='word_1_36' title='bbox 227 364 343 399; x_wconf 89' lang='lat' dir='ltr'><strong>atquein</strong></span> <span class='ocrx_word' id='word_1_37' title='bbox 355 370 447 390; x_wconf 85' lang='lat' dir='ltr'><strong>mensa</strong></span> <span class='ocrx_word' id='word_1_38' title='bbox 460 367 502 388; x_wconf 88' lang='lat' dir='ltr'><strong>tua</strong></span> <span class='ocrx_word' id='word_1_39' title='bbox 516 361 667 391; x_wconf 82' lang='lat' dir='ltr'><strong>collocaret,</strong></span> <span class='ocrx_word' id='word_1_40' title='bbox 682 359 795 387; x_wconf 87' lang='lat' dir='ltr'><strong>fustibus</strong></span> <span class='ocrx_word' id='word_1_41' title='bbox 805 368 910 395; x_wconf 91' lang='lat' dir='ltr'><strong>quoque</strong></span> <span class='ocrx_word' id='word_1_42' title='bbox 920 367 1019 387; x_wconf 65' lang='lat' dir='ltr'><strong>caesum</strong></span> 
     </span>
    </p>
   </div>
   <div class='ocr_carea' id='block_1_7' title="bbox 228 406 1020 444">
    <p class='ocr_par' dir='ltr' id='par_1_7' title="bbox 228 406 1020 444">
     <span class='ocr_line' id='line_1_7' title="bbox 228 406 1020 444; baseline -0.006 -7"><span class='ocrx_word' id='word_1_43' title='bbox 228 411 302 437; x_wconf 90' lang='lat' dir='ltr'><strong>illunt</strong></span> <span class='ocrx_word' id='word_1_44' title='bbox 318 410 441 444; x_wconf 78' lang='lat' dir='ltr'><strong>exigeres</strong></span> <span class='ocrx_word' id='word_1_45' title='bbox 455 417 460 433; x_wconf 89' lang='lat'><strong>:</strong></span> <span class='ocrx_word' id='word_1_46' title='bbox 475 413 501 433; x_wconf 93' lang='lat' dir='ltr'><strong>tu</strong></span> <span class='ocrx_word' id='word_1_47' title='bbox 514 414 579 433; x_wconf 87' lang='lat' dir='ltr'><strong>vero</strong></span> <span class='ocrx_word' id='word_1_48' title='bbox 589 407 671 433; x_wconf 90' lang='lat' dir='ltr'><strong>Deum</strong></span> <span class='ocrx_word' id='word_1_49' title='bbox 683 406 785 433; x_wconf 78' lang='lat' dir='ltr'><strong>habens</strong></span> <span class='ocrx_word' id='word_1_50' title='bbox 796 406 821 432; x_wconf 93' lang='lat' dir='ltr'><strong>in</strong></span> <span class='ocrx_word' id='word_1_51' title='bbox 834 413 925 433; x_wconf 86' lang='lat' dir='ltr'><strong>mensa</strong></span> <span class='ocrx_word' id='word_1_52' title='bbox 937 406 1020 439; x_wconf 83' lang='lat' dir='ltr'><strong>ipsius</strong></span> 
     </span>
    </p>
   </div>
   <div class='ocr_carea' id='block_1_8' title="bbox 227 450 1019 488">
    <p class='ocr_par' dir='ltr' id='par_1_8' title="bbox 227 450 1019 488">
     <span class='ocr_line' id='line_1_8' title="bbox 227 450 1019 488; baseline -0.006 -6"><span class='ocrx_word' id='word_1_53' title='bbox 227 459 332 488; x_wconf 87' lang='lat' dir='ltr'><strong>(mensa</strong></span> <span class='ocrx_word' id='word_1_54' title='bbox 345 454 415 480; x_wconf 91' lang='lat' dir='ltr'><strong>enim</strong></span> <span class='ocrx_word' id='word_1_55' title='bbox 431 452 514 487; x_wconf 82' lang='lat' dir='ltr'><strong>ipsius</strong></span> <span class='ocrx_word' id='word_1_56' title='bbox 536 459 568 478; x_wconf 89' lang='lat' dir='ltr'><strong>os</strong></span> <span class='ocrx_word' id='word_1_57' title='bbox 591 456 712 478; x_wconf 87' lang='lat' dir='ltr'><strong>nostrum</strong></span> <span class='ocrx_word' id='word_1_58' title='bbox 728 455 778 482; x_wconf 87' lang='lat' dir='ltr'><strong>est,</strong></span> <span class='ocrx_word' id='word_1_59' title='bbox 795 458 854 477; x_wconf 92' lang='lat' dir='ltr'><strong>cum</strong></span> <span class='ocrx_word' id='word_1_60' title='bbox 874 450 1019 485; x_wconf 79' lang='lat' dir='ltr'><strong>gratiarum</strong></span> 
     </span>
    </p>
   </div>
   <div class='ocr_carea' id='block_1_9' title="bbox 227 496 1019 535">
    <p class='ocr_par' dir='ltr' id='par_1_9' title="bbox 227 496 1019 535">
     <span class='ocr_line' id='line_1_9' title="bbox 227 496 1019 535; baseline -0.005 -8"><span class='ocrx_word' id='word_1_61' title='bbox 227 501 335 535; x_wconf 87' lang='lat' dir='ltr'><strong>plenutu</strong></span> <span class='ocrx_word' id='word_1_62' title='bbox 349 499 414 533; x_wconf 84' lang='lat' dir='ltr'><strong>est),</strong></span> <span class='ocrx_word' id='word_1_63' title='bbox 424 498 518 532; x_wconf 87' lang='lat' dir='ltr'><strong>quovis</strong></span> <span class='ocrx_word' id='word_1_64' title='bbox 532 498 636 532; x_wconf 88' lang='lat' dir='ltr'><strong>impuro</strong></span> <span class='ocrx_word' id='word_1_65' title='bbox 648 505 710 524; x_wconf 86' lang='lat' dir='ltr'><strong>vase</strong></span> <span class='ocrx_word' id='word_1_66' title='bbox 721 496 926 524; x_wconf 83' lang='lat' dir='ltr'><strong>exsecrabiliora</strong></span> <span class='ocrx_word' id='word_1_67' title='bbox 939 496 1019 523; x_wconf 86' lang='lat' dir='ltr'><strong>verba</strong></span> 
     </span>
    </p>
   </div>
   <div class='ocr_carea' id='block_1_10' title="bbox 228 542 1021 581">
    <p class='ocr_par' dir='ltr' id='par_1_10' title="bbox 228 542 1021 581">
     <span class='ocr_line' id='line_1_10' title="bbox 228 542 1021 581; baseline -0.008 -8"><span class='ocrx_word' id='word_1_68' title='bbox 228 547 365 581; x_wconf 76' lang='lat' dir='ltr'><strong>proferens</strong></span> <span class='ocrx_word' id='word_1_69' title='bbox 376 565 383 576; x_wconf 88' lang='lat'><strong>,</strong></span> <span class='ocrx_word' id='word_1_70' title='bbox 399 552 490 578; x_wconf 65' lang='lat' dir='ltr'><strong>quasso</strong></span> <span class='ocrx_word' id='word_1_71' title='bbox 513 549 538 570; x_wconf 86' lang='lat' dir='ltr'><strong>te</strong></span> <span class='ocrx_word' id='word_1_72' title='bbox 550 564 557 574; x_wconf 91' lang='lat'><strong>,</strong></span> <span class='ocrx_word' id='word_1_73' title='bbox 581 551 634 569; x_wconf 88' lang='lat' dir='ltr'><strong>non</strong></span> <span class='ocrx_word' id='word_1_74' title='bbox 654 550 715 570; x_wconf 89' lang='lat' dir='ltr'><strong>eum</strong></span> <span class='ocrx_word' id='word_1_75' title='bbox 729 543 761 569; x_wconf 90' lang='lat' dir='ltr'><strong>ad</strong></span> <span class='ocrx_word' id='word_1_76' title='bbox 782 542 944 568; x_wconf 74' lang='lat' dir='ltr'><strong>iracundiam</strong></span> <span class='ocrx_word' id='word_1_77' title='bbox 960 549 1021 576; x_wconf 84' lang='lat' dir='ltr'><strong>pro-</strong></span> 
     </span>
    </p>
   </div>
   <div class='ocr_carea' id='block_1_11' title="bbox 226 587 1021 625">
    <p class='ocr_par' dir='ltr' id='par_1_11' title="bbox 226 587 1021 625">
     <span class='ocr_line' id='line_1_11' title="bbox 226 587 1021 625; baseline -0.008 -6"><span class='ocrx_word' id='word_1_78' title='bbox 226 600 323 619; x_wconf 84' lang='lat' dir='ltr'><strong>vocare</strong></span> <span class='ocrx_word' id='word_1_79' title='bbox 339 591 433 625; x_wconf 60' lang='lat' dir='ltr'><strong>putas?</strong></span> <span class='ocrx_word' id='word_1_80' title='bbox 448 596 475 617; x_wconf 92' lang='lat' dir='ltr'><strong>et</strong></span> <span class='ocrx_word' id='word_1_81' title='bbox 488 590 531 624; x_wconf 87' lang='lat' dir='ltr'><strong>qui</strong></span> <span class='ocrx_word' id='word_1_82' title='bbox 544 589 595 615; x_wconf 88' lang='lat' dir='ltr'><strong>ltoc</strong></span> <span class='ocrx_word' id='word_1_83' title='bbox 608 588 664 615; x_wconf 84' lang='lat' dir='ltr'><strong>ﬁeri</strong></span> <span class='ocrx_word' id='word_1_84' title='bbox 676 587 852 622; x_wconf 81' lang='lat' dir='ltr'><strong>queat?l\&#39;ihil</strong></span> <span class='ocrx_word' id='word_1_85' title='bbox 863 588 934 613; x_wconf 93' lang='lat' dir='ltr'><strong>enim</strong></span> <span class='ocrx_word' id='word_1_86' title='bbox 944 594 1021 621; x_wconf 73' lang='lat' dir='ltr'><strong>teque</strong></span> 
     </span>
    </p>
   </div>
   <div class='ocr_carea' id='block_1_12' title="bbox 227 631 1016 669">
    <p class='ocr_par' dir='ltr' id='par_1_12' title="bbox 227 631 1016 669">
     <span class='ocr_line' id='line_1_12' title="bbox 227 631 1016 669; baseline -0.008 -5"><span class='ocrx_word' id='word_1_87' title='bbox 227 643 349 665; x_wconf 84' lang='lat' dir='ltr'><strong>sanctum</strong></span> <span class='ocrx_word' id='word_1_88' title='bbox 364 637 437 664; x_wconf 91' lang='lat' dir='ltr'><strong>illum</strong></span> <span class='ocrx_word' id='word_1_89' title='bbox 452 643 483 662; x_wconf 87' lang='lat' dir='ltr'><strong>ac</strong></span> <span class='ocrx_word' id='word_1_90' title='bbox 498 642 595 669; x_wconf 91' lang='lat' dir='ltr'><strong>purum</strong></span> <span class='ocrx_word' id='word_1_91' title='bbox 615 633 757 660; x_wconf 83' lang='lat' dir='ltr'><strong>exacerbat</strong></span> <span class='ocrx_word' id='word_1_92' title='bbox 771 653 778 663; x_wconf 90' lang='lat'><strong>,</strong></span> <span class='ocrx_word' id='word_1_93' title='bbox 802 637 829 658; x_wconf 84' lang='lat' dir='ltr'><strong>ut</strong></span> <span class='ocrx_word' id='word_1_94' title='bbox 847 632 928 659; x_wconf 84' lang='lat' dir='ltr'><strong>verba</strong></span> <span class='ocrx_word' id='word_1_95' title='bbox 941 631 1016 659; x_wconf 69' lang='lat' dir='ltr'><strong>haec.</strong></span> 
     </span>
    </p>
   </div>
   <div class='ocr_carea' id='block_1_13' title="bbox 229 673 1018 709">
    <p class='ocr_par' dir='ltr' id='par_1_13' title="bbox 229 673 1018 709">
     <span class='ocr_line' id='line_1_13' title="bbox 229 673 1018 709; baseline -0.009 -3"><span class='ocrx_word' id='word_1_96' title='bbox 229 679 295 706; x_wconf 79' lang='lat' dir='ltr'><strong>nihil</strong></span> <span class='ocrx_word' id='word_1_97' title='bbox 320 679 356 705; x_wconf 89' lang='lat' dir='ltr'><strong>ita</strong></span> <span class='ocrx_word' id='word_1_98' title='bbox 372 677 531 704; x_wconf 84' lang='lat' dir='ltr'><strong>temerarios</strong></span> <span class='ocrx_word' id='word_1_99' title='bbox 545 681 573 702; x_wconf 86' lang='lat' dir='ltr'><strong>et</strong></span> <span class='ocrx_word' id='word_1_100' title='bbox 588 674 758 709; x_wconf 84' lang='lat' dir='ltr'><strong>impudentes</strong></span> <span class='ocrx_word' id='word_1_101' title='bbox 774 674 896 701; x_wconf 82' lang='lat' dir='ltr'><strong>homines</strong></span> <span class='ocrx_word' id='word_1_102' title='bbox 912 673 1018 706; x_wconf 89' lang='lat' dir='ltr'><strong>reddit,</strong></span> 
     </span>
    </p>
   </div>
   <div class='ocr_carea' id='block_1_14' title="bbox 227 719 1019 759">
    <p class='ocr_par' dir='ltr' id='par_1_14' title="bbox 227 719 1019 759">
     <span class='ocr_line' id='line_1_14' title="bbox 227 719 1019 759; baseline -0.01 -6"><span class='ocrx_word' id='word_1_103' title='bbox 227 731 256 753; x_wconf 85' lang='grc' dir='ltr'><strong>ιιι</strong></span> <span class='ocrx_word' id='word_1_104' title='bbox 273 724 425 759; x_wconf 77' lang='lat' dir='ltr'><strong>huiusmodi</strong></span> <span class='ocrx_word' id='word_1_105' title='bbox 441 723 521 750; x_wconf 88' lang='lat' dir='ltr'><strong>verba</strong></span> <span class='ocrx_word' id='word_1_106' title='bbox 539 722 610 755; x_wconf 83' lang='lat' dir='ltr'><strong>loqui</strong></span> <span class='ocrx_word' id='word_1_107' title='bbox 626 726 652 748; x_wconf 90' lang='lat' dir='ltr'><strong>et</strong></span> <span class='ocrx_word' id='word_1_108' title='bbox 667 720 778 747; x_wconf 87' lang='lat' dir='ltr'><strong>audire:</strong></span> <span class='ocrx_word' id='word_1_109' title='bbox 792 719 859 746; x_wconf 90' lang='lat' dir='ltr'><strong>nihil</strong></span> <span class='ocrx_word' id='word_1_110' title='bbox 879 727 955 753; x_wconf 71' lang='lat' dir='ltr'><strong>mque</strong></span> <span class='ocrx_word' id='word_1_111' title='bbox 970 727 1019 753; x_wconf 85' lang='lat' dir='ltr'><strong>pu-</strong></span> 
     </span>
    </p>
   </div>
   <div class='ocr_carea' id='block_1_15' title="bbox 226 765 1020 802">
    <p class='ocr_par' dir='ltr' id='par_1_15' title="bbox 226 765 1020 802">
     <span class='ocr_line' id='line_1_15' title="bbox 226 765 1020 802; baseline -0.009 -4"><span class='ocrx_word' id='word_1_112' title='bbox 226 771 325 798; x_wconf 62' lang='lat' dir='ltr'><strong>dicitia:</strong></span> <span class='ocrx_word' id='word_1_113' title='bbox 341 777 438 797; x_wconf 91' lang='lat' dir='ltr'><strong>nervos</strong></span> <span class='ocrx_word' id='word_1_114' title='bbox 454 768 586 802; x_wconf 75' lang='lat' dir='ltr'><strong>refringit.</strong></span> <span class='ocrx_word' id='word_1_115' title='bbox 598 772 627 794; x_wconf 90' lang='lat' dir='ltr'><strong>ut</strong></span> <span class='ocrx_word' id='word_1_116' title='bbox 640 767 756 797; x_wconf 79' lang='lat' dir='ltr'><strong>ﬂantum,</strong></span> <span class='ocrx_word' id='word_1_117' title='bbox 766 774 825 800; x_wconf 70' lang='lat' dir='ltr'><strong>qum</strong></span> <span class='ocrx_word' id='word_1_118' title='bbox 839 773 886 800; x_wconf 90' lang='lat' dir='ltr'><strong>per</strong></span> <span class='ocrx_word' id='word_1_119' title='bbox 901 773 932 792; x_wconf 88' lang='lat' dir='ltr'><strong>ea</strong></span> <span class='ocrx_word' id='word_1_120' title='bbox 946 765 1020 792; x_wconf 80' lang='lat' dir='ltr'><strong>exei—</strong></span> 
     </span>
    </p>
   </div>
   <div class='ocr_carea' id='block_1_16' title="bbox 230 811 1021 849">
    <p class='ocr_par' dir='ltr' id='par_1_16' title="bbox 230 811 1021 849">
     <span class='ocr_line' id='line_1_16' title="bbox 230 811 1021 849; baseline -0.008 -6"><span class='ocrx_word' id='word_1_121' title='bbox 230 822 309 844; x_wconf 90' lang='lat' dir='ltr'><strong>tatur.</strong></span> <span class='ocrx_word' id='word_1_122' title='bbox 325 816 396 843; x_wconf 84' lang='lat' dir='ltr'><strong>Deus</strong></span> <span class='ocrx_word' id='word_1_123' title='bbox 411 818 576 849; x_wconf 75' lang='lat' dir='ltr'><strong>unguentum</strong></span> <span class='ocrx_word' id='word_1_124' title='bbox 592 813 632 839; x_wconf 91' lang='lat' dir='ltr'><strong>ori</strong></span> <span class='ocrx_word' id='word_1_125' title='bbox 654 817 700 839; x_wconf 93' lang='lat' dir='ltr'><strong>tuo</strong></span> <span class='ocrx_word' id='word_1_126' title='bbox 724 811 865 845; x_wconf 85' lang='lat' dir='ltr'><strong>imposuit;</strong></span> <span class='ocrx_word' id='word_1_127' title='bbox 888 815 934 837; x_wconf 91' lang='lat' dir='ltr'><strong>tuo</strong></span> <span class='ocrx_word' id='word_1_128' title='bbox 956 818 1021 838; x_wconf 86' lang='lat' dir='ltr'><strong>vero</strong></span> 
     </span>
    </p>
   </div>
   <div class='ocr_carea' id='block_1_17' title="bbox 229 856 1019 891">
    <p class='ocr_par' dir='ltr' id='par_1_17' title="bbox 229 856 1019 891">
     <span class='ocr_line' id='line_1_17' title="bbox 229 856 1019 891; baseline -0.011 -1"><span class='ocrx_word' id='word_1_129' title='bbox 229 862 360 890; x_wconf 87' lang='lat' dir='ltr'><strong>cadavere</strong></span> <span class='ocrx_word' id='word_1_130' title='bbox 374 860 508 887; x_wconf 64' lang='lat' dir='ltr'><strong>[ualidiora</strong></span> <span class='ocrx_word' id='word_1_131' title='bbox 525 859 605 885; x_wconf 88' lang='lat' dir='ltr'><strong>verba</strong></span> <span class='ocrx_word' id='word_1_132' title='bbox 622 858 646 884; x_wconf 92' lang='lat' dir='ltr'><strong>in</strong></span> <span class='ocrx_word' id='word_1_133' title='bbox 663 865 696 884; x_wconf 90' lang='lat' dir='ltr'><strong>eo</strong></span> <span class='ocrx_word' id='word_1_134' title='bbox 712 857 853 889; x_wconf 77' lang='lat' dir='ltr'><strong>recondis,</strong></span> <span class='ocrx_word' id='word_1_135' title='bbox 870 861 950 891; x_wconf 89' lang='lat' dir='ltr'><strong>atque</strong></span> <span class='ocrx_word' id='word_1_136' title='bbox 964 856 1019 882; x_wconf 86' lang='lat' dir='ltr'><strong>atti-</strong></span> 
     </span>
    </p>
   </div>
   <div class='ocr_carea' id='block_1_18' title="bbox 229 902 1019 944">
    <p class='ocr_par' dir='ltr' id='par_1_18' title="bbox 229 902 1019 944">
     <span class='ocr_line' id='line_1_18' title="bbox 229 902 1019 944; baseline -0.011 -7"><span class='ocrx_word' id='word_1_137' title='bbox 229 917 299 937; x_wconf 88' lang='lat' dir='ltr'><strong>mam</strong></span> <span class='ocrx_word' id='word_1_138' title='bbox 322 909 406 944; x_wconf 87' lang='lat' dir='ltr'><strong>ipsam</strong></span> <span class='ocrx_word' id='word_1_139' title='bbox 430 907 529 934; x_wconf 85' lang='lat' dir='ltr'><strong>occidis</strong></span> <span class='ocrx_word' id='word_1_140' title='bbox 553 910 579 932; x_wconf 90' lang='lat' dir='ltr'><strong>et</strong></span> <span class='ocrx_word' id='word_1_141' title='bbox 602 904 765 931; x_wconf 88' lang='lat' dir='ltr'><strong>immobilem</strong></span> <span class='ocrx_word' id='word_1_142' title='bbox 792 903 891 929; x_wconf 82' lang='lat' dir='ltr'><strong>reddis.</strong></span> <span class='ocrx_word' id='word_1_143' title='bbox 915 902 1019 929; x_wconf 83' lang='lat' dir='ltr'><strong>Etenim</strong></span> 
     </span>
    </p>
   </div>
   <div class='ocr_carea' id='block_1_19' title="bbox 229 947 1020 989">
    <p class='ocr_par' dir='ltr' id='par_1_19' title="bbox 229 947 1020 989">
     <span class='ocr_line' id='line_1_19' title="bbox 229 947 1020 989; baseline -0.013 -6"><span class='ocrx_word' id='word_1_144' title='bbox 229 964 289 983; x_wconf 90' lang='lat' dir='ltr'><strong>cum</strong></span> <span class='ocrx_word' id='word_1_145' title='bbox 302 955 418 989; x_wconf 85' lang='lat' dir='ltr'><strong>aliquem</strong></span> <span class='ocrx_word' id='word_1_146' title='bbox 432 952 592 980; x_wconf 76' lang='lat' dir='ltr'><strong>contumelia</strong></span> <span class='ocrx_word' id='word_1_147' title='bbox 608 950 703 981; x_wconf 74' lang='lat' dir='ltr'><strong>efficis,</strong></span> <span class='ocrx_word' id='word_1_148' title='bbox 719 949 769 976; x_wconf 90' lang='lat' dir='ltr'><strong>ltoc</strong></span> <span class='ocrx_word' id='word_1_149' title='bbox 785 956 836 975; x_wconf 91' lang='lat' dir='ltr'><strong>non</strong></span> <span class='ocrx_word' id='word_1_150' title='bbox 851 949 958 980; x_wconf 66' lang='lat' dir='ltr'><strong>anima&#39;,</strong></span> <span class='ocrx_word' id='word_1_151' title='bbox 973 947 1020 974; x_wconf 86' lang='lat' dir='ltr'><strong>sed</strong></span> 
     </span>
    </p>
   </div>
   <div class='ocr_carea' id='block_1_20' title="bbox 231 994 1019 1030">
    <p class='ocr_par' dir='ltr' id='par_1_20' title="bbox 231 994 1019 1030">
     <span class='ocr_line' id='line_1_20' title="bbox 231 994 1019 1030; baseline -0.013 -1"><span class='ocrx_word' id='word_1_152' title='bbox 231 1001 376 1029; x_wconf 78' lang='lat' dir='ltr'><strong>iracundiae</strong></span> <span class='ocrx_word' id='word_1_153' title='bbox 388 1008 440 1026; x_wconf 87' lang='lat' dir='ltr'><strong>vox</strong></span> <span class='ocrx_word' id='word_1_154' title='bbox 455 1003 512 1030; x_wconf 89' lang='lat' dir='ltr'><strong>est;</strong></span> <span class='ocrx_word' id='word_1_155' title='bbox 528 1005 590 1024; x_wconf 89' lang='lat' dir='ltr'><strong>cum</strong></span> <span class='ocrx_word' id='word_1_156' title='bbox 604 996 730 1023; x_wconf 79' lang='lat' dir='ltr'><strong>obscaena</strong></span> <span class='ocrx_word' id='word_1_157' title='bbox 747 994 873 1029; x_wconf 82' lang='lat' dir='ltr'><strong>loqueris,</strong></span> <span class='ocrx_word' id='word_1_158' title='bbox 890 1002 942 1020; x_wconf 87' lang='lat' dir='ltr'><strong>non</strong></span> <span class='ocrx_word' id='word_1_159' title='bbox 957 994 999 1020; x_wconf 84' lang='lat' dir='ltr'><strong>illa</strong></span> <span class='ocrx_word' id='word_1_160' title='bbox 1012 1014 1019 1025; x_wconf 95' lang='lat'><strong>,</strong></span> 
     </span>
    </p>
   </div>
   <div class='ocr_carea' id='block_1_21' title="bbox 231 1039 1019 1079">
    <p class='ocr_par' dir='ltr' id='par_1_21' title="bbox 231 1039 1019 1079">
     <span class='ocr_line' id='line_1_21' title="bbox 231 1039 1019 1079; baseline -0.013 -4"><span class='ocrx_word' id='word_1_161' title='bbox 231 1048 277 1075; x_wconf 88' lang='lat' dir='ltr'><strong>sed</strong></span> <span class='ocrx_word' id='word_1_162' title='bbox 296 1046 378 1073; x_wconf 89' lang='lat' dir='ltr'><strong>libido</strong></span> <span class='ocrx_word' id='word_1_163' title='bbox 392 1046 499 1079; x_wconf 86' lang='lat' dir='ltr'><strong>loquuta</strong></span> <span class='ocrx_word' id='word_1_164' title='bbox 515 1048 574 1075; x_wconf 86' lang='lat' dir='ltr'><strong>est;</strong></span> <span class='ocrx_word' id='word_1_165' title='bbox 591 1050 651 1070; x_wconf 93' lang='lat' dir='ltr'><strong>cum</strong></span> <span class='ocrx_word' id='word_1_166' title='bbox 666 1042 811 1072; x_wconf 84' lang='lat' dir='ltr'><strong>obtrectas,</strong></span> <span class='ocrx_word' id='word_1_167' title='bbox 828 1039 924 1066; x_wconf 81' lang='lat' dir='ltr'><strong>invidia</strong></span> <span class='ocrx_word' id='word_1_168' title='bbox 938 1048 944 1072; x_wconf 90' lang='lat'>;</span> <span class='ocrx_word' id='word_1_169' title='bbox 960 1048 1019 1066; x_wconf 81' lang='lat' dir='ltr'><strong>cum</strong></span> 
     </span>
    </p>
   </div>
   <div class='ocr_carea' id='block_1_22' title="bbox 231 1086 1019 1123">
    <p class='ocr_par' dir='ltr' id='par_1_22' title="bbox 231 1086 1019 1123">
     <span class='ocr_line' id='line_1_22' title="bbox 231 1086 1019 1123; baseline -0.011 -3"><span class='ocrx_word' id='word_1_170' title='bbox 231 1092 340 1120; x_wconf 87' lang='lat' dir='ltr'><strong>insidias</strong></span> <span class='ocrx_word' id='word_1_171' title='bbox 354 1091 447 1123; x_wconf 83' lang='lat' dir='ltr'><strong>struis,</strong></span> <span class='ocrx_word' id='word_1_172' title='bbox 464 1088 586 1116; x_wconf 85' lang='lat' dir='ltr'><strong>avaritia.</strong></span> <span class='ocrx_word' id='word_1_173' title='bbox 602 1087 665 1114; x_wconf 64' lang='lat' dir='ltr'><strong>llaec</strong></span> <span class='ocrx_word' id='word_1_174' title='bbox 680 1086 751 1113; x_wconf 91' lang='lat' dir='ltr'><strong>enim</strong></span> <span class='ocrx_word' id='word_1_175' title='bbox 767 1093 820 1112; x_wconf 91' lang='lat' dir='ltr'><strong>non</strong></span> <span class='ocrx_word' id='word_1_176' title='bbox 836 1086 932 1111; x_wconf 72' lang='lat' dir='ltr'><strong>anima:</strong></span> <span class='ocrx_word' id='word_1_177' title='bbox 947 1091 1019 1119; x_wconf 79' lang='lat' dir='ltr'><strong>sunt,</strong></span> 
     </span>
    </p>
   </div>
   <div class='ocr_carea' id='block_1_23' title="bbox 230 1131 1019 1173">
    <p class='ocr_par' dir='ltr' id='par_1_23' title="bbox 230 1131 1019 1173">
     <span class='ocr_line' id='line_1_23' title="bbox 230 1131 1019 1173; baseline -0.013 -6"><span class='ocrx_word' id='word_1_178' title='bbox 230 1139 276 1167; x_wconf 86' lang='lat' dir='ltr'><strong>sed</strong></span> <span class='ocrx_word' id='word_1_179' title='bbox 288 1137 517 1173; x_wconf 86' lang='lat' dir='ltr'><strong>perturbationum</strong></span> <span class='ocrx_word' id='word_1_180' title='bbox 528 1135 611 1169; x_wconf 87' lang='lat' dir='ltr'><strong>ipsius</strong></span> <span class='ocrx_word' id='word_1_181' title='bbox 622 1141 653 1160; x_wconf 87' lang='lat' dir='ltr'><strong>ac</strong></span> <span class='ocrx_word' id='word_1_182' title='bbox 665 1133 828 1159; x_wconf 84' lang='lat' dir='ltr'><strong>morborum.</strong></span> <span class='ocrx_word' id='word_1_183' title='bbox 840 1131 1019 1165; x_wconf 81' lang='lat' dir='ltr'><strong>Quemadmo-</strong></span> 
     </span>
    </p>
   </div>
   <div class='ocr_carea' id='block_1_24' title="bbox 230 1177 1019 1215">
    <p class='ocr_par' dir='ltr' id='par_1_24' title="bbox 230 1177 1019 1215">
     <span class='ocr_line' id='line_1_24' title="bbox 230 1177 1019 1215; baseline -0.011 -4"><span class='ocrx_word' id='word_1_184' title='bbox 230 1185 292 1211; x_wconf 91' lang='lat' dir='ltr'><strong>dum</strong></span> <span class='ocrx_word' id='word_1_185' title='bbox 307 1183 379 1211; x_wconf 90' lang='lat' dir='ltr'><strong>enim</strong></span> <span class='ocrx_word' id='word_1_186' title='bbox 395 1181 550 1215; x_wconf 82' lang='lat' dir='ltr'><strong>corrumpi,</strong></span> <span class='ocrx_word' id='word_1_187' title='bbox 569 1187 620 1205; x_wconf 84' lang='lat' dir='ltr'><strong>non</strong></span> <span class='ocrx_word' id='word_1_188' title='bbox 641 1177 798 1212; x_wconf 88' lang='lat' dir='ltr'><strong>simpliciter</strong></span> <span class='ocrx_word' id='word_1_189' title='bbox 818 1177 939 1211; x_wconf 91' lang='lat' dir='ltr'><strong>corporis</strong></span> <span class='ocrx_word' id='word_1_190' title='bbox 958 1182 1019 1210; x_wconf 84' lang='lat' dir='ltr'><strong>est,</strong></span> 
     </span>
    </p>
   </div>
   <div class='ocr_carea' id='block_1_25' title="bbox 737 117 1323 148">
    <p class='ocr_par' dir='ltr' id='par_1_25' title="bbox 737 117 1323 148">
     <span class='ocr_line' id='line_1_25' title="bbox 737 117 1323 148; baseline -0.002 -2"><span class='ocrx_word' id='word_1_191' title='bbox 737 118 770 148; x_wconf 82' lang='lat' dir='ltr'><strong>IN</strong></span> <span class='ocrx_word' id='word_1_192' title='bbox 789 119 895 148; x_wconf 85' lang='lat' dir='ltr'><strong>EPlST.</strong></span> <span class='ocrx_word' id='word_1_193' title='bbox 917 119 937 147; x_wconf 98' lang='lat' dir='ltr'><strong>ll</strong></span> <span class='ocrx_word' id='word_1_194' title='bbox 969 118 1016 146; x_wconf 84' lang='lat' dir='ltr'><strong>AD</strong></span> <span class='ocrx_word' id='word_1_195' title='bbox 1033 118 1111 147; x_wconf 80' lang='lat' dir='ltr'><strong>COR.</strong></span> <span class='ocrx_word' id='word_1_196' title='bbox 1131 117 1246 147; x_wconf 74' lang='lat' dir='ltr'><strong>HOMIL.</strong></span> <span class='ocrx_word' id='word_1_197' title='bbox 1269 117 1323 146; x_wconf 72' lang='grc' dir='ltr'><strong>γιι.</strong></span> 
     </span>
    </p>
   </div>
   <div class='ocr_carea' id='block_1_26' title="bbox 1811 117 1863 145">
    <p class='ocr_par' dir='ltr' id='par_1_26' title="bbox 1811 117 1863 145">
     <span class='ocr_line' id='line_1_26' title="bbox 1811 117 1863 145; baseline -0.019 0"><span class='ocrx_word' id='word_1_198' title='bbox 1811 117 1863 145; x_wconf 71' lang='grc' dir='ltr'><strong>ιη</strong></span> 
     </span>
    </p>
   </div>
   <div class='ocr_carea' id='block_1_27' title="bbox 1076 175 1866 212">
    <p class='ocr_par' dir='ltr' id='par_1_27' title="bbox 1076 175 1866 212">
     <span class='ocr_line' id='line_1_27' title="bbox 1076 175 1866 212; baseline -0.004 -7"><span class='ocrx_word' id='word_1_199' title='bbox 1076 177 1124 205; x_wconf 92' lang='lat' dir='ltr'><strong>sed</strong></span> <span class='ocrx_word' id='word_1_200' title='bbox 1139 178 1234 205; x_wconf 89' lang='lat' dir='ltr'><strong>mortis</strong></span> <span class='ocrx_word' id='word_1_201' title='bbox 1246 182 1274 204; x_wconf 90' lang='lat' dir='ltr'><strong>et</strong></span> <span class='ocrx_word' id='word_1_202' title='bbox 1288 177 1343 204; x_wconf 89' lang='lat' dir='ltr'><strong>vitii</strong></span> <span class='ocrx_word' id='word_1_203' title='bbox 1357 176 1428 212; x_wconf 89' lang='lat' dir='ltr'><strong>quod</strong></span> <span class='ocrx_word' id='word_1_204' title='bbox 1442 175 1468 203; x_wconf 92' lang='lat' dir='ltr'><strong>in</strong></span> <span class='ocrx_word' id='word_1_205' title='bbox 1481 182 1595 211; x_wconf 88' lang='lat' dir='ltr'><strong>corpore</strong></span> <span class='ocrx_word' id='word_1_206' title='bbox 1606 180 1664 204; x_wconf 87' lang='lat' dir='ltr'><strong>est:</strong></span> <span class='ocrx_word' id='word_1_207' title='bbox 1675 176 1769 203; x_wconf 88' lang='lat' dir='ltr'><strong>eodem</strong></span> <span class='ocrx_word' id='word_1_208' title='bbox 1786 176 1866 202; x_wconf 88' lang='lat' dir='ltr'><strong>modo</strong></span> 
     </span>
    </p>
   </div>
   <div class='ocr_carea' id='block_1_28' title="bbox 1075 221 1865 257">
    <p class='ocr_par' dir='ltr' id='par_1_28' title="bbox 1075 221 1865 257">
     <span class='ocr_line' id='line_1_28' title="bbox 1075 221 1865 257; baseline -0.004 -8"><span class='ocrx_word' id='word_1_209' title='bbox 1075 223 1124 249; x_wconf 90' lang='lat' dir='ltr'><strong>ista</strong></span> <span class='ocrx_word' id='word_1_210' title='bbox 1143 230 1249 257; x_wconf 88' lang='lat' dir='ltr'><strong>quoque</strong></span> <span class='ocrx_word' id='word_1_211' title='bbox 1261 243 1270 255; x_wconf 93' lang='lat'><strong>,</strong></span> <span class='ocrx_word' id='word_1_212' title='bbox 1292 222 1498 249; x_wconf 88' lang='lat' dir='ltr'><strong>adventitiarum</strong></span> <span class='ocrx_word' id='word_1_213' title='bbox 1522 221 1619 249; x_wconf 69' lang='lat' dir='ltr'><strong>anima:</strong></span> <span class='ocrx_word' id='word_1_214' title='bbox 1635 222 1865 257; x_wconf 83' lang='lat' dir='ltr'><strong>perturbationum</strong></span> 
     </span>
    </p>
   </div>
   <div class='ocr_carea' id='block_1_29' title="bbox 1074 266 1868 299">
    <p class='ocr_par' dir='ltr' id='par_1_29' title="bbox 1074 266 1868 299">
     <span class='ocr_line' id='line_1_29' title="bbox 1074 266 1868 299; baseline -0.003 -4"><span class='ocrx_word' id='word_1_215' title='bbox 1074 273 1145 295; x_wconf 87' lang='lat' dir='ltr'><strong>sunt.</strong></span> <span class='ocrx_word' id='word_1_216' title='bbox 1161 268 1228 295; x_wconf 85' lang='lat' dir='ltr'><strong>Nam</strong></span> <span class='ocrx_word' id='word_1_217' title='bbox 1243 268 1265 295; x_wconf 92' lang='lat' dir='ltr'><strong>si</strong></span> <span class='ocrx_word' id='word_1_218' title='bbox 1279 269 1393 296; x_wconf 87' lang='lat' dir='ltr'><strong>viventis</strong></span> <span class='ocrx_word' id='word_1_219' title='bbox 1406 268 1503 295; x_wconf 71' lang='lat' dir='ltr'><strong>animm</strong></span> <span class='ocrx_word' id='word_1_220' title='bbox 1518 275 1610 295; x_wconf 87' lang='lat' dir='ltr'><strong>vocem</strong></span> <span class='ocrx_word' id='word_1_221' title='bbox 1624 267 1717 294; x_wconf 87' lang='lat' dir='ltr'><strong>audire</strong></span> <span class='ocrx_word' id='word_1_222' title='bbox 1729 268 1771 294; x_wconf 85' lang='lat' dir='ltr'><strong>vis</strong></span> <span class='ocrx_word' id='word_1_223' title='bbox 1781 288 1789 299; x_wconf 94' lang='lat'><strong>,</strong></span> <span class='ocrx_word' id='word_1_224' title='bbox 1805 266 1868 294; x_wconf 81' lang='lat' dir='ltr'><strong>audi</strong></span> 
     </span>
    </p>
   </div>
   <div class='ocr_carea' id='block_1_30' title="bbox 1076 313 1866 349">
    <p class='ocr_par' dir='ltr' id='par_1_30' title="bbox 1076 313 1866 349">
     <span class='ocr_line' id='line_1_30' title="bbox 1076 313 1866 349; baseline -0.001 -9"><span class='ocrx_word' id='word_1_225' title='bbox 1076 313 1186 341; x_wconf 82' lang='lat' dir='ltr'><strong>Paulum</strong></span> <span class='ocrx_word' id='word_1_226' title='bbox 1199 314 1333 341; x_wconf 89' lang='lat' dir='ltr'><strong>dicentem</strong></span> <span class='ocrx_word' id='word_1_227' title='bbox 1347 324 1353 342; x_wconf 89' lang='lat'><strong>:</strong></span> <span class='ocrx_word' id='word_1_228' title='bbox 1368 313 1495 341; x_wconf 76' lang='lat' dir='ltr'><strong>Habentes</strong></span> <span class='ocrx_word' id='word_1_229' title='bbox 1508 314 1627 341; x_wconf 86' lang='lat' dir='ltr'><strong>alimenta</strong></span> <span class='ocrx_word' id='word_1_230' title='bbox 1636 335 1642 345; x_wconf 84' lang='lat'><strong>,</strong></span> <span class='ocrx_word' id='word_1_231' title='bbox 1658 319 1681 341; x_wconf 89' lang='lat' dir='ltr'><strong>et</strong></span> <span class='ocrx_word' id='word_1_232' title='bbox 1694 314 1784 349; x_wconf 78' lang='lat' dir='ltr'><strong>quibus</strong></span> <span class='ocrx_word' id='word_1_233' title='bbox 1796 318 1866 348; x_wconf 86' lang='lat' dir='ltr'><strong>lega-</strong></span> 
     </span>
    </p>
   </div>
   <div class='ocr_carea' id='block_1_31' title="bbox 1073 359 1869 396">
    <p class='ocr_par' dir='ltr' id='par_1_31' title="bbox 1073 359 1869 396">
     <span class='ocr_line' id='line_1_31' title="bbox 1073 359 1869 396; baseline 0 -11"><span class='ocrx_word' id='word_1_234' title='bbox 1073 367 1131 385; x_wconf 84' lang='lat' dir='ltr'><strong>ntur</strong></span> <span class='ocrx_word' id='word_1_235' title='bbox 1142 379 1148 390; x_wconf 91' lang='lat'><strong>,</strong></span> <span class='ocrx_word' id='word_1_236' title='bbox 1163 359 1203 386; x_wconf 82' lang='lat' dir='ltr'><strong>his</strong></span> <span class='ocrx_word' id='word_1_237' title='bbox 1216 360 1329 386; x_wconf 75' lang='lat' dir='ltr'><strong>contenti</strong></span> <span class='ocrx_word' id='word_1_238' title='bbox 1342 368 1429 386; x_wconf 87' lang='lat' dir='ltr'><strong>suntus</strong></span> <span class='ocrx_word' id='word_1_239' title='bbox 1449 360 1488 396; x_wconf 80' lang='lat' dir='ltr'><strong>(i.</strong></span> <span class='ocrx_word' id='word_1_240' title='bbox 1505 359 1570 386; x_wconf 84' lang='lat' dir='ltr'><strong>Tim.</strong></span> <span class='ocrx_word' id='word_1_241' title='bbox 1585 360 1611 387; x_wconf 84' lang='lat'><strong>5.</strong></span> <span class='ocrx_word' id='word_1_242' title='bbox 1626 360 1653 395; x_wconf 80' lang='lat'><strong>8)</strong></span> <span class='ocrx_word' id='word_1_243' title='bbox 1666 369 1673 392; x_wconf 90' lang='lat'><strong>;</strong></span> <span class='ocrx_word' id='word_1_244' title='bbox 1690 365 1734 393; x_wconf 86' lang='lat' dir='ltr'><strong>et,</strong></span> <span class='ocrx_word' id='word_1_245' title='bbox 1751 360 1869 393; x_wconf 66' lang='lat' dir='ltr'><strong>Questus</strong></span> 
     </span>
    </p>
   </div>
   <div class='ocr_carea' id='block_1_32' title="bbox 1075 406 1867 442">
    <p class='ocr_par' dir='ltr' id='par_1_32' title="bbox 1075 406 1867 442">
     <span class='ocr_line' id='line_1_32' title="bbox 1075 406 1867 442; baseline 0.001 -11"><span class='ocrx_word' id='word_1_246' title='bbox 1075 413 1182 440; x_wconf 79' lang='lat' dir='ltr'><strong>magnus</strong></span> <span class='ocrx_word' id='word_1_247' title='bbox 1195 411 1232 433; x_wconf 89' lang='lat' dir='ltr'><strong>est</strong></span> <span class='ocrx_word' id='word_1_248' title='bbox 1247 406 1327 441; x_wconf 79' lang='lat' dir='ltr'><strong>pietas</strong></span> <span class='ocrx_word' id='word_1_249' title='bbox 1341 406 1422 442; x_wconf 88' lang='lat' dir='ltr'><strong>(Ibid.</strong></span> <span class='ocrx_word' id='word_1_250' title='bbox 1437 414 1461 433; x_wconf 84' lang='grc' dir='ltr'><strong>υ.</strong></span> <span class='ocrx_word' id='word_1_251' title='bbox 1478 406 1505 442; x_wconf 84' lang='grc'>6)</span> <span class='ocrx_word' id='word_1_252' title='bbox 1520 415 1528 440; x_wconf 86' lang='grc'>;</span> <span class='ocrx_word' id='word_1_253' title='bbox 1544 411 1582 440; x_wconf 87' lang='lat' dir='ltr'><strong>et,</strong></span> <span class='ocrx_word' id='word_1_254' title='bbox 1597 406 1671 440; x_wconf 84' lang='lat' dir='ltr'><strong>Mihi,</strong></span> <span class='ocrx_word' id='word_1_255' title='bbox 1688 407 1798 434; x_wconf 77' lang='lat' dir='ltr'><strong>mundus</strong></span> <span class='ocrx_word' id='word_1_256' title='bbox 1810 414 1867 433; x_wconf 78' lang='lat' dir='ltr'><strong>cru-</strong></span> 
     </span>
    </p>
   </div>
   <div class='ocr_carea' id='block_1_33' title="bbox 1074 452 1867 489">
    <p class='ocr_par' dir='ltr' id='par_1_33' title="bbox 1074 452 1867 489">
     <span class='ocr_line' id='line_1_33' title="bbox 1074 452 1867 489; baseline 0.001 -11"><span class='ocrx_word' id='word_1_257' title='bbox 1074 453 1167 487; x_wconf 75' lang='lat' dir='ltr'><strong>ciﬁxus</strong></span> <span class='ocrx_word' id='word_1_258' title='bbox 1182 458 1235 485; x_wconf 81' lang='lat' dir='ltr'><strong>est,</strong></span> <span class='ocrx_word' id='word_1_259' title='bbox 1252 457 1276 479; x_wconf 82' lang='lat' dir='ltr'><strong>et</strong></span> <span class='ocrx_word' id='word_1_260' title='bbox 1288 461 1334 487; x_wconf 87' lang='lat' dir='ltr'><strong>ego</strong></span> <span class='ocrx_word' id='word_1_261' title='bbox 1349 453 1443 480; x_wconf 87' lang='lat' dir='ltr'><strong>mundo</strong></span> <span class='ocrx_word' id='word_1_262' title='bbox 1459 452 1531 488; x_wconf 87' lang='lat' dir='ltr'><strong>(Gal.</strong></span> <span class='ocrx_word' id='word_1_263' title='bbox 1554 453 1581 480; x_wconf 85' lang='lat'><strong>6.</strong></span> <span class='ocrx_word' id='word_1_264' title='bbox 1604 453 1661 489; x_wconf 73' lang='grc' dir='ltr'><strong>Η).</strong></span> <span class='ocrx_word' id='word_1_265' title='bbox 1676 453 1744 480; x_wconf 81' lang='lat' dir='ltr'><strong>Audi</strong></span> <span class='ocrx_word' id='word_1_266' title='bbox 1760 453 1867 480; x_wconf 84' lang='lat' dir='ltr'><strong>Petrum</strong></span> 
     </span>
    </p>
   </div>
   <div class='ocr_carea' id='block_1_34' title="bbox 1074 498 1869 534">
    <p class='ocr_par' dir='ltr' id='par_1_34' title="bbox 1074 498 1869 534">
     <span class='ocr_line' id='line_1_34' title="bbox 1074 498 1869 534; baseline -0.001 -9"><span class='ocrx_word' id='word_1_267' title='bbox 1074 498 1218 531; x_wconf 83' lang='lat' dir='ltr'><strong>dicentem,</strong></span> <span class='ocrx_word' id='word_1_268' title='bbox 1229 499 1368 533; x_wconf 82' lang='lat' dir='ltr'><strong>Argentum</strong></span> <span class='ocrx_word' id='word_1_269' title='bbox 1378 503 1402 525; x_wconf 89' lang='lat' dir='ltr'><strong>et</strong></span> <span class='ocrx_word' id='word_1_270' title='bbox 1412 507 1504 525; x_wconf 89' lang='lat' dir='ltr'><strong>aurum</strong></span> <span class='ocrx_word' id='word_1_271' title='bbox 1514 507 1564 526; x_wconf 86' lang='lat' dir='ltr'><strong>non</strong></span> <span class='ocrx_word' id='word_1_272' title='bbox 1574 504 1609 525; x_wconf 82' lang='lat' dir='ltr'><strong>est</strong></span> <span class='ocrx_word' id='word_1_273' title='bbox 1619 499 1681 525; x_wconf 86' lang='lat' dir='ltr'><strong>mihi</strong></span> <span class='ocrx_word' id='word_1_274' title='bbox 1691 507 1700 531; x_wconf 94' lang='lat'><em>;</em></span> <span class='ocrx_word' id='word_1_275' title='bbox 1709 499 1776 534; x_wconf 84' lang='lat' dir='ltr'><strong>quod</strong></span> <span class='ocrx_word' id='word_1_276' title='bbox 1786 503 1869 525; x_wconf 80' lang='lat' dir='ltr'><strong>autent</strong></span> 
     </span>
    </p>
   </div>
   <div class='ocr_carea' id='block_1_35' title="bbox 1074 543 1869 580">
    <p class='ocr_par' dir='ltr' id='par_1_35' title="bbox 1074 543 1869 580">
     <span class='ocr_line' id='line_1_35' title="bbox 1074 543 1869 580; baseline 0 -10"><span class='ocrx_word' id='word_1_277' title='bbox 1074 544 1153 570; x_wconf 83' lang='lat' dir='ltr'><strong>habeo</strong></span> <span class='ocrx_word' id='word_1_278' title='bbox 1163 565 1171 577; x_wconf 94' lang='lat'><strong>,</strong></span> <span class='ocrx_word' id='word_1_279' title='bbox 1186 544 1233 570; x_wconf 87' lang='lat' dir='ltr'><strong>hoc</strong></span> <span class='ocrx_word' id='word_1_280' title='bbox 1248 544 1293 571; x_wconf 90' lang='lat' dir='ltr'><strong>tibi</strong></span> <span class='ocrx_word' id='word_1_281' title='bbox 1307 544 1340 571; x_wconf 86' lang='lat' dir='ltr'><strong>do</strong></span> <span class='ocrx_word' id='word_1_282' title='bbox 1355 543 1423 580; x_wconf 75' lang='lat' dir='ltr'><strong>(Act.</strong></span> <span class='ocrx_word' id='word_1_283' title='bbox 1439 545 1466 572; x_wconf 78' lang='lat'><strong>5.</strong></span> <span class='ocrx_word' id='word_1_284' title='bbox 1480 545 1508 580; x_wconf 85' lang='lat'><strong>6)</strong></span> <span class='ocrx_word' id='word_1_285' title='bbox 1521 554 1528 571; x_wconf 94' lang='lat'>:</span> <span class='ocrx_word' id='word_1_286' title='bbox 1540 545 1601 572; x_wconf 90' lang='lat' dir='ltr'><strong>audi</strong></span> <span class='ocrx_word' id='word_1_287' title='bbox 1614 544 1665 572; x_wconf 80' lang='lat' dir='ltr'><strong>Job</strong></span> <span class='ocrx_word' id='word_1_288' title='bbox 1677 545 1775 580; x_wconf 81' lang='lat' dir='ltr'><strong>gratias</strong></span> <span class='ocrx_word' id='word_1_289' title='bbox 1789 552 1869 579; x_wconf 80' lang='lat' dir='ltr'><strong>agen-</strong></span> 
     </span>
    </p>
   </div>
   <div class='ocr_carea' id='block_1_36' title="bbox 1074 590 1869 624">
    <p class='ocr_par' dir='ltr' id='par_1_36' title="bbox 1074 590 1869 624">
     <span class='ocr_line' id='line_1_36' title="bbox 1074 590 1869 624; baseline 0 -8"><span class='ocrx_word' id='word_1_290' title='bbox 1074 594 1127 617; x_wconf 89' lang='lat' dir='ltr'><strong>tem</strong></span> <span class='ocrx_word' id='word_1_291' title='bbox 1150 598 1182 617; x_wconf 89' lang='lat' dir='ltr'><strong>ac</strong></span> <span class='ocrx_word' id='word_1_292' title='bbox 1201 590 1354 623; x_wconf 85' lang='lat' dir='ltr'><strong>dicentem,</strong></span> <span class='ocrx_word' id='word_1_293' title='bbox 1370 590 1497 618; x_wconf 88' lang='lat' dir='ltr'><strong>Dominus</strong></span> <span class='ocrx_word' id='word_1_294' title='bbox 1518 591 1605 624; x_wconf 88' lang='lat' dir='ltr'><strong>dedit,</strong></span> <span class='ocrx_word' id='word_1_295' title='bbox 1624 590 1749 618; x_wconf 83' lang='lat' dir='ltr'><strong>Dominus</strong></span> <span class='ocrx_word' id='word_1_296' title='bbox 1766 590 1869 617; x_wconf 79' lang='lat' dir='ltr'><strong>abstulit</strong></span> 
     </span>
    </p>
   </div>
   <div class='ocr_carea' id='block_1_37' title="bbox 1073 635 1868 670">
    <p class='ocr_par' dir='ltr' id='par_1_37' title="bbox 1073 635 1868 670">
     <span class='ocr_line' id='line_1_37' title="bbox 1073 635 1868 670; baseline 0.001 -9"><span class='ocrx_word' id='word_1_297' title='bbox 1073 635 1145 670; x_wconf 83' lang='lat' dir='ltr'><strong>(Job</strong></span> <span class='ocrx_word' id='word_1_298' title='bbox 1162 635 1188 663; x_wconf 77' lang='grc' dir='ltr'>Ι.</span> <span class='ocrx_word' id='word_1_299' title='bbox 1210 635 1266 670; x_wconf 73' lang='grc'><strong>21).</strong></span> <span class='ocrx_word' id='word_1_300' title='bbox 1284 635 1347 663; x_wconf 72' lang='grc' dir='ltr'><strong>11ωο</strong></span> <span class='ocrx_word' id='word_1_301' title='bbox 1365 636 1479 663; x_wconf 85' lang='lat' dir='ltr'><strong>viventis</strong></span> <span class='ocrx_word' id='word_1_302' title='bbox 1500 636 1596 662; x_wconf 76' lang='lat' dir='ltr'><strong>animze</strong></span> <span class='ocrx_word' id='word_1_303' title='bbox 1618 636 1700 663; x_wconf 82' lang='lat' dir='ltr'><strong>verba</strong></span> <span class='ocrx_word' id='word_1_304' title='bbox 1716 640 1795 668; x_wconf 88' lang='lat' dir='ltr'><strong>sunt,</strong></span> <span class='ocrx_word' id='word_1_305' title='bbox 1810 635 1868 662; x_wconf 68' lang='lat' dir='ltr'><strong>hac:</strong></span> 
     </span>
    </p>
   </div>
   <div class='ocr_carea' id='block_1_38' title="bbox 1073 680 1868 716">
    <p class='ocr_par' dir='ltr' id='par_1_38' title="bbox 1073 680 1868 716">
     <span class='ocr_line' id='line_1_38' title="bbox 1073 680 1868 716; baseline 0.001 -8"><span class='ocrx_word' id='word_1_306' title='bbox 1073 689 1148 708; x_wconf 87' lang='lat' dir='ltr'><strong>suam</strong></span> <span class='ocrx_word' id='word_1_307' title='bbox 1161 682 1213 709; x_wconf 91' lang='lat' dir='ltr'><strong>vim</strong></span> <span class='ocrx_word' id='word_1_308' title='bbox 1227 683 1385 709; x_wconf 85' lang='lat' dir='ltr'><strong>exserentis.</strong></span> <span class='ocrx_word' id='word_1_309' title='bbox 1400 681 1444 709; x_wconf 87' lang='lat' dir='ltr'><strong>Sic</strong></span> <span class='ocrx_word' id='word_1_310' title='bbox 1457 680 1540 709; x_wconf 87' lang='lat' dir='ltr'><strong>Jacob</strong></span> <span class='ocrx_word' id='word_1_311' title='bbox 1554 682 1636 709; x_wconf 88' lang='lat' dir='ltr'><strong>etiam</strong></span> <span class='ocrx_word' id='word_1_312' title='bbox 1651 682 1767 716; x_wconf 87' lang='lat' dir='ltr'><strong>dicebat,</strong></span> <span class='ocrx_word' id='word_1_313' title='bbox 1780 682 1810 709; x_wconf 90' lang='lat' dir='ltr'><strong>Si</strong></span> <span class='ocrx_word' id='word_1_314' title='bbox 1825 683 1868 708; x_wconf 87' lang='lat' dir='ltr'><strong>de-</strong></span> 
     </span>
    </p>
   </div>
   <div class='ocr_carea' id='block_1_39' title="bbox 1074 727 1869 762">
    <p class='ocr_par' dir='ltr' id='par_1_39' title="bbox 1074 727 1869 762">
     <span class='ocr_line' id='line_1_39' title="bbox 1074 727 1869 762; baseline 0 -9"><span class='ocrx_word' id='word_1_315' title='bbox 1074 727 1138 753; x_wconf 80' lang='lat' dir='ltr'><strong>derit</strong></span> <span class='ocrx_word' id='word_1_316' title='bbox 1152 727 1214 753; x_wconf 85' lang='lat' dir='ltr'><strong>nti/ti</strong></span> <span class='ocrx_word' id='word_1_317' title='bbox 1228 727 1352 754; x_wconf 79' lang='lat' dir='ltr'><strong>Dominus</strong></span> <span class='ocrx_word' id='word_1_318' title='bbox 1369 734 1459 762; x_wconf 85' lang='lat' dir='ltr'><strong>panem</strong></span> <span class='ocrx_word' id='word_1_319' title='bbox 1470 727 1505 754; x_wconf 87' lang='lat' dir='ltr'><strong>ad</strong></span> <span class='ocrx_word' id='word_1_320' title='bbox 1518 727 1739 759; x_wconf 83' lang='lat' dir='ltr'><strong>manducandum,</strong></span> <span class='ocrx_word' id='word_1_321' title='bbox 1759 732 1782 753; x_wconf 88' lang='lat' dir='ltr'><strong>et</strong></span> <span class='ocrx_word' id='word_1_322' title='bbox 1796 728 1869 754; x_wconf 81' lang='lat' dir='ltr'><strong>vesti-</strong></span> 
     </span>
    </p>
   </div>
   <div class='ocr_carea' id='block_1_40' title="bbox 1074 772 1868 808">
    <p class='ocr_par' dir='ltr' id='par_1_40' title="bbox 1074 772 1868 808">
     <span class='ocr_line' id='line_1_40' title="bbox 1074 772 1868 808; baseline 0.001 -10"><span class='ocrx_word' id='word_1_323' title='bbox 1074 778 1185 799; x_wconf 84' lang='lat' dir='ltr'><strong>mentum</strong></span> <span class='ocrx_word' id='word_1_324' title='bbox 1200 773 1233 799; x_wconf 87' lang='lat' dir='ltr'><strong>ad</strong></span> <span class='ocrx_word' id='word_1_325' title='bbox 1252 772 1408 800; x_wconf 84' lang='lat' dir='ltr'><strong>induendum</strong></span> <span class='ocrx_word' id='word_1_326' title='bbox 1426 772 1501 808; x_wconf 78' lang='lat' dir='ltr'><strong>(Gen.</strong></span> <span class='ocrx_word' id='word_1_327' title='bbox 1516 773 1563 800; x_wconf 73' lang='lat'><strong>28.</strong></span> <span class='ocrx_word' id='word_1_328' title='bbox 1579 773 1625 808; x_wconf 73' lang='grc'><strong>20)</strong></span> <span class='ocrx_word' id='word_1_329' title='bbox 1641 782 1647 800; x_wconf 92' lang='lat'>:</span> <span class='ocrx_word' id='word_1_330' title='bbox 1661 773 1700 800; x_wconf 90' lang='lat' dir='ltr'><strong>sic</strong></span> <span class='ocrx_word' id='word_1_331' title='bbox 1713 777 1741 800; x_wconf 91' lang='lat' dir='ltr'><strong>et</strong></span> <span class='ocrx_word' id='word_1_332' title='bbox 1755 772 1868 807; x_wconf 78' lang='lat' dir='ltr'><strong>Ioseph,</strong></span> 
     </span>
    </p>
   </div>
   <div class='ocr_carea' id='block_1_41' title="bbox 1075 818 1868 853">
    <p class='ocr_par' dir='ltr' id='par_1_41' title="bbox 1075 818 1868 853">
     <span class='ocr_line' id='line_1_41' title="bbox 1075 818 1868 853; baseline 0.001 -9"><span class='ocrx_word' id='word_1_333' title='bbox 1075 818 1131 851; x_wconf 81' lang='lat' dir='ltr'><strong>Quo</strong></span> <span class='ocrx_word' id='word_1_334' title='bbox 1142 823 1215 852; x_wconf 84' lang='lat' dir='ltr'><strong>pacto</strong></span> <span class='ocrx_word' id='word_1_335' title='bbox 1229 819 1322 853; x_wconf 79' lang='lat' dir='ltr'><strong>faciant</strong></span> <span class='ocrx_word' id='word_1_336' title='bbox 1335 819 1436 845; x_wconf 78' lang='lat' dir='ltr'><strong>verbum</strong></span> <span class='ocrx_word' id='word_1_337' title='bbox 1447 819 1494 845; x_wconf 83' lang='lat' dir='ltr'><strong>hoc</strong></span> <span class='ocrx_word' id='word_1_338' title='bbox 1506 819 1614 851; x_wconf 77' lang='lat' dir='ltr'><strong>titulum,</strong></span> <span class='ocrx_word' id='word_1_339' title='bbox 1630 824 1652 845; x_wconf 90' lang='lat' dir='ltr'><strong>et</strong></span> <span class='ocrx_word' id='word_1_340' title='bbox 1666 819 1772 853; x_wconf 79' lang='lat' dir='ltr'><strong>percabo</strong></span> <span class='ocrx_word' id='word_1_341' title='bbox 1784 827 1868 845; x_wconf 82' lang='lat' dir='ltr'><strong>coram</strong></span> 
     </span>
    </p>
   </div>
   <div class='ocr_carea' id='block_1_42' title="bbox 1074 862 1867 899">
    <p class='ocr_par' dir='ltr' id='par_1_42' title="bbox 1074 862 1867 899">
     <span class='ocr_line' id='line_1_42' title="bbox 1074 862 1867 899; baseline 0.003 -10"><span class='ocrx_word' id='word_1_342' title='bbox 1074 862 1129 889; x_wconf 81' lang='lat' dir='ltr'><strong>Deo</strong></span> <span class='ocrx_word' id='word_1_343' title='bbox 1145 863 1224 898; x_wconf 87' lang='lat' dir='ltr'><strong>(Ibid.</strong></span> <span class='ocrx_word' id='word_1_344' title='bbox 1242 864 1285 891; x_wconf 76' lang='lat'><strong>39.</strong></span> <span class='ocrx_word' id='word_1_345' title='bbox 1302 864 1350 898; x_wconf 87' lang='lat'><strong>9)?</strong></span> <span class='ocrx_word' id='word_1_346' title='bbox 1366 864 1397 890; x_wconf 85' lang='lat' dir='ltr'><strong>At</strong></span> <span class='ocrx_word' id='word_1_347' title='bbox 1414 872 1467 891; x_wconf 90' lang='lat' dir='ltr'><strong>nott</strong></span> <span class='ocrx_word' id='word_1_348' title='bbox 1479 864 1590 899; x_wconf 86' lang='lat' dir='ltr'><strong>perinde</strong></span> <span class='ocrx_word' id='word_1_349' title='bbox 1609 864 1721 891; x_wconf 87' lang='lat' dir='ltr'><strong>barbara</strong></span> <span class='ocrx_word' id='word_1_350' title='bbox 1741 864 1784 891; x_wconf 90' lang='lat' dir='ltr'><strong>illa</strong></span> <span class='ocrx_word' id='word_1_351' title='bbox 1797 885 1803 896; x_wconf 96' lang='lat'><strong>,</strong></span> <span class='ocrx_word' id='word_1_352' title='bbox 1820 865 1867 892; x_wconf 88' lang='lat' dir='ltr'><strong>sed</strong></span> 
     </span>
    </p>
   </div>
   <div class='ocr_carea' id='block_1_43' title="bbox 1075 909 1868 945">
    <p class='ocr_par' dir='ltr' id='par_1_43' title="bbox 1075 909 1868 945">
     <span class='ocr_line' id='line_1_43' title="bbox 1075 909 1868 945; baseline 0.004 -10"><span class='ocrx_word' id='word_1_353' title='bbox 1075 909 1150 936; x_wconf 72' lang='lat' dir='ltr'><strong>velut</strong></span> <span class='ocrx_word' id='word_1_354' title='bbox 1162 910 1235 936; x_wconf 88' lang='lat' dir='ltr'><strong>ebria</strong></span> <span class='ocrx_word' id='word_1_355' title='bbox 1251 918 1282 937; x_wconf 88' lang='lat' dir='ltr'><strong>ac</strong></span> <span class='ocrx_word' id='word_1_356' title='bbox 1295 910 1425 943; x_wconf 91' lang='lat' dir='ltr'><strong>delirans,</strong></span> <span class='ocrx_word' id='word_1_357' title='bbox 1442 911 1475 937; x_wconf 88' lang='lat' dir='ltr'><strong>ita</strong></span> <span class='ocrx_word' id='word_1_358' title='bbox 1490 911 1649 945; x_wconf 81' lang='lat' dir='ltr'><strong>loquebatur</strong></span> <span class='ocrx_word' id='word_1_359' title='bbox 1661 911 1764 944; x_wconf 80' lang='lat' dir='ltr'><strong>dicens,</strong></span> <span class='ocrx_word' id='word_1_360' title='bbox 1778 911 1868 938; x_wconf 84' lang='lat' dir='ltr'><strong>Donni</strong></span> 
     </span>
    </p>
   </div>
   <div class='ocr_carea' id='block_1_44' title="bbox 1074 954 1866 990">
    <p class='ocr_par' dir='ltr' id='par_1_44' title="bbox 1074 954 1866 990">
     <span class='ocr_line' id='line_1_44' title="bbox 1074 954 1866 990; baseline 0.004 -11"><span class='ocrx_word' id='word_1_361' title='bbox 1074 962 1170 980; x_wconf 86' lang='lat' dir='ltr'><strong>mecum</strong></span> <span class='ocrx_word' id='word_1_362' title='bbox 1184 954 1263 988; x_wconf 87' lang='lat' dir='ltr'><strong>(Ibid.</strong></span> <span class='ocrx_word' id='word_1_363' title='bbox 1279 963 1304 981; x_wconf 91' lang='grc' dir='ltr'><strong>υ.</strong></span> <span class='ocrx_word' id='word_1_364' title='bbox 1320 956 1358 989; x_wconf 81' lang='lat'><strong>7).</strong></span> <span class='ocrx_word' id='word_1_365' title='bbox 1383 955 1445 981; x_wconf 61' lang='lat' dir='ltr'><strong>lltec</strong></span> <span class='ocrx_word' id='word_1_366' title='bbox 1461 956 1540 990; x_wconf 83' lang='lat' dir='ltr'><strong>igitur</strong></span> <span class='ocrx_word' id='word_1_367' title='bbox 1558 963 1619 982; x_wconf 93' lang='lat' dir='ltr'><strong>cum</strong></span> <span class='ocrx_word' id='word_1_368' title='bbox 1639 956 1794 983; x_wconf 86' lang='lat' dir='ltr'><strong>noverimus</strong></span> <span class='ocrx_word' id='word_1_369' title='bbox 1805 976 1813 989; x_wconf 88' lang='lat'><strong>,</strong></span> <span class='ocrx_word' id='word_1_370' title='bbox 1828 956 1866 982; x_wconf 87' lang='lat' dir='ltr'><strong>vi-</strong></span> 
     </span>
    </p>
   </div>
   <div class='ocr_carea' id='block_1_45' title="bbox 1073 1001 1871 1036">
    <p class='ocr_par' dir='ltr' id='par_1_45' title="bbox 1073 1001 1871 1036">
     <span class='ocr_line' id='line_1_45' title="bbox 1073 1001 1871 1036; baseline 0.003 -10"><span class='ocrx_word' id='word_1_371' title='bbox 1073 1005 1179 1027; x_wconf 88' lang='lat' dir='ltr'><strong>ventem</strong></span> <span class='ocrx_word' id='word_1_372' title='bbox 1195 1001 1311 1027; x_wconf 85' lang='lat' dir='ltr'><strong>auimam</strong></span> <span class='ocrx_word' id='word_1_373' title='bbox 1329 1001 1506 1034; x_wconf 77' lang='lat' dir='ltr'><strong>temuletnur,</strong></span> <span class='ocrx_word' id='word_1_374' title='bbox 1527 1006 1658 1028; x_wconf 86' lang='lat' dir='ltr'><strong>mortuam</strong></span> <span class='ocrx_word' id='word_1_375' title='bbox 1674 1001 1807 1036; x_wconf 70' lang='lat' dir='ltr'><strong>fugiamus</strong></span> <span class='ocrx_word' id='word_1_376' title='bbox 1818 1022 1826 1035; x_wconf 85' lang='lat'><strong>,</strong></span> <span class='ocrx_word' id='word_1_377' title='bbox 1843 1007 1871 1028; x_wconf 86' lang='lat' dir='ltr'><strong>ut</strong></span> 
     </span>
    </p>
   </div>
   <div class='ocr_carea' id='block_1_46' title="bbox 1074 1044 1868 1080">
    <p class='ocr_par' dir='ltr' id='par_1_46' title="bbox 1074 1044 1868 1080">
     <span class='ocr_line' id='line_1_46' title="bbox 1074 1044 1868 1080; baseline 0.004 -10"><span class='ocrx_word' id='word_1_378' title='bbox 1074 1044 1189 1073; x_wconf 85' lang='lat' dir='ltr'><strong>futuram</strong></span> <span class='ocrx_word' id='word_1_379' title='bbox 1205 1053 1310 1080; x_wconf 93' lang='lat' dir='ltr'><strong>quoque</strong></span> <span class='ocrx_word' id='word_1_380' title='bbox 1325 1046 1406 1072; x_wconf 84' lang='lat' dir='ltr'><strong>vitam</strong></span> <span class='ocrx_word' id='word_1_381' title='bbox 1429 1053 1628 1080; x_wconf 85' lang='lat' dir='ltr'><strong>consequamur</strong></span> <span class='ocrx_word' id='word_1_382' title='bbox 1645 1055 1651 1071; x_wconf 91' lang='lat'><strong>:</strong></span> <span class='ocrx_word' id='word_1_383' title='bbox 1667 1054 1749 1080; x_wconf 89' lang='lat' dir='ltr'><strong>quant</strong></span> <span class='ocrx_word' id='word_1_384' title='bbox 1766 1047 1868 1073; x_wconf 87' lang='lat' dir='ltr'><strong>utinam</strong></span> 
     </span>
    </p>
   </div>
   <div class='ocr_carea' id='block_1_47' title="bbox 1074 1091 1871 1126">
    <p class='ocr_par' dir='ltr' id='par_1_47' title="bbox 1074 1091 1871 1126">
     <span class='ocr_line' id='line_1_47' title="bbox 1074 1091 1871 1126; baseline -0.001 -7"><span class='ocrx_word' id='word_1_385' title='bbox 1074 1092 1153 1119; x_wconf 91' lang='lat' dir='ltr'><strong>nobis</strong></span> <span class='ocrx_word' id='word_1_386' title='bbox 1175 1093 1300 1119; x_wconf 89' lang='lat' dir='ltr'><strong>omttibus</strong></span> <span class='ocrx_word' id='word_1_387' title='bbox 1323 1092 1449 1126; x_wconf 85' lang='lat' dir='ltr'><strong>consequi</strong></span> <span class='ocrx_word' id='word_1_388' title='bbox 1472 1091 1620 1126; x_wconf 84' lang='lat' dir='ltr'><strong>conlingat,</strong></span> <span class='ocrx_word' id='word_1_389' title='bbox 1640 1099 1688 1126; x_wconf 87' lang='lat' dir='ltr'><strong>per</strong></span> <span class='ocrx_word' id='word_1_390' title='bbox 1709 1092 1821 1126; x_wconf 80' lang='lat' dir='ltr'><strong>gratiam</strong></span> <span class='ocrx_word' id='word_1_391' title='bbox 1844 1097 1871 1120; x_wconf 88' lang='lat' dir='ltr'><strong>et</strong></span> 
     </span>
    </p>
   </div>
   <div class='ocr_carea' id='block_1_48' title="bbox 1075 1138 1344 1172">
    <p class='ocr_par' dir='ltr' id='par_1_48' title="bbox 1075 1138 1344 1172">
     <span class='ocr_line' id='line_1_48' title="bbox 1075 1138 1344 1172; baseline -0.004 -8"><span class='ocrx_word' id='word_1_392' title='bbox 1075 1138 1278 1172; x_wconf 81' lang='lat' dir='ltr'><strong>benignitatem,</strong></span> <span class='ocrx_word' id='word_1_393' title='bbox 1293 1143 1344 1165; x_wconf 87' lang='lat' dir='ltr'><strong>etc.</strong></span> 
     </span>
    </p>
   </div>
   <div class='ocr_carea' id='block_1_49' title="bbox 923 1270 1188 1302">
    <p class='ocr_par' dir='ltr' id='par_1_49' title="bbox 923 1270 1188 1302">
     <span class='ocr_line' id='line_1_49' title="bbox 923 1270 1188 1302; baseline 0.011 -3"><span class='ocrx_word' id='word_1_394' title='bbox 923 1270 1097 1301; x_wconf 79' lang='lat' dir='ltr'><strong>HOMILIA</strong></span> <span class='ocrx_word' id='word_1_395' title='bbox 1120 1272 1188 1302; x_wconf 92' lang='lat' dir='ltr'><strong>VII.</strong></span> 
     </span>
    </p>
   </div>
   <div class='ocr_carea' id='block_1_50' title="bbox 231 1342 1022 1377">
    <p class='ocr_par' dir='ltr' id='par_1_50' title="bbox 231 1342 1022 1377">
     <span class='ocr_line' id='line_1_50' title="bbox 231 1342 1022 1377; baseline -0.01 -2"><span class='ocrx_word' id='word_1_396' title='bbox 231 1348 330 1375; x_wconf 49' lang='lat' dir='ltr'><strong>Clin?»</strong></span> <span class='ocrx_word' id='word_1_397' title='bbox 342 1355 369 1373; x_wconf 91' lang='lat' dir='ltr'><strong>v.</strong></span> <span class='ocrx_word' id='word_1_398' title='bbox 392 1346 418 1371; x_wconf 87' lang='grc'><strong>’1.</strong></span> <span class='ocrx_word' id='word_1_399' title='bbox 434 1344 509 1377; x_wconf 82' lang='lat' dir='ltr'><strong>Quod</strong></span> <span class='ocrx_word' id='word_1_400' title='bbox 529 1344 550 1370; x_wconf 90' lang='lat' dir='ltr'><strong>si</strong></span> <span class='ocrx_word' id='word_1_401' title='bbox 568 1343 721 1369; x_wconf 81' lang='lat' dir='ltr'><strong>ministratio</strong></span> <span class='ocrx_word' id='word_1_402' title='bbox 745 1342 833 1368; x_wconf 85' lang='lat' dir='ltr'><strong>mortis</strong></span> <span class='ocrx_word' id='word_1_403' title='bbox 848 1342 925 1368; x_wconf 78' lang='lat' dir='ltr'><strong>literis</strong></span> <span class='ocrx_word' id='word_1_404' title='bbox 945 1342 1022 1374; x_wconf 76' lang='lat' dir='ltr'><strong>effor-</strong></span> 
     </span>
    </p>
   </div>
   <div class='ocr_carea' id='block_1_51' title="bbox 269 1388 1025 1425">
    <p class='ocr_par' dir='ltr' id='par_1_51' title="bbox 269 1388 1025 1425">
     <span class='ocr_line' id='line_1_51' title="bbox 269 1388 1025 1425; baseline -0.005 -6"><span class='ocrx_word' id='word_1_405' title='bbox 269 1397 337 1419; x_wconf 85' lang='lat' dir='ltr'><strong>mata</strong></span> <span class='ocrx_word' id='word_1_406' title='bbox 357 1392 383 1418; x_wconf 88' lang='lat' dir='ltr'><strong>in</strong></span> <span class='ocrx_word' id='word_1_407' title='bbox 397 1390 536 1425; x_wconf 83' lang='lat' dir='ltr'><strong>lapidibus,</strong></span> <span class='ocrx_word' id='word_1_408' title='bbox 550 1389 599 1423; x_wconf 84' lang='lat' dir='ltr'><strong>fuit</strong></span> <span class='ocrx_word' id='word_1_409' title='bbox 613 1389 640 1414; x_wconf 86' lang='lat' dir='ltr'><strong>in</strong></span> <span class='ocrx_word' id='word_1_410' title='bbox 660 1388 753 1423; x_wconf 90' lang='lat' dir='ltr'><strong>gloria,</strong></span> <span class='ocrx_word' id='word_1_411' title='bbox 766 1388 803 1414; x_wconf 87' lang='lat' dir='ltr'><strong>ita</strong></span> <span class='ocrx_word' id='word_1_412' title='bbox 815 1392 843 1414; x_wconf 85' lang='lat' dir='ltr'><strong>ut</strong></span> <span class='ocrx_word' id='word_1_413' title='bbox 862 1396 913 1414; x_wconf 87' lang='lat' dir='ltr'><strong>non</strong></span> <span class='ocrx_word' id='word_1_414' title='bbox 926 1392 1025 1422; x_wconf 86' lang='lat' dir='ltr'><strong>possent</strong></span> 
     </span>
    </p>
   </div>
   <div class='ocr_carea' id='block_1_52' title="bbox 267 1433 1025 1474">
    <p class='ocr_par' dir='ltr' id='par_1_52' title="bbox 267 1433 1025 1474">
     <span class='ocr_line' id='line_1_52' title="bbox 267 1433 1025 1474; baseline -0.007 -8"><span class='ocrx_word' id='word_1_415' title='bbox 267 1440 316 1474; x_wconf 84' lang='lat' dir='ltr'><strong>ﬁlii</strong></span> <span class='ocrx_word' id='word_1_416' title='bbox 327 1437 410 1465; x_wconf 73' lang='lat' dir='ltr'><strong>Israel</strong></span> <span class='ocrx_word' id='word_1_417' title='bbox 424 1436 554 1463; x_wconf 82' lang='lat' dir='ltr'><strong>intendere</strong></span> <span class='ocrx_word' id='word_1_418' title='bbox 567 1436 594 1461; x_wconf 90' lang='lat' dir='ltr'><strong>in</strong></span> <span class='ocrx_word' id='word_1_419' title='bbox 609 1434 701 1469; x_wconf 78' lang='lat' dir='ltr'><strong>faciem</strong></span> <span class='ocrx_word' id='word_1_420' title='bbox 723 1433 831 1468; x_wconf 77' lang='lat' dir='ltr'><strong>Moysis,</strong></span> <span class='ocrx_word' id='word_1_421' title='bbox 846 1438 948 1469; x_wconf 83' lang='lat' dir='ltr'><strong>propter</strong></span> <span class='ocrx_word' id='word_1_422' title='bbox 967 1434 1025 1469; x_wconf 87' lang='lat' dir='ltr'><strong>glo-</strong></span> 
     </span>
    </p>
   </div>
   <div class='ocr_carea' id='block_1_53' title="bbox 267 1478 1026 1516">
    <p class='ocr_par' dir='ltr' id='par_1_53' title="bbox 267 1478 1026 1516">
     <span class='ocr_line' id='line_1_53' title="bbox 267 1478 1026 1516; baseline -0.007 -5"><span class='ocrx_word' id='word_1_423' title='bbox 267 1485 332 1512; x_wconf 81' lang='lat' dir='ltr'><strong>riam</strong></span> <span class='ocrx_word' id='word_1_424' title='bbox 346 1483 430 1510; x_wconf 77' lang='lat' dir='ltr'><strong>vultus</strong></span> <span class='ocrx_word' id='word_1_425' title='bbox 450 1482 516 1516; x_wconf 80' lang='lat' dir='ltr'><strong>ejus,</strong></span> <span class='ocrx_word' id='word_1_426' title='bbox 538 1488 595 1515; x_wconf 68' lang='lat' dir='ltr'><strong>quae</strong></span> <span class='ocrx_word' id='word_1_427' title='bbox 614 1484 751 1507; x_wconf 81' lang='lat' dir='ltr'><strong>evacuatur</strong></span> <span class='ocrx_word' id='word_1_428' title='bbox 761 1487 771 1506; x_wconf 90' lang='lat'><em>:</em></span> <span class='ocrx_word' id='word_1_429' title='bbox 785 1478 812 1506; x_wconf 88' lang='lat'><strong>8.</strong></span> <span class='ocrx_word' id='word_1_430' title='bbox 835 1479 961 1514; x_wconf 84' lang='lat' dir='ltr'><strong>quomodo</strong></span> <span class='ocrx_word' id='word_1_431' title='bbox 975 1488 1026 1507; x_wconf 87' lang='lat' dir='ltr'><strong>non</strong></span> 
     </span>
    </p>
   </div>
   <div class='ocr_carea' id='block_1_54' title="bbox 267 1524 849 1565">
    <p class='ocr_par' dir='ltr' id='par_1_54' title="bbox 267 1524 849 1565">
     <span class='ocr_line' id='line_1_54' title="bbox 267 1524 849 1565; baseline -0.012 -8"><span class='ocrx_word' id='word_1_432' title='bbox 267 1530 348 1565; x_wconf 74' lang='lat' dir='ltr'><strong>inagis</strong></span> <span class='ocrx_word' id='word_1_433' title='bbox 361 1527 513 1555; x_wconf 77' lang='lat' dir='ltr'><strong>ministratio</strong></span> <span class='ocrx_word' id='word_1_434' title='bbox 527 1526 633 1559; x_wconf 75' lang='lat' dir='ltr'><strong>spiritus</strong></span> <span class='ocrx_word' id='word_1_435' title='bbox 645 1525 692 1552; x_wconf 88' lang='lat' dir='ltr'><strong>erit</strong></span> <span class='ocrx_word' id='word_1_436' title='bbox 706 1525 733 1551; x_wconf 89' lang='lat' dir='ltr'><strong>in</strong></span> <span class='ocrx_word' id='word_1_437' title='bbox 747 1524 849 1560; x_wconf 79' lang='lat' dir='ltr'><strong>gloria?</strong></span> 
     </span>
    </p>
   </div>
   <div class='ocr_carea' id='block_1_55' title="bbox 269 1570 1027 1607">
    <p class='ocr_par' dir='ltr' id='par_1_55' title="bbox 269 1570 1027 1607">
     <span class='ocr_line' id='line_1_55' title="bbox 269 1570 1027 1607; baseline -0.008 -4"><span class='ocrx_word' id='word_1_438' title='bbox 269 1577 295 1603; x_wconf 81' lang='grc'><strong>1.</strong></span> <span class='ocrx_word' id='word_1_439' title='bbox 312 1576 422 1602; x_wconf 77' lang='lat' dir='ltr'><strong>Dixerat</strong></span> <span class='ocrx_word' id='word_1_440' title='bbox 436 1572 507 1607; x_wconf 91' lang='lat' dir='ltr'><strong>quod</strong></span> <span class='ocrx_word' id='word_1_441' title='bbox 523 1571 604 1599; x_wconf 84' lang='lat' dir='ltr'><strong>Mosis</strong></span> <span class='ocrx_word' id='word_1_442' title='bbox 627 1571 726 1598; x_wconf 62' lang='lat' dir='ltr'><strong>tabulae</strong></span> <span class='ocrx_word' id='word_1_443' title='bbox 749 1570 863 1605; x_wconf 63' lang='lat' dir='ltr'><strong>lapideae</strong></span> <span class='ocrx_word' id='word_1_444' title='bbox 883 1575 985 1603; x_wconf 87' lang='lat' dir='ltr'><strong>essent,</strong></span> <span class='ocrx_word' id='word_1_445' title='bbox 999 1575 1027 1598; x_wconf 88' lang='lat' dir='ltr'><strong>ut</strong></span> 
     </span>
    </p>
   </div>
   <div class='ocr_carea' id='block_1_56' title="bbox 233 1615 1024 1655">
    <p class='ocr_par' dir='ltr' id='par_1_56' title="bbox 233 1615 1024 1655">
     <span class='ocr_line' id='line_1_56' title="bbox 233 1615 1024 1655; baseline -0.008 -7"><span class='ocrx_word' id='word_1_446' title='bbox 233 1622 313 1648; x_wconf 88' lang='lat' dir='ltr'><strong>etiam</strong></span> <span class='ocrx_word' id='word_1_447' title='bbox 326 1619 398 1655; x_wconf 92' lang='lat' dir='ltr'><strong>quod</strong></span> <span class='ocrx_word' id='word_1_448' title='bbox 409 1619 500 1646; x_wconf 87' lang='lat' dir='ltr'><strong>literas</strong></span> <span class='ocrx_word' id='word_1_449' title='bbox 513 1616 655 1649; x_wconf 87' lang='lat' dir='ltr'><strong>haberent,</strong></span> <span class='ocrx_word' id='word_1_450' title='bbox 667 1620 696 1643; x_wconf 87' lang='lat' dir='ltr'><strong>et</strong></span> <span class='ocrx_word' id='word_1_451' title='bbox 707 1615 779 1650; x_wconf 90' lang='lat' dir='ltr'><strong>quod</strong></span> <span class='ocrx_word' id='word_1_452' title='bbox 795 1616 916 1643; x_wconf 85' lang='lat' dir='ltr'><strong>carnales</strong></span> <span class='ocrx_word' id='word_1_453' title='bbox 925 1621 1024 1649; x_wconf 84' lang='lat' dir='ltr'><strong>essent,</strong></span> 
     </span>
    </p>
   </div>
   <div class='ocr_carea' id='block_1_57' title="bbox 234 1660 1027 1701">
    <p class='ocr_par' dir='ltr' id='par_1_57' title="bbox 234 1660 1027 1701">
     <span class='ocr_line' id='line_1_57' title="bbox 234 1660 1027 1701; baseline -0.008 -8"><span class='ocrx_word' id='word_1_454' title='bbox 234 1665 415 1701; x_wconf 84' lang='lat' dir='ltr'><strong>apostolorum</strong></span> <span class='ocrx_word' id='word_1_455' title='bbox 427 1663 521 1695; x_wconf 83' lang='lat' dir='ltr'><strong>corda,</strong></span> <span class='ocrx_word' id='word_1_456' title='bbox 530 1666 557 1689; x_wconf 92' lang='lat' dir='ltr'><strong>et</strong></span> <span class='ocrx_word' id='word_1_457' title='bbox 568 1661 663 1696; x_wconf 87' lang='lat' dir='ltr'><strong>spiritu</strong></span> <span class='ocrx_word' id='word_1_458' title='bbox 675 1660 818 1695; x_wconf 86' lang='lat' dir='ltr'><strong>descripta,</strong></span> <span class='ocrx_word' id='word_1_459' title='bbox 833 1664 860 1688; x_wconf 84' lang='lat' dir='ltr'><strong>et</strong></span> <span class='ocrx_word' id='word_1_460' title='bbox 870 1660 939 1695; x_wconf 92' lang='lat' dir='ltr'><strong>quod</strong></span> <span class='ocrx_word' id='word_1_461' title='bbox 952 1661 1027 1688; x_wconf 86' lang='lat' dir='ltr'><strong>litera</strong></span> 
     </span>
    </p>
   </div>
   <div class='ocr_carea' id='block_1_58' title="bbox 234 1705 1027 1743">
    <p class='ocr_par' dir='ltr' id='par_1_58' title="bbox 234 1705 1027 1743">
     <span class='ocr_line' id='line_1_58' title="bbox 234 1705 1027 1743; baseline -0.009 -4"><span class='ocrx_word' id='word_1_462' title='bbox 234 1711 381 1742; x_wconf 88' lang='lat' dir='ltr'><strong>occideret,</strong></span> <span class='ocrx_word' id='word_1_463' title='bbox 397 1708 506 1743; x_wconf 86' lang='lat' dir='ltr'><strong>spiritus</strong></span> <span class='ocrx_word' id='word_1_464' title='bbox 528 1711 617 1734; x_wconf 88' lang='lat' dir='ltr'><strong>autem</strong></span> <span class='ocrx_word' id='word_1_465' title='bbox 640 1705 800 1733; x_wconf 84' lang='lat' dir='ltr'><strong>viviﬁcaret.</strong></span> <span class='ocrx_word' id='word_1_466' title='bbox 815 1705 960 1740; x_wconf 85' lang='lat' dir='ltr'><strong>Supererat</strong></span> <span class='ocrx_word' id='word_1_467' title='bbox 972 1706 1027 1741; x_wconf 86' lang='lat' dir='ltr'><strong>jam</strong></span> 
     </span>
    </p>
   </div>
   <div class='ocr_carea' id='block_1_59' title="bbox 236 1751 1026 1790">
    <p class='ocr_par' dir='ltr' id='par_1_59' title="bbox 236 1751 1026 1790">
     <span class='ocr_line' id='line_1_59' title="bbox 236 1751 1026 1790; baseline -0.009 -5"><span class='ocrx_word' id='word_1_468' title='bbox 236 1757 298 1784; x_wconf 91' lang='lat' dir='ltr'><strong>huic</strong></span> <span class='ocrx_word' id='word_1_469' title='bbox 318 1753 514 1790; x_wconf 87' lang='lat' dir='ltr'><strong>comparationi</strong></span> <span class='ocrx_word' id='word_1_470' title='bbox 529 1752 601 1780; x_wconf 85' lang='lat' dir='ltr'><strong>aliud</strong></span> <span class='ocrx_word' id='word_1_471' title='bbox 616 1759 670 1780; x_wconf 89' lang='lat' dir='ltr'><strong>non</strong></span> <span class='ocrx_word' id='word_1_472' title='bbox 692 1751 825 1779; x_wconf 89' lang='lat' dir='ltr'><strong>ntodicum</strong></span> <span class='ocrx_word' id='word_1_473' title='bbox 836 1752 1026 1786; x_wconf 84' lang='lat' dir='ltr'><strong>adjiciendum,</strong></span> 
     </span>
    </p>
   </div>
   <div class='ocr_carea' id='block_1_60' title="bbox 236 1796 1027 1837">
    <p class='ocr_par' dir='ltr' id='par_1_60' title="bbox 236 1796 1027 1837">
     <span class='ocr_line' id='line_1_60' title="bbox 236 1796 1027 1837; baseline -0.01 -6"><span class='ocrx_word' id='word_1_474' title='bbox 236 1810 331 1837; x_wconf 87' lang='lat' dir='ltr'><strong>nempe</strong></span> <span class='ocrx_word' id='word_1_475' title='bbox 356 1801 437 1829; x_wconf 75' lang='lat' dir='ltr'><strong>Hosis</strong></span> <span class='ocrx_word' id='word_1_476' title='bbox 461 1799 546 1835; x_wconf 77' lang='lat' dir='ltr'><strong>gloria</strong></span> <span class='ocrx_word' id='word_1_477' title='bbox 561 1807 568 1826; x_wconf 92' lang='lat'>:</span> <span class='ocrx_word' id='word_1_478' title='bbox 583 1805 664 1834; x_wconf 86' lang='lat' dir='ltr'><strong>quam</strong></span> <span class='ocrx_word' id='word_1_479' title='bbox 687 1797 797 1832; x_wconf 89' lang='lat' dir='ltr'><strong>quidem</strong></span> <span class='ocrx_word' id='word_1_480' title='bbox 821 1804 902 1824; x_wconf 89' lang='lat' dir='ltr'><strong>nemo</strong></span> <span class='ocrx_word' id='word_1_481' title='bbox 926 1796 978 1824; x_wconf 88' lang='lat' dir='ltr'><strong>hoc</strong></span> <span class='ocrx_word' id='word_1_482' title='bbox 1001 1797 1027 1824; x_wconf 93' lang='lat' dir='ltr'><strong>in</strong></span> 
     </span>
    </p>
   </div>
   <div class='ocr_carea' id='block_1_61' title="bbox 236 1841 1027 1879">
    <p class='ocr_par' dir='ltr' id='par_1_61' title="bbox 236 1841 1027 1879">
     <span class='ocr_line' id='line_1_61' title="bbox 236 1841 1027 1879; baseline -0.013 -2"><span class='ocrx_word' id='word_1_483' title='bbox 236 1849 309 1878; x_wconf 85' lang='lat' dir='ltr'><strong>Novo</strong></span> <span class='ocrx_word' id='word_1_484' title='bbox 324 1847 496 1875; x_wconf 86' lang='lat' dir='ltr'><strong>Testamento</strong></span> <span class='ocrx_word' id='word_1_485' title='bbox 510 1843 650 1879; x_wconf 85' lang='lat' dir='ltr'><strong>corporeis</strong></span> <span class='ocrx_word' id='word_1_486' title='bbox 664 1842 749 1870; x_wconf 86' lang='lat' dir='ltr'><strong>oculis</strong></span> <span class='ocrx_word' id='word_1_487' title='bbox 763 1841 839 1869; x_wconf 91' lang='lat' dir='ltr'><strong>vidit.</strong></span> <span class='ocrx_word' id='word_1_488' title='bbox 855 1841 932 1869; x_wconf 90' lang='lat' dir='ltr'><strong>Unde</strong></span> <span class='ocrx_word' id='word_1_489' title='bbox 947 1841 1027 1868; x_wconf 87' lang='lat' dir='ltr'><strong>etiam</strong></span> 
     </span>
    </p>
   </div>
   <div class='ocr_carea' id='block_1_62' title="bbox 235 1887 1028 1929">
    <p class='ocr_par' dir='ltr' id='par_1_62' title="bbox 235 1887 1028 1929">
     <span class='ocr_line' id='line_1_62' title="bbox 235 1887 1028 1929; baseline -0.011 -7"><span class='ocrx_word' id='word_1_490' title='bbox 235 1902 331 1929; x_wconf 70' lang='lat' dir='ltr'><strong>magna</strong></span> <span class='ocrx_word' id='word_1_491' title='bbox 346 1892 498 1923; x_wconf 80' lang='lat' dir='ltr'><strong>videbatur,</strong></span> <span class='ocrx_word' id='word_1_492' title='bbox 512 1889 638 1925; x_wconf 91' lang='lat' dir='ltr'><strong>quoniam</strong></span> <span class='ocrx_word' id='word_1_493' title='bbox 652 1888 737 1923; x_wconf 79' lang='lat' dir='ltr'><strong>gloria</strong></span> <span class='ocrx_word' id='word_1_494' title='bbox 750 1895 781 1915; x_wconf 87' lang='lat' dir='ltr'><strong>ea</strong></span> <span class='ocrx_word' id='word_1_495' title='bbox 797 1887 847 1915; x_wconf 89' lang='lat' dir='ltr'><strong>sub</strong></span> <span class='ocrx_word' id='word_1_496' title='bbox 864 1895 973 1914; x_wconf 87' lang='lat' dir='ltr'><strong>sensum</strong></span> <span class='ocrx_word' id='word_1_497' title='bbox 984 1894 1028 1914; x_wconf 87' lang='lat' dir='ltr'><strong>ca-</strong></span> 
     </span>
    </p>
   </div>
   <div class='ocr_carea' id='block_1_63' title="bbox 236 1932 1027 1973">
    <p class='ocr_par' dir='ltr' id='par_1_63' title="bbox 236 1932 1027 1973">
     <span class='ocr_line' id='line_1_63' title="bbox 236 1932 1027 1973; baseline -0.011 -4"><span class='ocrx_word' id='word_1_498' title='bbox 236 1941 336 1969; x_wconf 85' lang='lat' dir='ltr'><strong>debat:</strong></span> <span class='ocrx_word' id='word_1_499' title='bbox 357 1938 481 1973; x_wconf 87' lang='lat' dir='ltr'><strong>corporis</strong></span> <span class='ocrx_word' id='word_1_500' title='bbox 506 1936 579 1964; x_wconf 90' lang='lat' dir='ltr'><strong>enim</strong></span> <span class='ocrx_word' id='word_1_501' title='bbox 604 1935 690 1962; x_wconf 89' lang='lat' dir='ltr'><strong>oculis</strong></span> <span class='ocrx_word' id='word_1_502' title='bbox 713 1934 885 1967; x_wconf 83' lang='lat' dir='ltr'><strong>cernebatur,</strong></span> <span class='ocrx_word' id='word_1_503' title='bbox 910 1933 972 1961; x_wconf 88' lang='lat' dir='ltr'><strong>licet</strong></span> <span class='ocrx_word' id='word_1_504' title='bbox 994 1932 1027 1960; x_wconf 92' lang='lat' dir='ltr'><strong>ad</strong></span> 
     </span>
    </p>
   </div>
   <div class='ocr_carea' id='block_1_64' title="bbox 236 1979 1027 2017">
    <p class='ocr_par' dir='ltr' id='par_1_64' title="bbox 236 1979 1027 2017">
     <span class='ocr_line' id='line_1_64' title="bbox 236 1979 1027 2017; baseline -0.011 -2"><span class='ocrx_word' id='word_1_505' title='bbox 236 1995 294 2015; x_wconf 86' lang='lat' dir='ltr'><strong>eam</strong></span> <span class='ocrx_word' id='word_1_506' title='bbox 315 1985 445 2014; x_wconf 88' lang='lat' dir='ltr'><strong>accedere</strong></span> <span class='ocrx_word' id='word_1_507' title='bbox 460 1990 540 2011; x_wconf 90' lang='lat' dir='ltr'><strong>nemo</strong></span> <span class='ocrx_word' id='word_1_508' title='bbox 555 1986 657 2017; x_wconf 88' lang='lat' dir='ltr'><strong>posset,</strong></span> <span class='ocrx_word' id='word_1_509' title='bbox 677 1988 737 2008; x_wconf 91' lang='lat' dir='ltr'><strong>cum</strong></span> <span class='ocrx_word' id='word_1_510' title='bbox 752 1985 845 2008; x_wconf 84' lang='lat' dir='ltr'><strong>contra</strong></span> <span class='ocrx_word' id='word_1_511' title='bbox 858 1980 942 2016; x_wconf 77' lang='lat' dir='ltr'><strong>gloria</strong></span> <span class='ocrx_word' id='word_1_512' title='bbox 961 1979 1027 2007; x_wconf 84' lang='lat' dir='ltr'><strong>Novi</strong></span> 
     </span>
    </p>
   </div>
   <div class='ocr_carea' id='block_1_65' title="bbox 236 2026 1028 2062">
    <p class='ocr_par' dir='ltr' id='par_1_65' title="bbox 236 2026 1028 2062">
     <span class='ocr_line' id='line_1_65' title="bbox 236 2026 1028 2062; baseline -0.013 0"><span class='ocrx_word' id='word_1_513' title='bbox 236 2031 403 2062; x_wconf 86' lang='lat' dir='ltr'><strong>Testamenti</strong></span> <span class='ocrx_word' id='word_1_514' title='bbox 427 2030 567 2058; x_wconf 88' lang='lat' dir='ltr'><strong>intellectu</strong></span> <span class='ocrx_word' id='word_1_515' title='bbox 587 2031 757 2055; x_wconf 87' lang='lat' dir='ltr'><strong>certteretur.</strong></span> <span class='ocrx_word' id='word_1_516' title='bbox 773 2026 865 2061; x_wconf 87' lang='lat' dir='ltr'><strong>Neque</strong></span> <span class='ocrx_word' id='word_1_517' title='bbox 887 2026 959 2053; x_wconf 87' lang='lat' dir='ltr'><strong>ettitn</strong></span> <span class='ocrx_word' id='word_1_518' title='bbox 978 2026 1028 2053; x_wconf 92' lang='lat' dir='ltr'><strong>im-</strong></span> 
     </span>
    </p>
   </div>
   <div class='ocr_carea' id='block_1_66' title="bbox 236 2071 1028 2111">
    <p class='ocr_par' dir='ltr' id='par_1_66' title="bbox 236 2071 1028 2111">
     <span class='ocr_line' id='line_1_66' title="bbox 236 2071 1028 2111; baseline -0.013 -4"><span class='ocrx_word' id='word_1_519' title='bbox 236 2077 421 2107; x_wconf 81' lang='lat' dir='ltr'><strong>becillioribus</strong></span> <span class='ocrx_word' id='word_1_520' title='bbox 442 2075 582 2111; x_wconf 87' lang='lat' dir='ltr'><strong>perspicua</strong></span> <span class='ocrx_word' id='word_1_521' title='bbox 601 2077 643 2101; x_wconf 85' lang='lat' dir='ltr'><strong>est</strong></span> <span class='ocrx_word' id='word_1_522' title='bbox 664 2072 815 2107; x_wconf 72' lang='lat' dir='ltr'><strong>huiusmodi</strong></span> <span class='ocrx_word' id='word_1_523' title='bbox 841 2071 1028 2106; x_wconf 54' lang='lat' dir='ltr'><strong>praecellentia</strong></span> 
     </span>
    </p>
   </div>
   <div class='ocr_carea' id='block_1_67' title="bbox 236 2116 1028 2159">
    <p class='ocr_par' dir='ltr' id='par_1_67' title="bbox 236 2116 1028 2159">
     <span class='ocr_line' id='line_1_67' title="bbox 236 2116 1028 2159; baseline -0.011 -7"><span class='ocrx_word' id='word_1_524' title='bbox 236 2124 353 2159; x_wconf 80' lang='lat' dir='ltr'><strong>cognitio</strong></span> <span class='ocrx_word' id='word_1_525' title='bbox 365 2131 374 2155; x_wconf 86' lang='lat'><strong>;</strong></span> <span class='ocrx_word' id='word_1_526' title='bbox 397 2129 489 2150; x_wconf 91' lang='lat' dir='ltr'><strong>verum</strong></span> <span class='ocrx_word' id='word_1_527' title='bbox 503 2120 586 2155; x_wconf 77' lang='lat' dir='ltr'><strong>gloria</strong></span> <span class='ocrx_word' id='word_1_528' title='bbox 600 2119 644 2146; x_wconf 85' lang='lat' dir='ltr'><strong>illa</strong></span> <span class='ocrx_word' id='word_1_529' title='bbox 659 2118 743 2153; x_wconf 80' lang='lat' dir='ltr'><strong>magis</strong></span> <span class='ocrx_word' id='word_1_530' title='bbox 757 2125 804 2145; x_wconf 87' lang='lat' dir='ltr'><strong>eos</strong></span> <span class='ocrx_word' id='word_1_531' title='bbox 822 2116 976 2150; x_wconf 83' lang='lat' dir='ltr'><strong>attollebat,</strong></span> <span class='ocrx_word' id='word_1_532' title='bbox 987 2121 1028 2144; x_wconf 87' lang='lat' dir='ltr'><strong>at-</strong></span> 
     </span>
    </p>
   </div>
   <div class='ocr_carea' id='block_1_68' title="bbox 235 2162 1027 2205">
    <p class='ocr_par' dir='ltr' id='par_1_68' title="bbox 235 2162 1027 2205">
     <span class='ocr_line' id='line_1_68' title="bbox 235 2162 1027 2205; baseline -0.01 -8"><span class='ocrx_word' id='word_1_533' title='bbox 235 2178 288 2205; x_wconf 88' lang='lat' dir='ltr'><strong>que</strong></span> <span class='ocrx_word' id='word_1_534' title='bbox 302 2169 336 2197; x_wconf 88' lang='lat' dir='ltr'><strong>ad</strong></span> <span class='ocrx_word' id='word_1_535' title='bbox 349 2177 379 2196; x_wconf 88' lang='lat' dir='ltr'><strong>se</strong></span> <span class='ocrx_word' id='word_1_536' title='bbox 393 2166 579 2196; x_wconf 88' lang='lat' dir='ltr'><strong>convertebat.</strong></span> <span class='ocrx_word' id='word_1_537' title='bbox 591 2164 722 2198; x_wconf 85' lang='lat' dir='ltr'><strong>Quoniam</strong></span> <span class='ocrx_word' id='word_1_538' title='bbox 736 2164 817 2198; x_wconf 81' lang='lat' dir='ltr'><strong>igitur</strong></span> <span class='ocrx_word' id='word_1_539' title='bbox 836 2163 864 2190; x_wconf 93' lang='lat' dir='ltr'><strong>in</strong></span> <span class='ocrx_word' id='word_1_540' title='bbox 877 2162 1027 2198; x_wconf 87' lang='lat' dir='ltr'><strong>hujusmodi</strong></span> 
     </span>
    </p>
   </div>
   <div class='ocr_carea' id='block_1_69' title="bbox 235 2208 1026 2251">
    <p class='ocr_par' dir='ltr' id='par_1_69' title="bbox 235 2208 1026 2251">
     <span class='ocr_line' id='line_1_69' title="bbox 235 2208 1026 2251; baseline -0.01 -8"><span class='ocrx_word' id='word_1_541' title='bbox 235 2215 463 2251; x_wconf 88' lang='lat' dir='ltr'><strong>comparationem</strong></span> <span class='ocrx_word' id='word_1_542' title='bbox 484 2213 624 2244; x_wconf 86' lang='lat' dir='ltr'><strong>inciderat,</strong></span> <span class='ocrx_word' id='word_1_543' title='bbox 639 2215 719 2245; x_wconf 91' lang='lat' dir='ltr'><strong>atque</strong></span> <span class='ocrx_word' id='word_1_544' title='bbox 731 2215 860 2245; x_wconf 89' lang='lat' dir='ltr'><strong>quantum</strong></span> <span class='ocrx_word' id='word_1_545' title='bbox 879 2208 937 2236; x_wconf 60' lang='lat' dir='ltr'><strong>haec</strong></span> <span class='ocrx_word' id='word_1_546' title='bbox 956 2208 1026 2236; x_wconf 86' lang='lat' dir='ltr'><strong>illam</strong></span> 
     </span>
    </p>
   </div>
   <div class='ocr_carea' id='block_1_70' title="bbox 235 2255 1028 2289">
    <p class='ocr_par' dir='ltr' id='par_1_70' title="bbox 235 2255 1028 2289">
     <span class='ocr_line' id='line_1_70' title="bbox 235 2255 1028 2289; baseline -0.011 0"><span class='ocrx_word' id='word_1_547' title='bbox 235 2261 380 2289; x_wconf 84' lang='lat' dir='ltr'><strong>ant&#39;ecellat</strong></span> <span class='ocrx_word' id='word_1_548' title='bbox 401 2259 589 2287; x_wconf 90' lang='lat' dir='ltr'><strong>demonstrare</strong></span> <span class='ocrx_word' id='word_1_549' title='bbox 607 2256 743 2288; x_wconf 88' lang='lat' dir='ltr'><strong>studebat,</strong></span> <span class='ocrx_word' id='word_1_550' title='bbox 760 2255 840 2289; x_wconf 92' lang='lat' dir='ltr'><strong>idque</strong></span> <span class='ocrx_word' id='word_1_551' title='bbox 859 2259 969 2289; x_wconf 91' lang='lat' dir='ltr'><strong>propter</strong></span> <span class='ocrx_word' id='word_1_552' title='bbox 980 2262 1028 2281; x_wconf 88' lang='lat' dir='ltr'><strong>au-</strong></span> 
     </span>
    </p>
   </div>
   <div class='ocr_carea' id='block_1_71' title="bbox 237 2300 1029 2335">
    <p class='ocr_par' dir='ltr' id='par_1_71' title="bbox 237 2300 1029 2335">
     <span class='ocr_line' id='line_1_71' title="bbox 237 2300 1029 2335; baseline -0.009 0"><span class='ocrx_word' id='word_1_553' title='bbox 237 2308 353 2335; x_wconf 89' lang='lat' dir='ltr'><strong>ditorum</strong></span> <span class='ocrx_word' id='word_1_554' title='bbox 367 2305 519 2333; x_wconf 88' lang='lat' dir='ltr'><strong>crassitiem</strong></span> <span class='ocrx_word' id='word_1_555' title='bbox 532 2302 641 2331; x_wconf 84' lang='lat' dir='ltr'><strong>difﬁcile</strong></span> <span class='ocrx_word' id='word_1_556' title='bbox 657 2307 733 2334; x_wconf 88' lang='lat' dir='ltr'><strong>erat;</strong></span> <span class='ocrx_word' id='word_1_557' title='bbox 750 2301 810 2328; x_wconf 89' lang='lat' dir='ltr'><strong>vide</strong></span> <span class='ocrx_word' id='word_1_558' title='bbox 824 2301 887 2335; x_wconf 88' lang='lat' dir='ltr'><strong>quid</strong></span> <span class='ocrx_word' id='word_1_559' title='bbox 900 2300 989 2334; x_wconf 86' lang='lat' dir='ltr'><strong>faciat,</strong></span> <span class='ocrx_word' id='word_1_560' title='bbox 1001 2304 1029 2328; x_wconf 91' lang='lat' dir='ltr'><strong>et</strong></span> 
     </span>
    </p>
   </div>
   <div class='ocr_carea' id='block_1_72' title="bbox 236 2347 1029 2389">
    <p class='ocr_par' dir='ltr' id='par_1_72' title="bbox 236 2347 1029 2389">
     <span class='ocr_line' id='line_1_72' title="bbox 236 2347 1029 2389; baseline -0.009 -8"><span class='ocrx_word' id='word_1_561' title='bbox 236 2361 288 2389; x_wconf 86' lang='lat' dir='ltr'><strong>qua</strong></span> <span class='ocrx_word' id='word_1_562' title='bbox 298 2357 357 2381; x_wconf 86' lang='lat' dir='ltr'><strong>arte</strong></span> <span class='ocrx_word' id='word_1_563' title='bbox 375 2352 401 2379; x_wconf 90' lang='lat' dir='ltr'><strong>id</strong></span> <span class='ocrx_word' id='word_1_564' title='bbox 415 2351 540 2378; x_wconf 89' lang='lat' dir='ltr'><strong>moliatur</strong></span> <span class='ocrx_word' id='word_1_565' title='bbox 554 2359 560 2377; x_wconf 90' lang='lat'>:</span> <span class='ocrx_word' id='word_1_566' title='bbox 577 2349 665 2384; x_wconf 91' lang='lat' dir='ltr'><strong>primo</strong></span> <span class='ocrx_word' id='word_1_567' title='bbox 679 2348 807 2380; x_wconf 85' lang='lat' dir='ltr'><strong>rationes,</strong></span> <span class='ocrx_word' id='word_1_568' title='bbox 821 2355 853 2375; x_wconf 88' lang='lat' dir='ltr'><strong>ex</strong></span> <span class='ocrx_word' id='word_1_569' title='bbox 864 2347 960 2382; x_wconf 92' lang='lat' dir='ltr'><strong>quibus</strong></span> <span class='ocrx_word' id='word_1_570' title='bbox 974 2347 1029 2374; x_wconf 86' lang='lat' dir='ltr'><strong>dis-</strong></span> 
     </span>
    </p>
   </div>
   <div class='ocr_carea' id='block_1_73' title="bbox 235 2393 1028 2433">
    <p class='ocr_par' dir='ltr' id='par_1_73' title="bbox 235 2393 1028 2433">
     <span class='ocr_line' id='line_1_73' title="bbox 235 2393 1028 2433; baseline -0.009 -6"><span class='ocrx_word' id='word_1_571' title='bbox 235 2401 338 2427; x_wconf 90' lang='lat' dir='ltr'><strong>crimen</strong></span> <span class='ocrx_word' id='word_1_572' title='bbox 360 2402 541 2433; x_wconf 81' lang='lat' dir='ltr'><strong>agnoscatur,</strong></span> <span class='ocrx_word' id='word_1_573' title='bbox 566 2395 711 2426; x_wconf 90' lang='lat' dir='ltr'><strong>inducens,</strong></span> <span class='ocrx_word' id='word_1_574' title='bbox 736 2401 836 2427; x_wconf 87' lang='lat' dir='ltr'><strong>easque</strong></span> <span class='ocrx_word' id='word_1_575' title='bbox 859 2401 892 2420; x_wconf 87' lang='lat' dir='ltr'><strong>ex</strong></span> <span class='ocrx_word' id='word_1_576' title='bbox 917 2393 949 2421; x_wconf 86' lang='lat' dir='ltr'><strong>iis</strong></span> <span class='ocrx_word' id='word_1_577' title='bbox 969 2401 1028 2429; x_wconf 68' lang='lat' dir='ltr'><strong>qna:</strong></span> 
     </span>
    </p>
   </div>
   <div class='ocr_carea' id='block_1_74' title="bbox 236 2440 1026 2475">
    <p class='ocr_par' dir='ltr' id='par_1_74' title="bbox 236 2440 1026 2475">
     <span class='ocr_line' id='line_1_74' title="bbox 236 2440 1026 2475; baseline -0.008 -2"><span class='ocrx_word' id='word_1_578' title='bbox 236 2451 298 2474; x_wconf 76' lang='lat' dir='ltr'><strong>ante</strong></span> <span class='ocrx_word' id='word_1_579' title='bbox 310 2445 414 2473; x_wconf 83' lang='lat' dir='ltr'><strong>dixerat</strong></span> <span class='ocrx_word' id='word_1_580' title='bbox 432 2448 589 2471; x_wconf 85' lang='lat' dir='ltr'><strong>contexens.</strong></span> <span class='ocrx_word' id='word_1_581' title='bbox 606 2441 673 2469; x_wconf 85' lang='lat' dir='ltr'><strong>Nam</strong></span> <span class='ocrx_word' id='word_1_582' title='bbox 696 2441 718 2468; x_wconf 89' lang='lat' dir='ltr'><strong>si</strong></span> <span class='ocrx_word' id='word_1_583' title='bbox 741 2441 786 2467; x_wconf 83' lang='lat' dir='ltr'><strong>illa</strong></span> <span class='ocrx_word' id='word_1_584' title='bbox 811 2441 915 2472; x_wconf 86' lang='lat' dir='ltr'><strong>mortis,</strong></span> <span class='ocrx_word' id='word_1_585' title='bbox 931 2440 1026 2475; x_wconf 88' lang='lat' dir='ltr'><strong>inquit,</strong></span> 
     </span>
    </p>
   </div>
   <div class='ocr_carea' id='block_1_75' title="bbox 237 2485 1028 2519">
    <p class='ocr_par' dir='ltr' id='par_1_75' title="bbox 237 2485 1028 2519">
     <span class='ocr_line' id='line_1_75' title="bbox 237 2485 1028 2519; baseline -0.008 0"><span class='ocrx_word' id='word_1_586' title='bbox 237 2493 294 2519; x_wconf 73' lang='lat' dir='ltr'><strong>haec</strong></span> <span class='ocrx_word' id='word_1_587' title='bbox 318 2496 408 2518; x_wconf 88' lang='lat' dir='ltr'><strong>autettt</strong></span> <span class='ocrx_word' id='word_1_588' title='bbox 424 2490 486 2517; x_wconf 68' lang='lat' dir='ltr'><strong>vitae</strong></span> <span class='ocrx_word' id='word_1_589' title='bbox 501 2487 663 2516; x_wconf 88' lang='lat' dir='ltr'><strong>ministratio</strong></span> <span class='ocrx_word' id='word_1_590' title='bbox 677 2491 737 2519; x_wconf 83' lang='lat' dir='ltr'><strong>est;</strong></span> <span class='ocrx_word' id='word_1_591' title='bbox 758 2485 868 2513; x_wconf 90' lang='lat' dir='ltr'><strong>dubium</strong></span> <span class='ocrx_word' id='word_1_592' title='bbox 892 2493 952 2513; x_wconf 87' lang='lat' dir='ltr'><strong>esse</strong></span> <span class='ocrx_word' id='word_1_593' title='bbox 974 2494 1028 2513; x_wconf 83' lang='lat' dir='ltr'><strong>non</strong></span> 
     </span>
    </p>
   </div>
   <div class='ocr_carea' id='block_1_76' title="bbox 238 2531 1027 2573">
    <p class='ocr_par' dir='ltr' id='par_1_76' title="bbox 238 2531 1027 2573">
     <span class='ocr_line' id='line_1_76' title="bbox 238 2531 1027 2573; baseline -0.011 -7"><span class='ocrx_word' id='word_1_594' title='bbox 238 2542 337 2573; x_wconf 85' lang='lat' dir='ltr'><strong>potest,</strong></span> <span class='ocrx_word' id='word_1_595' title='bbox 350 2537 413 2572; x_wconf 86' lang='lat' dir='ltr'><strong>quin</strong></span> <span class='ocrx_word' id='word_1_596' title='bbox 425 2536 483 2563; x_wconf 74' lang='lat' dir='ltr'><strong>hazc</strong></span> <span class='ocrx_word' id='word_1_597' title='bbox 493 2542 599 2570; x_wconf 90' lang='lat' dir='ltr'><strong>quoque</strong></span> <span class='ocrx_word' id='word_1_598' title='bbox 612 2533 695 2569; x_wconf 78' lang='lat' dir='ltr'><strong>gloria</strong></span> <span class='ocrx_word' id='word_1_599' title='bbox 711 2532 782 2559; x_wconf 85' lang='lat' dir='ltr'><strong>illaut</strong></span> <span class='ocrx_word' id='word_1_600' title='bbox 798 2531 950 2558; x_wconf 83' lang='lat' dir='ltr'><strong>antecellat.</strong></span> <span class='ocrx_word' id='word_1_601' title='bbox 962 2531 1027 2565; x_wconf 85' lang='lat' dir='ltr'><strong>Quia</strong></span> 
     </span>
    </p>
   </div>
   <div class='ocr_carea' id='block_1_77' title="bbox 236 2577 1027 2615">
    <p class='ocr_par' dir='ltr' id='par_1_77' title="bbox 236 2577 1027 2615">
     <span class='ocr_line' id='line_1_77' title="bbox 236 2577 1027 2615; baseline -0.01 -4"><span class='ocrx_word' id='word_1_602' title='bbox 236 2584 307 2611; x_wconf 87' lang='lat' dir='ltr'><strong>enim</strong></span> <span class='ocrx_word' id='word_1_603' title='bbox 332 2582 420 2610; x_wconf 83' lang='lat' dir='ltr'><strong>facere</strong></span> <span class='ocrx_word' id='word_1_604' title='bbox 444 2589 497 2608; x_wconf 90' lang='lat' dir='ltr'><strong>non</strong></span> <span class='ocrx_word' id='word_1_605' title='bbox 511 2584 630 2615; x_wconf 86' lang='lat' dir='ltr'><strong>poterat,</strong></span> <span class='ocrx_word' id='word_1_606' title='bbox 645 2584 674 2606; x_wconf 90' lang='lat' dir='ltr'><strong>ut</strong></span> <span class='ocrx_word' id='word_1_607' title='bbox 696 2578 834 2613; x_wconf 87' lang='lat' dir='ltr'><strong>corporeis</strong></span> <span class='ocrx_word' id='word_1_608' title='bbox 862 2577 946 2604; x_wconf 88' lang='lat' dir='ltr'><strong>oculis</strong></span> <span class='ocrx_word' id='word_1_609' title='bbox 968 2585 1027 2604; x_wconf 86' lang='lat' dir='ltr'><strong>eam</strong></span> 
     </span>
    </p>
   </div>
   <div class='ocr_carea' id='block_1_78' title="bbox 237 2624 1028 2664">
    <p class='ocr_par' dir='ltr' id='par_1_78' title="bbox 237 2624 1028 2664">
     <span class='ocr_line' id='line_1_78' title="bbox 237 2624 1028 2664; baseline -0.009 -7"><span class='ocrx_word' id='word_1_610' title='bbox 237 2628 407 2664; x_wconf 86' lang='lat' dir='ltr'><strong>spectandam</strong></span> <span class='ocrx_word' id='word_1_611' title='bbox 425 2630 596 2662; x_wconf 84' lang='lat' dir='ltr'><strong>proponeret,</strong></span> <span class='ocrx_word' id='word_1_612' title='bbox 607 2625 690 2660; x_wconf 90' lang='lat' dir='ltr'><strong>ipsius</strong></span> <span class='ocrx_word' id='word_1_613' title='bbox 704 2624 857 2659; x_wconf 66' lang='lat' dir='ltr'><strong>praestantia</strong></span> <span class='ocrx_word' id='word_1_614' title='bbox 871 2628 1028 2658; x_wconf 76' lang='lat' dir='ltr'><strong>argumento</strong></span> 
     </span>
    </p>
   </div>
   <div class='ocr_carea' id='block_1_79' title="bbox 237 2668 1029 2704">
    <p class='ocr_par' dir='ltr' id='par_1_79' title="bbox 237 2668 1029 2704">
     <span class='ocr_line' id='line_1_79' title="bbox 237 2668 1029 2704; baseline -0.009 -3"><span class='ocrx_word' id='word_1_615' title='bbox 237 2673 384 2702; x_wconf 81' lang='lat' dir='ltr'><strong>declaravit</strong></span> <span class='ocrx_word' id='word_1_616' title='bbox 398 2672 511 2699; x_wconf 88' lang='lat' dir='ltr'><strong>dicens:</strong></span> <span class='ocrx_word' id='word_1_617' title='bbox 528 2670 603 2703; x_wconf 84' lang='lat' dir='ltr'><strong>Quod</strong></span> <span class='ocrx_word' id='word_1_618' title='bbox 625 2670 647 2696; x_wconf 87' lang='lat' dir='ltr'><strong>si</strong></span> <span class='ocrx_word' id='word_1_619' title='bbox 663 2669 817 2696; x_wconf 78' lang='lat' dir='ltr'><strong>ministratio</strong></span> <span class='ocrx_word' id='word_1_620' title='bbox 831 2669 918 2695; x_wconf 87' lang='lat' dir='ltr'><strong>mortis</strong></span> <span class='ocrx_word' id='word_1_621' title='bbox 934 2669 981 2704; x_wconf 77' lang='lat' dir='ltr'><strong>fuit</strong></span> <span class='ocrx_word' id='word_1_622' title='bbox 1000 2668 1029 2695; x_wconf 81' lang='lat' dir='ltr'><strong>in</strong></span> 
     </span>
    </p>
   </div>
   <div class='ocr_carea' id='block_1_80' title="bbox 238 2714 1028 2755">
    <p class='ocr_par' dir='ltr' id='par_1_80' title="bbox 238 2714 1028 2755">
     <span class='ocr_line' id='line_1_80' title="bbox 238 2714 1028 2755; baseline -0.009 -8"><span class='ocrx_word' id='word_1_623' title='bbox 238 2720 331 2755; x_wconf 83' lang='lat' dir='ltr'><strong>gloria,</strong></span> <span class='ocrx_word' id='word_1_624' title='bbox 347 2718 473 2754; x_wconf 81' lang='lat' dir='ltr'><strong>quomodo</strong></span> <span class='ocrx_word' id='word_1_625' title='bbox 491 2726 542 2744; x_wconf 88' lang='lat' dir='ltr'><strong>non</strong></span> <span class='ocrx_word' id='word_1_626' title='bbox 557 2717 638 2752; x_wconf 84' lang='lat' dir='ltr'><strong>magis</strong></span> <span class='ocrx_word' id='word_1_627' title='bbox 661 2715 814 2742; x_wconf 79' lang='lat' dir='ltr'><strong>ministratio</strong></span> <span class='ocrx_word' id='word_1_628' title='bbox 826 2715 931 2749; x_wconf 81' lang='lat' dir='ltr'><strong>spiritus</strong></span> <span class='ocrx_word' id='word_1_629' title='bbox 944 2714 991 2741; x_wconf 88' lang='lat' dir='ltr'><strong>erit</strong></span> <span class='ocrx_word' id='word_1_630' title='bbox 1002 2714 1028 2741; x_wconf 83' lang='lat' dir='ltr'><strong>in</strong></span> 
     </span>
    </p>
   </div>
   <div class='ocr_carea' id='block_1_81' title="bbox 239 2761 1027 2801">
    <p class='ocr_par' dir='ltr' id='par_1_81' title="bbox 239 2761 1027 2801">
     <span class='ocr_line' id='line_1_81' title="bbox 239 2761 1027 2801; baseline -0.006 -9"><span class='ocrx_word' id='word_1_631' title='bbox 239 2767 320 2801; x_wconf 80' lang='lat' dir='ltr'><strong>gloria</strong></span> <span class='ocrx_word' id='word_1_632' title='bbox 332 2765 345 2792; x_wconf 83' lang='lat'><strong>.’</strong></span> <span class='ocrx_word' id='word_1_633' title='bbox 370 2766 421 2792; x_wconf 82' lang='lat' dir='ltr'><strong>Per</strong></span> <span class='ocrx_word' id='word_1_634' title='bbox 435 2764 529 2791; x_wconf 89' lang='lat' dir='ltr'><strong>mortis</strong></span> <span class='ocrx_word' id='word_1_635' title='bbox 543 2767 634 2790; x_wconf 88' lang='lat' dir='ltr'><strong>autem</strong></span> <span class='ocrx_word' id='word_1_636' title='bbox 648 2762 826 2790; x_wconf 87' lang='lat' dir='ltr'><strong>ministerium</strong></span> <span class='ocrx_word' id='word_1_637' title='bbox 841 2761 926 2795; x_wconf 79' lang='lat' dir='ltr'><strong>legem</strong></span> <span class='ocrx_word' id='word_1_638' title='bbox 948 2761 1027 2787; x_wconf 89' lang='lat' dir='ltr'><strong>intel-</strong></span> 
     </span>
    </p>
   </div>
   <div class='ocr_carea' id='block_1_82' title="bbox 241 2806 1028 2846">
    <p class='ocr_par' dir='ltr' id='par_1_82' title="bbox 241 2806 1028 2846">
     <span class='ocr_line' id='line_1_82' title="bbox 241 2806 1028 2846; baseline -0.008 -8"><span class='ocrx_word' id='word_1_639' title='bbox 241 2812 306 2846; x_wconf 68' lang='grc' dir='ltr'><strong>ιίιςίί.</strong></span> <span class='ocrx_word' id='word_1_640' title='bbox 322 2812 408 2845; x_wconf 76' lang='lat' dir='ltr'><strong>Atque</strong></span> <span class='ocrx_word' id='word_1_641' title='bbox 421 2810 528 2840; x_wconf 88' lang='lat' dir='ltr'><strong>interim</strong></span> <span class='ocrx_word' id='word_1_642' title='bbox 547 2808 618 2842; x_wconf 89' lang='lat' dir='ltr'><strong>vide,</strong></span> <span class='ocrx_word' id='word_1_643' title='bbox 633 2815 712 2843; x_wconf 85' lang='lat' dir='ltr'><strong>quam</strong></span> <span class='ocrx_word' id='word_1_644' title='bbox 735 2807 830 2835; x_wconf 88' lang='lat' dir='ltr'><strong>sedulo</strong></span> <span class='ocrx_word' id='word_1_645' title='bbox 851 2807 877 2834; x_wconf 93' lang='lat' dir='ltr'><strong>in</strong></span> <span class='ocrx_word' id='word_1_646' title='bbox 892 2806 941 2833; x_wconf 90' lang='lat' dir='ltr'><strong>ista</strong></span> <span class='ocrx_word' id='word_1_647' title='bbox 955 2813 1028 2833; x_wconf 91' lang='lat' dir='ltr'><strong>com-</strong></span> 
     </span>
    </p>
   </div>
   <div class='ocr_carea' id='block_1_83' title="bbox 242 2851 1024 2892">
    <p class='ocr_par' dir='ltr' id='par_1_83' title="bbox 242 2851 1024 2892">
     <span class='ocr_line' id='line_1_83' title="bbox 242 2851 1024 2892; baseline -0.008 -8"><span class='ocrx_word' id='word_1_648' title='bbox 242 2853 379 2892; x_wconf 76' lang='lat' dir='ltr'><strong>paratione</strong></span> <span class='ocrx_word' id='word_1_649' title='bbox 391 2860 495 2889; x_wconf 85' lang='lat' dir='ltr'><strong>caveat,</strong></span> <span class='ocrx_word' id='word_1_650' title='bbox 506 2863 538 2883; x_wconf 92' lang='lat' dir='ltr'><strong>ne</strong></span> <span class='ocrx_word' id='word_1_651' title='bbox 554 2854 633 2882; x_wconf 86' lang='lat' dir='ltr'><strong>ullam</strong></span> <span class='ocrx_word' id='word_1_652' title='bbox 647 2851 780 2881; x_wconf 69' lang='lat' dir='ltr'><strong>hinreticis</strong></span> <span class='ocrx_word' id='word_1_653' title='bbox 791 2860 883 2881; x_wconf 87' lang='lat' dir='ltr'><strong>ausam</strong></span> <span class='ocrx_word' id='word_1_654' title='bbox 899 2851 1024 2887; x_wconf 61' lang='lat' dir='ltr'><strong>praebeat.</strong></span> 
     </span>
    </p>
   </div>
   <div class='ocr_carea' id='block_1_84' title="bbox 1078 1343 1869 1378">
    <p class='ocr_par' dir='ltr' id='par_1_84' title="bbox 1078 1343 1869 1378">
     <span class='ocr_line' id='line_1_84' title="bbox 1078 1343 1869 1378; baseline 0.001 -8"><span class='ocrx_word' id='word_1_655' title='bbox 1078 1343 1136 1371; x_wconf 76' lang='lat' dir='ltr'><strong>Non</strong></span> <span class='ocrx_word' id='word_1_656' title='bbox 1158 1345 1229 1371; x_wconf 90' lang='lat' dir='ltr'><strong>enittt</strong></span> <span class='ocrx_word' id='word_1_657' title='bbox 1252 1346 1339 1378; x_wconf 76' lang='lat' dir='ltr'><strong>dixit,</strong></span> <span class='ocrx_word' id='word_1_658' title='bbox 1360 1346 1415 1373; x_wconf 82' lang='lat' dir='ltr'><strong>Lex</strong></span> <span class='ocrx_word' id='word_1_659' title='bbox 1437 1351 1550 1374; x_wconf 91' lang='lat' dir='ltr'><strong>mortem</strong></span> <span class='ocrx_word' id='word_1_660' title='bbox 1570 1346 1661 1378; x_wconf 81' lang='lat' dir='ltr'><strong>efficit,</strong></span> <span class='ocrx_word' id='word_1_661' title='bbox 1687 1346 1752 1378; x_wconf 85' lang='lat' dir='ltr'><strong>sed,</strong></span> <span class='ocrx_word' id='word_1_662' title='bbox 1778 1346 1869 1373; x_wconf 72' lang='lat' dir='ltr'><strong>Mortis</strong></span> 
     </span>
    </p>
   </div>
   <div class='ocr_carea' id='block_1_85' title="bbox 1077 1390 1870 1424">
    <p class='ocr_par' dir='ltr' id='par_1_85' title="bbox 1077 1390 1870 1424">
     <span class='ocr_line' id='line_1_85' title="bbox 1077 1390 1870 1424; baseline 0.003 -8"><span class='ocrx_word' id='word_1_663' title='bbox 1077 1390 1230 1418; x_wconf 84' lang='lat' dir='ltr'><strong>ministratio</strong></span> <span class='ocrx_word' id='word_1_664' title='bbox 1242 1396 1298 1418; x_wconf 83' lang='lat' dir='ltr'><strong>est:</strong></span> <span class='ocrx_word' id='word_1_665' title='bbox 1314 1396 1427 1419; x_wconf 90' lang='lat' dir='ltr'><strong>mortem</strong></span> <span class='ocrx_word' id='word_1_666' title='bbox 1441 1392 1512 1419; x_wconf 92' lang='lat' dir='ltr'><strong>enim</strong></span> <span class='ocrx_word' id='word_1_667' title='bbox 1525 1392 1706 1424; x_wconf 85' lang='lat' dir='ltr'><strong>ministrabat,</strong></span> <span class='ocrx_word' id='word_1_668' title='bbox 1716 1400 1770 1420; x_wconf 88' lang='lat' dir='ltr'><strong>tton</strong></span> <span class='ocrx_word' id='word_1_669' title='bbox 1781 1397 1870 1419; x_wconf 91' lang='lat' dir='ltr'><strong>autem</strong></span> 
     </span>
    </p>
   </div>
   <div class='ocr_carea' id='block_1_86' title="bbox 1078 1436 1872 1473">
    <p class='ocr_par' dir='ltr' id='par_1_86' title="bbox 1078 1436 1872 1473">
     <span class='ocr_line' id='line_1_86' title="bbox 1078 1436 1872 1473; baseline 0.003 -11"><span class='ocrx_word' id='word_1_670' title='bbox 1078 1436 1210 1470; x_wconf 86' lang='lat' dir='ltr'><strong>pariebat.</strong></span> <span class='ocrx_word' id='word_1_671' title='bbox 1226 1437 1291 1464; x_wconf 86' lang='lat' dir='ltr'><strong>Nam</strong></span> <span class='ocrx_word' id='word_1_672' title='bbox 1308 1442 1445 1471; x_wconf 84' lang='lat' dir='ltr'><strong>peceatum</strong></span> <span class='ocrx_word' id='word_1_673' title='bbox 1466 1437 1492 1465; x_wconf 89' lang='lat' dir='ltr'><strong>id</strong></span> <span class='ocrx_word' id='word_1_674' title='bbox 1507 1443 1576 1470; x_wconf 88' lang='lat' dir='ltr'><strong>erat,</strong></span> <span class='ocrx_word' id='word_1_675' title='bbox 1590 1437 1662 1473; x_wconf 90' lang='lat' dir='ltr'><strong>quod</strong></span> <span class='ocrx_word' id='word_1_676' title='bbox 1681 1443 1795 1465; x_wconf 88' lang='lat' dir='ltr'><strong>mortem</strong></span> <span class='ocrx_word' id='word_1_677' title='bbox 1813 1437 1872 1465; x_wconf 79' lang='lat' dir='ltr'><strong>eili-</strong></span> 
     </span>
    </p>
   </div>
   <div class='ocr_carea' id='block_1_87' title="bbox 1077 1481 1869 1518">
    <p class='ocr_par' dir='ltr' id='par_1_87' title="bbox 1077 1481 1869 1518">
     <span class='ocr_line' id='line_1_87' title="bbox 1077 1481 1869 1518; baseline 0.001 -9"><span class='ocrx_word' id='word_1_678' title='bbox 1077 1481 1184 1512; x_wconf 81' lang='lat' dir='ltr'><strong>ciebat;</strong></span> <span class='ocrx_word' id='word_1_679' title='bbox 1205 1482 1249 1510; x_wconf 81' lang='lat' dir='ltr'><strong>lex</strong></span> <span class='ocrx_word' id='word_1_680' title='bbox 1263 1487 1353 1510; x_wconf 90' lang='lat' dir='ltr'><strong>autem</strong></span> <span class='ocrx_word' id='word_1_681' title='bbox 1367 1483 1526 1518; x_wconf 87' lang='lat' dir='ltr'><strong>supplicium</strong></span> <span class='ocrx_word' id='word_1_682' title='bbox 1552 1483 1707 1515; x_wconf 85' lang='lat' dir='ltr'><strong>invehebat,</strong></span> <span class='ocrx_word' id='word_1_683' title='bbox 1721 1490 1753 1510; x_wconf 89' lang='lat' dir='ltr'><strong>ac</strong></span> <span class='ocrx_word' id='word_1_684' title='bbox 1774 1490 1869 1518; x_wconf 81' lang='lat' dir='ltr'><strong>pecca-</strong></span> 
     </span>
    </p>
   </div>
   <div class='ocr_carea' id='block_1_88' title="bbox 1079 1526 1872 1562">
    <p class='ocr_par' dir='ltr' id='par_1_88' title="bbox 1079 1526 1872 1562">
     <span class='ocr_line' id='line_1_88' title="bbox 1079 1526 1872 1562; baseline 0.001 -9"><span class='ocrx_word' id='word_1_685' title='bbox 1079 1531 1133 1553; x_wconf 92' lang='lat' dir='ltr'><strong>tum</strong></span> <span class='ocrx_word' id='word_1_686' title='bbox 1146 1526 1291 1560; x_wconf 87' lang='lat' dir='ltr'><strong>indieabat,</strong></span> <span class='ocrx_word' id='word_1_687' title='bbox 1300 1535 1353 1555; x_wconf 89' lang='lat' dir='ltr'><strong>non</strong></span> <span class='ocrx_word' id='word_1_688' title='bbox 1367 1532 1457 1556; x_wconf 83' lang='lat' dir='ltr'><strong>autent</strong></span> <span class='ocrx_word' id='word_1_689' title='bbox 1469 1527 1592 1556; x_wconf 76' lang='lat' dir='ltr'><strong>iaciebat.</strong></span> <span class='ocrx_word' id='word_1_690' title='bbox 1601 1528 1699 1555; x_wconf 83' lang='lat' dir='ltr'><strong>Malum</strong></span> <span class='ocrx_word' id='word_1_691' title='bbox 1709 1528 1780 1555; x_wconf 90' lang='lat' dir='ltr'><strong>enim</strong></span> <span class='ocrx_word' id='word_1_692' title='bbox 1793 1535 1872 1562; x_wconf 85' lang='lat' dir='ltr'><strong>aper-</strong></span> 
     </span>
    </p>
   </div>
   <div class='ocr_carea' id='block_1_89' title="bbox 1078 1572 1870 1609">
    <p class='ocr_par' dir='ltr' id='par_1_89' title="bbox 1078 1572 1870 1609">
     <span class='ocr_line' id='line_1_89' title="bbox 1078 1572 1870 1609; baseline 0.001 -10"><span class='ocrx_word' id='word_1_693' title='bbox 1078 1572 1131 1599; x_wconf 85' lang='lat' dir='ltr'><strong>tius</strong></span> <span class='ocrx_word' id='word_1_694' title='bbox 1145 1572 1296 1608; x_wconf 76' lang='lat' dir='ltr'><strong>detegebat,</strong></span> <span class='ocrx_word' id='word_1_695' title='bbox 1317 1581 1349 1600; x_wconf 88' lang='lat' dir='ltr'><strong>ac</strong></span> <span class='ocrx_word' id='word_1_696' title='bbox 1361 1573 1511 1609; x_wconf 88' lang='lat' dir='ltr'><strong>plectehat,</strong></span> <span class='ocrx_word' id='word_1_697' title='bbox 1526 1581 1580 1600; x_wconf 90' lang='lat' dir='ltr'><strong>non</strong></span> <span class='ocrx_word' id='word_1_698' title='bbox 1602 1578 1693 1600; x_wconf 86' lang='lat' dir='ltr'><strong>autem</strong></span> <span class='ocrx_word' id='word_1_699' title='bbox 1716 1572 1750 1600; x_wconf 83' lang='lat' dir='ltr'><strong>ad</strong></span> <span class='ocrx_word' id='word_1_700' title='bbox 1771 1573 1870 1600; x_wconf 76' lang='lat' dir='ltr'><strong>malum</strong></span> 
     </span>
    </p>
   </div>
   <div class='ocr_carea' id='block_1_90' title="bbox 1079 1618 1871 1655">
    <p class='ocr_par' dir='ltr' id='par_1_90' title="bbox 1079 1618 1871 1655">
     <span class='ocr_line' id='line_1_90' title="bbox 1079 1618 1871 1655; baseline 0.001 -10"><span class='ocrx_word' id='word_1_701' title='bbox 1079 1618 1233 1653; x_wconf 87' lang='lat' dir='ltr'><strong>impellebat</strong></span> <span class='ocrx_word' id='word_1_702' title='bbox 1249 1628 1255 1647; x_wconf 91' lang='lat'><strong>:</strong></span> <span class='ocrx_word' id='word_1_703' title='bbox 1271 1627 1359 1655; x_wconf 87' lang='lat' dir='ltr'><strong>neque</strong></span> <span class='ocrx_word' id='word_1_704' title='bbox 1389 1619 1423 1646; x_wconf 91' lang='lat' dir='ltr'><strong>ad</strong></span> <span class='ocrx_word' id='word_1_705' title='bbox 1447 1619 1474 1647; x_wconf 89' lang='lat' dir='ltr'><strong>id</strong></span> <span class='ocrx_word' id='word_1_706' title='bbox 1491 1619 1671 1653; x_wconf 87' lang='lat' dir='ltr'><strong>ntinistrabat,</strong></span> <span class='ocrx_word' id='word_1_707' title='bbox 1684 1623 1714 1646; x_wconf 95' lang='lat' dir='ltr'><strong>ut</strong></span> <span class='ocrx_word' id='word_1_708' title='bbox 1733 1625 1871 1653; x_wconf 77' lang='lat' dir='ltr'><strong>peccatum</strong></span> 
     </span>
    </p>
   </div>
   <div class='ocr_carea' id='block_1_91' title="bbox 1079 1664 1872 1700">
    <p class='ocr_par' dir='ltr' id='par_1_91' title="bbox 1079 1664 1872 1700">
     <span class='ocr_line' id='line_1_91' title="bbox 1079 1664 1872 1700; baseline 0 -8"><span class='ocrx_word' id='word_1_709' title='bbox 1079 1664 1166 1698; x_wconf 86' lang='lat' dir='ltr'><strong>ﬁeret,</strong></span> <span class='ocrx_word' id='word_1_710' title='bbox 1182 1670 1229 1692; x_wconf 88' lang='lat' dir='ltr'><strong>aut</strong></span> <span class='ocrx_word' id='word_1_711' title='bbox 1243 1673 1317 1692; x_wconf 90' lang='lat' dir='ltr'><strong>ntors</strong></span> <span class='ocrx_word' id='word_1_712' title='bbox 1331 1665 1486 1699; x_wconf 82' lang='lat' dir='ltr'><strong>exsisteret,</strong></span> <span class='ocrx_word' id='word_1_713' title='bbox 1499 1665 1547 1693; x_wconf 91' lang='lat' dir='ltr'><strong>sed</strong></span> <span class='ocrx_word' id='word_1_714' title='bbox 1559 1670 1589 1692; x_wconf 91' lang='lat' dir='ltr'><strong>ut</strong></span> <span class='ocrx_word' id='word_1_715' title='bbox 1603 1672 1696 1700; x_wconf 75' lang='lat' dir='ltr'><strong>ptenas</strong></span> <span class='ocrx_word' id='word_1_716' title='bbox 1708 1665 1784 1692; x_wconf 86' lang='lat' dir='ltr'><strong>daret</strong></span> <span class='ocrx_word' id='word_1_717' title='bbox 1795 1665 1817 1692; x_wconf 86' lang='lat' dir='ltr'><strong>is</strong></span> <span class='ocrx_word' id='word_1_718' title='bbox 1826 1665 1872 1700; x_wconf 85' lang='lat' dir='ltr'><strong>qui</strong></span> 
     </span>
    </p>
   </div>
   <div class='ocr_carea' id='block_1_92' title="bbox 1079 1711 1870 1747">
    <p class='ocr_par' dir='ltr' id='par_1_92' title="bbox 1079 1711 1870 1747">
     <span class='ocr_line' id='line_1_92' title="bbox 1079 1711 1870 1747; baseline 0.001 -10"><span class='ocrx_word' id='word_1_719' title='bbox 1079 1715 1232 1746; x_wconf 85' lang='lat' dir='ltr'><strong>peccasset:</strong></span> <span class='ocrx_word' id='word_1_720' title='bbox 1247 1719 1279 1739; x_wconf 86' lang='lat' dir='ltr'><strong>ac</strong></span> <span class='ocrx_word' id='word_1_721' title='bbox 1293 1711 1406 1747; x_wconf 91' lang='lat' dir='ltr'><strong>proinde</strong></span> <span class='ocrx_word' id='word_1_722' title='bbox 1419 1711 1471 1739; x_wconf 85' lang='lat' dir='ltr'><strong>hac</strong></span> <span class='ocrx_word' id='word_1_723' title='bbox 1483 1719 1591 1747; x_wconf 88' lang='lat' dir='ltr'><strong>quoque</strong></span> <span class='ocrx_word' id='word_1_724' title='bbox 1606 1711 1710 1739; x_wconf 88' lang='lat' dir='ltr'><strong>ratione</strong></span> <span class='ocrx_word' id='word_1_725' title='bbox 1731 1716 1870 1746; x_wconf 86' lang='lat' dir='ltr'><strong>peceatum</strong></span> 
     </span>
    </p>
   </div>
   <div class='ocr_carea' id='block_1_93' title="bbox 1078 1756 1195 1784">
    <p class='ocr_par' dir='ltr' id='par_1_93' title="bbox 1078 1756 1195 1784">
     <span class='ocr_line' id='line_1_93' title="bbox 1078 1756 1195 1784; baseline -0.009 0"><span class='ocrx_word' id='word_1_726' title='bbox 1078 1756 1171 1784; x_wconf 85' lang='lat' dir='ltr'><strong>deleba</strong></span> <span class='ocrx_word' id='word_1_727' title='bbox 1176 1761 1195 1783; x_wconf 89' lang='lat' dir='ltr'><strong>t.</strong></span> 
     </span>
    </p>
   </div>
   <div class='ocr_carea' id='block_1_94' title="bbox 1116 1802 1873 1837">
    <p class='ocr_par' dir='ltr' id='par_1_94' title="bbox 1116 1802 1873 1837">
     <span class='ocr_line' id='line_1_94' title="bbox 1116 1802 1873 1837; baseline 0 -8"><span class='ocrx_word' id='word_1_728' title='bbox 1116 1802 1169 1829; x_wconf 72' lang='lat' dir='ltr'><strong>Leo;</strong></span> <span class='ocrx_word' id='word_1_729' title='bbox 1180 1803 1306 1837; x_wconf 78' lang='lat' dir='ltr'><strong>quomodo</strong></span> <span class='ocrx_word' id='word_1_730' title='bbox 1327 1808 1434 1830; x_wconf 82' lang='lat' dir='ltr'><strong>mortem</strong></span> <span class='ocrx_word' id='word_1_731' title='bbox 1456 1802 1588 1836; x_wconf 77' lang='lat' dir='ltr'><strong>afferebat.</strong></span> <span class='ocrx_word' id='word_1_732' title='bbox 1599 1817 1634 1823; x_wconf 93' lang='lat'>—</span> <span class='ocrx_word' id='word_1_733' title='bbox 1647 1802 1713 1830; x_wconf 83' lang='lat' dir='ltr'><strong>Nam</strong></span> <span class='ocrx_word' id='word_1_734' title='bbox 1728 1802 1792 1830; x_wconf 84' lang='lat' dir='ltr'><strong>dum</strong></span> <span class='ocrx_word' id='word_1_735' title='bbox 1816 1803 1873 1836; x_wconf 88' lang='lat' dir='ltr'><strong>ipsa</strong></span> 
     </span>
    </p>
   </div>
   <div class='ocr_carea' id='block_1_95' title="bbox 1079 1848 1874 1883">
    <p class='ocr_par' dir='ltr' id='par_1_95' title="bbox 1079 1848 1874 1883">
     <span class='ocr_line' id='line_1_95' title="bbox 1079 1848 1874 1883; baseline -0.001 -8"><span class='ocrx_word' id='word_1_736' title='bbox 1079 1853 1218 1883; x_wconf 82' lang='lat' dir='ltr'><strong>peccatum</strong></span> <span class='ocrx_word' id='word_1_737' title='bbox 1230 1848 1297 1875; x_wconf 87' lang='lat' dir='ltr'><strong>adeo</strong></span> <span class='ocrx_word' id='word_1_738' title='bbox 1309 1848 1507 1876; x_wconf 86' lang='lat' dir='ltr'><strong>formidandum</strong></span> <span class='ocrx_word' id='word_1_739' title='bbox 1520 1855 1581 1875; x_wconf 78' lang='lat' dir='ltr'><strong>esse</strong></span> <span class='ocrx_word' id='word_1_740' title='bbox 1592 1848 1755 1879; x_wconf 88' lang='lat' dir='ltr'><strong>ostenderet,</strong></span> <span class='ocrx_word' id='word_1_741' title='bbox 1767 1848 1874 1882; x_wconf 84' lang='lat' dir='ltr'><strong>procul-</strong></span> 
     </span>
    </p>
   </div>
   <div class='ocr_carea' id='block_1_96' title="bbox 1078 1887 1874 1927">
    <p class='ocr_par' dir='ltr' id='par_1_96' title="bbox 1078 1887 1874 1927">
     <span class='ocr_line' id='line_1_96' title="bbox 1078 1887 1874 1927; baseline -0.001 -7"><span class='ocrx_word' id='word_1_742' title='bbox 1078 1892 1160 1920; x_wconf 90' lang='lat' dir='ltr'><strong>dubio</strong></span> <span class='ocrx_word' id='word_1_743' title='bbox 1182 1892 1234 1920; x_wconf 90' lang='lat' dir='ltr'><strong>hoc</strong></span> <span class='ocrx_word' id='word_1_744' title='bbox 1249 1893 1331 1920; x_wconf 83' lang='lat' dir='ltr'><strong>etiam</strong></span> <span class='ocrx_word' id='word_1_745' title='bbox 1353 1893 1477 1925; x_wconf 83' lang='lat' dir='ltr'><strong>faciebat,</strong></span> <span class='ocrx_word' id='word_1_746' title='bbox 1491 1887 1523 1920; x_wconf 80' lang='lat' dir='ltr'><strong>iit</strong></span> <span class='ocrx_word' id='word_1_747' title='bbox 1542 1893 1630 1927; x_wconf 85' lang='lat' dir='ltr'><strong>ipsum</strong></span> <span class='ocrx_word' id='word_1_748' title='bbox 1643 1892 1798 1926; x_wconf 78' lang='lat' dir='ltr'><strong>fugiendum</strong></span> <span class='ocrx_word' id='word_1_749' title='bbox 1813 1900 1874 1920; x_wconf 79' lang='lat' dir='ltr'><strong>esse</strong></span> 
     </span>
    </p>
   </div>
   <div class='ocr_carea' id='block_1_97' title="bbox 1079 1938 1872 1973">
    <p class='ocr_par' dir='ltr' id='par_1_97' title="bbox 1079 1938 1872 1973">
     <span class='ocr_line' id='line_1_97' title="bbox 1079 1938 1872 1973; baseline 0 -9"><span class='ocrx_word' id='word_1_750' title='bbox 1079 1938 1226 1965; x_wconf 86' lang='lat' dir='ltr'><strong>videretur.</strong></span> <span class='ocrx_word' id='word_1_751' title='bbox 1239 1938 1313 1966; x_wconf 90' lang='lat' dir='ltr'><strong>Sicut</strong></span> <span class='ocrx_word' id='word_1_752' title='bbox 1325 1938 1406 1973; x_wconf 80' lang='lat' dir='ltr'><strong>igitur</strong></span> <span class='ocrx_word' id='word_1_753' title='bbox 1418 1938 1450 1970; x_wconf 92' lang='lat' dir='ltr'><strong>is,</strong></span> <span class='ocrx_word' id='word_1_754' title='bbox 1462 1938 1507 1973; x_wconf 91' lang='lat' dir='ltr'><strong>qui</strong></span> <span class='ocrx_word' id='word_1_755' title='bbox 1518 1945 1610 1965; x_wconf 91' lang='lat' dir='ltr'><strong>ensem</strong></span> <span class='ocrx_word' id='word_1_756' title='bbox 1626 1938 1652 1965; x_wconf 93' lang='lat' dir='ltr'><strong>in</strong></span> <span class='ocrx_word' id='word_1_757' title='bbox 1667 1945 1763 1965; x_wconf 85' lang='lat' dir='ltr'><strong>manus</strong></span> <span class='ocrx_word' id='word_1_758' title='bbox 1779 1938 1872 1969; x_wconf 90' lang='lat' dir='ltr'><strong>sumit,</strong></span> 
     </span>
    </p>
   </div>
   <div class='ocr_carea' id='block_1_98' title="bbox 1079 1984 1872 2019">
    <p class='ocr_par' dir='ltr' id='par_1_98' title="bbox 1079 1984 1872 2019">
     <span class='ocr_line' id='line_1_98' title="bbox 1079 1984 1872 2019; baseline 0.001 -9"><span class='ocrx_word' id='word_1_759' title='bbox 1079 1991 1111 2011; x_wconf 91' lang='lat' dir='ltr'><strong>ac</strong></span> <span class='ocrx_word' id='word_1_760' title='bbox 1121 1984 1192 2011; x_wconf 81' lang='lat' dir='ltr'><strong>sonti</strong></span> <span class='ocrx_word' id='word_1_761' title='bbox 1202 1988 1282 2019; x_wconf 89' lang='lat' dir='ltr'><strong>caput</strong></span> <span class='ocrx_word' id='word_1_762' title='bbox 1294 1989 1423 2019; x_wconf 87' lang='lat' dir='ltr'><strong>amputat,</strong></span> <span class='ocrx_word' id='word_1_763' title='bbox 1432 1984 1516 2019; x_wconf 88' lang='lat' dir='ltr'><strong>judici</strong></span> <span class='ocrx_word' id='word_1_764' title='bbox 1530 1984 1708 2019; x_wconf 89' lang='lat' dir='ltr'><strong>pronuntianti</strong></span> <span class='ocrx_word' id='word_1_765' title='bbox 1720 1984 1872 2011; x_wconf 88' lang='lat' dir='ltr'><strong>ntinistrum</strong></span> 
     </span>
    </p>
   </div>
   <div class='ocr_carea' id='block_1_99' title="bbox 1079 2028 1875 2066">
    <p class='ocr_par' dir='ltr' id='par_1_99' title="bbox 1079 2028 1875 2066">
     <span class='ocr_line' id='line_1_99' title="bbox 1079 2028 1875 2066; baseline 0.003 -11"><span class='ocrx_word' id='word_1_766' title='bbox 1079 2037 1109 2056; x_wconf 85' lang='lat' dir='ltr'><strong>se</strong></span> <span class='ocrx_word' id='word_1_767' title='bbox 1122 2028 1241 2064; x_wconf 71' lang='lat' dir='ltr'><strong>praebet;</strong></span> <span class='ocrx_word' id='word_1_768' title='bbox 1258 2037 1344 2064; x_wconf 89' lang='lat' dir='ltr'><strong>neque</strong></span> <span class='ocrx_word' id='word_1_769' title='bbox 1359 2029 1417 2064; x_wconf 90' lang='lat' dir='ltr'><strong>ipse</strong></span> <span class='ocrx_word' id='word_1_770' title='bbox 1429 2033 1471 2057; x_wconf 81' lang='lat' dir='ltr'><strong>est</strong></span> <span class='ocrx_word' id='word_1_771' title='bbox 1485 2031 1530 2065; x_wconf 93' lang='lat' dir='ltr'><strong>qui</strong></span> <span class='ocrx_word' id='word_1_772' title='bbox 1544 2030 1683 2064; x_wconf 88' lang='lat' dir='ltr'><strong>interimit,</strong></span> <span class='ocrx_word' id='word_1_773' title='bbox 1699 2030 1803 2057; x_wconf 87' lang='lat' dir='ltr'><strong>etiatttsi</strong></span> <span class='ocrx_word' id='word_1_774' title='bbox 1816 2030 1875 2066; x_wconf 86' lang='lat' dir='ltr'><strong>ipse</strong></span> 
     </span>
    </p>
   </div>
   <div class='ocr_carea' id='block_1_100' title="bbox 1081 2074 1873 2110">
    <p class='ocr_par' dir='ltr' id='par_1_100' title="bbox 1081 2074 1873 2110">
     <span class='ocr_line' id='line_1_100' title="bbox 1081 2074 1873 2110; baseline 0.001 -8"><span class='ocrx_word' id='word_1_775' title='bbox 1081 2079 1162 2109; x_wconf 91' lang='lat' dir='ltr'><strong>caput</strong></span> <span class='ocrx_word' id='word_1_776' title='bbox 1174 2074 1332 2107; x_wconf 86' lang='lat' dir='ltr'><strong>abscindat;</strong></span> <span class='ocrx_word' id='word_1_777' title='bbox 1347 2082 1397 2102; x_wconf 90' lang='lat' dir='ltr'><strong>nec</strong></span> <span class='ocrx_word' id='word_1_778' title='bbox 1408 2082 1514 2102; x_wconf 88' lang='lat' dir='ltr'><strong>rursutn</strong></span> <span class='ocrx_word' id='word_1_779' title='bbox 1530 2074 1562 2105; x_wconf 84' lang='lat' dir='ltr'><strong>is.</strong></span> <span class='ocrx_word' id='word_1_780' title='bbox 1577 2075 1623 2110; x_wconf 89' lang='lat' dir='ltr'><strong>qui</strong></span> <span class='ocrx_word' id='word_1_781' title='bbox 1637 2075 1797 2103; x_wconf 83' lang='lat' dir='ltr'><strong>sententiam</strong></span> <span class='ocrx_word' id='word_1_782' title='bbox 1809 2083 1873 2110; x_wconf 91' lang='lat' dir='ltr'><strong>pro-</strong></span> 
     </span>
    </p>
   </div>
   <div class='ocr_carea' id='block_1_101' title="bbox 1080 2119 1874 2155">
    <p class='ocr_par' dir='ltr' id='par_1_101' title="bbox 1080 2119 1874 2155">
     <span class='ocr_line' id='line_1_101' title="bbox 1080 2119 1874 2155; baseline 0 -8"><span class='ocrx_word' id='word_1_783' title='bbox 1080 2119 1132 2147; x_wconf 88' lang='lat' dir='ltr'><strong>fert</strong></span> <span class='ocrx_word' id='word_1_784' title='bbox 1144 2125 1173 2147; x_wconf 88' lang='lat' dir='ltr'><strong>et</strong></span> <span class='ocrx_word' id='word_1_785' title='bbox 1185 2119 1358 2154; x_wconf 89' lang='lat' dir='ltr'><strong>condemnat,</strong></span> <span class='ocrx_word' id='word_1_786' title='bbox 1374 2120 1421 2147; x_wconf 87' lang='lat' dir='ltr'><strong>sed</strong></span> <span class='ocrx_word' id='word_1_787' title='bbox 1433 2119 1492 2155; x_wconf 88' lang='lat' dir='ltr'><strong>ejus</strong></span> <span class='ocrx_word' id='word_1_788' title='bbox 1506 2120 1540 2147; x_wconf 91' lang='lat' dir='ltr'><strong>de</strong></span> <span class='ocrx_word' id='word_1_789' title='bbox 1553 2128 1606 2155; x_wconf 91' lang='lat' dir='ltr'><strong>quo</strong></span> <span class='ocrx_word' id='word_1_790' title='bbox 1617 2120 1776 2155; x_wconf 87' lang='lat' dir='ltr'><strong>supplicium</strong></span> <span class='ocrx_word' id='word_1_791' title='bbox 1790 2121 1874 2148; x_wconf 88' lang='lat' dir='ltr'><strong>sumi-</strong></span> 
     </span>
    </p>
   </div>
   <div class='ocr_carea' id='block_1_102' title="bbox 1081 2165 1874 2201">
    <p class='ocr_par' dir='ltr' id='par_1_102' title="bbox 1081 2165 1874 2201">
     <span class='ocr_line' id='line_1_102' title="bbox 1081 2165 1874 2201; baseline 0.003 -9"><span class='ocrx_word' id='word_1_792' title='bbox 1081 2170 1123 2192; x_wconf 89' lang='lat' dir='ltr'><strong>tur</strong></span> <span class='ocrx_word' id='word_1_793' title='bbox 1136 2166 1294 2200; x_wconf 88' lang='lat' dir='ltr'><strong>improhitas</strong></span> <span class='ocrx_word' id='word_1_794' title='bbox 1315 2174 1322 2192; x_wconf 92' lang='lat'>:</span> <span class='ocrx_word' id='word_1_795' title='bbox 1346 2165 1382 2192; x_wconf 89' lang='lat' dir='ltr'><strong>ita</strong></span> <span class='ocrx_word' id='word_1_796' title='bbox 1403 2165 1447 2193; x_wconf 86' lang='lat' dir='ltr'><strong>hie</strong></span> <span class='ocrx_word' id='word_1_797' title='bbox 1459 2173 1566 2201; x_wconf 90' lang='lat' dir='ltr'><strong>quoque</strong></span> <span class='ocrx_word' id='word_1_798' title='bbox 1578 2173 1631 2193; x_wconf 94' lang='lat' dir='ltr'><strong>non</strong></span> <span class='ocrx_word' id='word_1_799' title='bbox 1646 2166 1688 2193; x_wconf 82' lang='lat' dir='ltr'><strong>lex</strong></span> <span class='ocrx_word' id='word_1_800' title='bbox 1701 2173 1795 2194; x_wconf 88' lang='lat' dir='ltr'><strong>necem</strong></span> <span class='ocrx_word' id='word_1_801' title='bbox 1808 2166 1874 2194; x_wconf 71' lang='lat' dir='ltr'><strong>atie-</strong></span> 
     </span>
    </p>
   </div>
   <div class='ocr_carea' id='block_1_103' title="bbox 1079 2211 1874 2246">
    <p class='ocr_par' dir='ltr' id='par_1_103' title="bbox 1079 2211 1874 2246">
     <span class='ocr_line' id='line_1_103' title="bbox 1079 2211 1874 2246; baseline 0.001 -8"><span class='ocrx_word' id='word_1_802' title='bbox 1079 2211 1166 2244; x_wconf 86' lang='lat' dir='ltr'><strong>rebat,</strong></span> <span class='ocrx_word' id='word_1_803' title='bbox 1179 2211 1227 2239; x_wconf 88' lang='lat' dir='ltr'><strong>sed</strong></span> <span class='ocrx_word' id='word_1_804' title='bbox 1240 2215 1379 2246; x_wconf 89' lang='lat' dir='ltr'><strong>peccatum</strong></span> <span class='ocrx_word' id='word_1_805' title='bbox 1395 2211 1483 2246; x_wconf 90' lang='lat' dir='ltr'><strong>ipsum</strong></span> <span class='ocrx_word' id='word_1_806' title='bbox 1496 2216 1565 2245; x_wconf 88' lang='lat' dir='ltr'><strong>erat,</strong></span> <span class='ocrx_word' id='word_1_807' title='bbox 1580 2211 1652 2246; x_wconf 88' lang='lat' dir='ltr'><strong>quod</strong></span> <span class='ocrx_word' id='word_1_808' title='bbox 1662 2216 1690 2239; x_wconf 93' lang='lat' dir='ltr'><strong>et</strong></span> <span class='ocrx_word' id='word_1_809' title='bbox 1702 2212 1874 2239; x_wconf 88' lang='lat' dir='ltr'><strong>interintehat</strong></span> 
     </span>
    </p>
   </div>
   <div class='ocr_carea' id='block_1_104' title="bbox 1079 2256 1875 2290">
    <p class='ocr_par' dir='ltr' id='par_1_104' title="bbox 1079 2256 1875 2290">
     <span class='ocr_line' id='line_1_104' title="bbox 1079 2256 1875 2290; baseline 0 -6"><span class='ocrx_word' id='word_1_810' title='bbox 1079 2260 1107 2284; x_wconf 85' lang='lat' dir='ltr'><strong>et</strong></span> <span class='ocrx_word' id='word_1_811' title='bbox 1120 2256 1334 2289; x_wconf 88' lang='lat' dir='ltr'><strong>condemnabat;</strong></span> <span class='ocrx_word' id='word_1_812' title='bbox 1357 2256 1415 2284; x_wconf 69' lang='lat' dir='ltr'><strong>haec</strong></span> <span class='ocrx_word' id='word_1_813' title='bbox 1437 2264 1513 2290; x_wconf 89' lang='lat' dir='ltr'><strong>vero,</strong></span> <span class='ocrx_word' id='word_1_814' title='bbox 1528 2257 1555 2284; x_wconf 90' lang='lat' dir='ltr'><strong>in</strong></span> <span class='ocrx_word' id='word_1_815' title='bbox 1577 2262 1682 2284; x_wconf 82' lang='lat' dir='ltr'><strong>sontem</strong></span> <span class='ocrx_word' id='word_1_816' title='bbox 1704 2257 1875 2286; x_wconf 77' lang='lat' dir='ltr'><strong>animadVer-</strong></span> 
     </span>
    </p>
   </div>
   <div class='ocr_carea' id='block_1_105' title="bbox 1080 2304 1875 2340">
    <p class='ocr_par' dir='ltr' id='par_1_105' title="bbox 1080 2304 1875 2340">
     <span class='ocr_line' id='line_1_105' title="bbox 1080 2304 1875 2340; baseline -0.001 -8"><span class='ocrx_word' id='word_1_817' title='bbox 1080 2309 1149 2338; x_wconf 79' lang='lat' dir='ltr'><strong>tetis,</strong></span> <span class='ocrx_word' id='word_1_818' title='bbox 1165 2304 1219 2332; x_wconf 93' lang='lat' dir='ltr'><strong>vim</strong></span> <span class='ocrx_word' id='word_1_819' title='bbox 1232 2304 1305 2332; x_wconf 90' lang='lat' dir='ltr'><strong>illius</strong></span> <span class='ocrx_word' id='word_1_820' title='bbox 1319 2304 1482 2337; x_wconf 83' lang='lat' dir='ltr'><strong>succidebat,</strong></span> <span class='ocrx_word' id='word_1_821' title='bbox 1497 2304 1621 2340; x_wconf 79' lang='lat' dir='ltr'><strong>supplicii</strong></span> <span class='ocrx_word' id='word_1_822' title='bbox 1636 2310 1710 2332; x_wconf 89' lang='lat' dir='ltr'><strong>ntetu</strong></span> <span class='ocrx_word' id='word_1_823' title='bbox 1724 2312 1786 2332; x_wconf 88' lang='lat' dir='ltr'><strong>eum</strong></span> <span class='ocrx_word' id='word_1_824' title='bbox 1798 2312 1875 2332; x_wconf 76' lang='lat' dir='ltr'><strong>coer-</strong></span> 
     </span>
    </p>
   </div>
   <div class='ocr_carea' id='block_1_106' title="bbox 1079 2349 1873 2385">
    <p class='ocr_par' dir='ltr' id='par_1_106' title="bbox 1079 2349 1873 2385">
     <span class='ocr_line' id='line_1_106' title="bbox 1079 2349 1873 2385; baseline 0 -7"><span class='ocrx_word' id='word_1_825' title='bbox 1079 2357 1157 2378; x_wconf 89' lang='lat' dir='ltr'><strong>cens.</strong></span> <span class='ocrx_word' id='word_1_826' title='bbox 1181 2349 1237 2377; x_wconf 85' lang='lat' dir='ltr'><strong>Nec</strong></span> <span class='ocrx_word' id='word_1_827' title='bbox 1257 2357 1322 2377; x_wconf 93' lang='lat' dir='ltr'><strong>vero</strong></span> <span class='ocrx_word' id='word_1_828' title='bbox 1343 2350 1408 2378; x_wconf 87' lang='lat' dir='ltr'><strong>satis</strong></span> <span class='ocrx_word' id='word_1_829' title='bbox 1423 2349 1517 2377; x_wconf 89' lang='lat' dir='ltr'><strong>ltabuit</strong></span> <span class='ocrx_word' id='word_1_830' title='bbox 1532 2350 1629 2377; x_wconf 87' lang='lat' dir='ltr'><strong>Paulus</strong></span> <span class='ocrx_word' id='word_1_831' title='bbox 1644 2350 1803 2385; x_wconf 77' lang='lat' dir='ltr'><strong>praestantiae</strong></span> <span class='ocrx_word' id='word_1_832' title='bbox 1824 2351 1873 2378; x_wconf 85' lang='lat' dir='ltr'><strong>de—</strong></span> 
     </span>
    </p>
   </div>
   <div class='ocr_carea' id='block_1_107' title="bbox 1079 2394 1874 2430">
    <p class='ocr_par' dir='ltr' id='par_1_107' title="bbox 1079 2394 1874 2430">
     <span class='ocr_line' id='line_1_107' title="bbox 1079 2394 1874 2430; baseline -0.001 -8"><span class='ocrx_word' id='word_1_833' title='bbox 1079 2394 1211 2422; x_wconf 69' lang='lat' dir='ltr'><strong>claranda:</strong></span> <span class='ocrx_word' id='word_1_834' title='bbox 1226 2402 1306 2422; x_wconf 84' lang='lat' dir='ltr'><strong>causa</strong></span> <span class='ocrx_word' id='word_1_835' title='bbox 1323 2395 1374 2422; x_wconf 87' lang='lat' dir='ltr'><strong>hoc</strong></span> <span class='ocrx_word' id='word_1_836' title='bbox 1385 2394 1474 2422; x_wconf 90' lang='lat' dir='ltr'><strong>solum</strong></span> <span class='ocrx_word' id='word_1_837' title='bbox 1494 2394 1649 2430; x_wconf 88' lang='lat' dir='ltr'><strong>protulisse,</strong></span> <span class='ocrx_word' id='word_1_838' title='bbox 1664 2394 1710 2422; x_wconf 86' lang='lat' dir='ltr'><strong>sed</strong></span> <span class='ocrx_word' id='word_1_839' title='bbox 1723 2395 1795 2422; x_wconf 89' lang='lat' dir='ltr'><strong>aliud</strong></span> <span class='ocrx_word' id='word_1_840' title='bbox 1808 2403 1874 2430; x_wconf 81' lang='lat' dir='ltr'><strong>quo-</strong></span> 
     </span>
    </p>
   </div>
   <div class='ocr_carea' id='block_1_108' title="bbox 1079 2439 1870 2476">
    <p class='ocr_par' dir='ltr' id='par_1_108' title="bbox 1079 2439 1870 2476">
     <span class='ocr_line' id='line_1_108' title="bbox 1079 2439 1870 2476; baseline 0 -8"><span class='ocrx_word' id='word_1_841' title='bbox 1079 2449 1132 2476; x_wconf 91' lang='lat' dir='ltr'><strong>que</strong></span> <span class='ocrx_word' id='word_1_842' title='bbox 1141 2440 1273 2476; x_wconf 80' lang='lat' dir='ltr'><strong>adjungit,</strong></span> <span class='ocrx_word' id='word_1_843' title='bbox 1283 2440 1377 2468; x_wconf 85' lang='lat' dir='ltr'><strong>dicens</strong></span> <span class='ocrx_word' id='word_1_844' title='bbox 1389 2449 1395 2466; x_wconf 92' lang='lat'><strong>:</strong></span> <span class='ocrx_word' id='word_1_845' title='bbox 1409 2439 1444 2467; x_wconf 87' lang='lat' dir='ltr'><strong>In</strong></span> <span class='ocrx_word' id='word_1_846' title='bbox 1454 2440 1534 2468; x_wconf 77' lang='lat' dir='ltr'><strong>literis</strong></span> <span class='ocrx_word' id='word_1_847' title='bbox 1543 2440 1684 2475; x_wconf 77' lang='lat' dir='ltr'><strong>deformata</strong></span> <span class='ocrx_word' id='word_1_848' title='bbox 1694 2440 1721 2467; x_wconf 88' lang='lat' dir='ltr'><strong>in</strong></span> <span class='ocrx_word' id='word_1_849' title='bbox 1733 2440 1870 2476; x_wconf 75' lang='lat' dir='ltr'><strong>lapidibus.</strong></span> 
     </span>
    </p>
   </div>
   <div class='ocr_carea' id='block_1_109' title="bbox 1081 2485 1873 2522">
    <p class='ocr_par' dir='ltr' id='par_1_109' title="bbox 1081 2485 1873 2522">
     <span class='ocr_line' id='line_1_109' title="bbox 1081 2485 1873 2522; baseline 0 -9"><span class='ocrx_word' id='word_1_850' title='bbox 1081 2486 1148 2514; x_wconf 80' lang='lat' dir='ltr'><strong>Vide</strong></span> <span class='ocrx_word' id='word_1_851' title='bbox 1161 2485 1297 2521; x_wconf 90' lang='lat' dir='ltr'><strong>quomodo</strong></span> <span class='ocrx_word' id='word_1_852' title='bbox 1322 2493 1418 2513; x_wconf 88' lang='lat' dir='ltr'><strong>rursus</strong></span> <span class='ocrx_word' id='word_1_853' title='bbox 1443 2485 1571 2513; x_wconf 87' lang='lat' dir='ltr'><strong>Judaicos</strong></span> <span class='ocrx_word' id='word_1_854' title='bbox 1596 2485 1707 2520; x_wconf 88' lang='lat' dir='ltr'><strong>spiritus</strong></span> <span class='ocrx_word' id='word_1_855' title='bbox 1729 2486 1873 2522; x_wconf 89' lang='lat' dir='ltr'><strong>deprimat.</strong></span> 
     </span>
    </p>
   </div>
   <div class='ocr_carea' id='block_1_110' title="bbox 1079 2530 1873 2565">
    <p class='ocr_par' dir='ltr' id='par_1_110' title="bbox 1079 2530 1873 2565">
     <span class='ocr_line' id='line_1_110' title="bbox 1079 2530 1873 2565; baseline 0 -7"><span class='ocrx_word' id='word_1_856' title='bbox 1079 2531 1149 2559; x_wconf 90' lang='lat' dir='ltr'><strong>Nihil</strong></span> <span class='ocrx_word' id='word_1_857' title='bbox 1161 2532 1234 2558; x_wconf 91' lang='lat' dir='ltr'><strong>enim</strong></span> <span class='ocrx_word' id='word_1_858' title='bbox 1247 2530 1322 2558; x_wconf 89' lang='lat' dir='ltr'><strong>aliud</strong></span> <span class='ocrx_word' id='word_1_859' title='bbox 1342 2531 1388 2558; x_wconf 80' lang='lat' dir='ltr'><strong>lex</strong></span> <span class='ocrx_word' id='word_1_860' title='bbox 1401 2536 1471 2563; x_wconf 86' lang='lat' dir='ltr'><strong>erat,</strong></span> <span class='ocrx_word' id='word_1_861' title='bbox 1486 2538 1566 2565; x_wconf 88' lang='lat' dir='ltr'><strong>quam</strong></span> <span class='ocrx_word' id='word_1_862' title='bbox 1589 2530 1693 2563; x_wconf 66' lang='lat' dir='ltr'><strong>literae;</strong></span> <span class='ocrx_word' id='word_1_863' title='bbox 1715 2539 1767 2558; x_wconf 90' lang='lat' dir='ltr'><strong>non</strong></span> <span class='ocrx_word' id='word_1_864' title='bbox 1783 2537 1873 2558; x_wconf 86' lang='lat' dir='ltr'><strong>autem</strong></span> 
     </span>
    </p>
   </div>
   <div class='ocr_carea' id='block_1_111' title="bbox 1079 2576 1873 2612">
    <p class='ocr_par' dir='ltr' id='par_1_111' title="bbox 1079 2576 1873 2612">
     <span class='ocr_line' id='line_1_111' title="bbox 1079 2576 1873 2612; baseline -0.001 -8"><span class='ocrx_word' id='word_1_865' title='bbox 1079 2577 1230 2605; x_wconf 86' lang='lat' dir='ltr'><strong>subsidium</strong></span> <span class='ocrx_word' id='word_1_866' title='bbox 1255 2577 1338 2604; x_wconf 93' lang='lat' dir='ltr'><strong>ullum</strong></span> <span class='ocrx_word' id='word_1_867' title='bbox 1355 2584 1371 2605; x_wconf 88' lang='lat' dir='ltr'><strong>e</strong></span> <span class='ocrx_word' id='word_1_868' title='bbox 1388 2577 1473 2604; x_wconf 87' lang='lat' dir='ltr'><strong>literis</strong></span> <span class='ocrx_word' id='word_1_869' title='bbox 1498 2576 1636 2611; x_wconf 85' lang='lat' dir='ltr'><strong>prodieus,</strong></span> <span class='ocrx_word' id='word_1_870' title='bbox 1651 2581 1731 2611; x_wconf 86' lang='lat' dir='ltr'><strong>atque</strong></span> <span class='ocrx_word' id='word_1_871' title='bbox 1752 2577 1873 2612; x_wconf 84' lang='lat' dir='ltr'><strong>aspirans</strong></span> 
     </span>
    </p>
   </div>
   <div class='ocr_carea' id='block_1_112' title="bbox 1079 2622 1874 2659">
    <p class='ocr_par' dir='ltr' id='par_1_112' title="bbox 1079 2622 1874 2659">
     <span class='ocr_line' id='line_1_112' title="bbox 1079 2622 1874 2659; baseline -0.003 -7"><span class='ocrx_word' id='word_1_872' title='bbox 1079 2624 1112 2652; x_wconf 88' lang='lat' dir='ltr'><strong>iis</strong></span> <span class='ocrx_word' id='word_1_873' title='bbox 1127 2624 1172 2659; x_wconf 90' lang='lat' dir='ltr'><strong>qui</strong></span> <span class='ocrx_word' id='word_1_874' title='bbox 1196 2623 1339 2657; x_wconf 88' lang='lat' dir='ltr'><strong>dimicant,</strong></span> <span class='ocrx_word' id='word_1_875' title='bbox 1361 2623 1432 2651; x_wconf 82' lang='lat' dir='ltr'><strong>sicut</strong></span> <span class='ocrx_word' id='word_1_876' title='bbox 1451 2623 1479 2650; x_wconf 89' lang='lat' dir='ltr'><strong>in</strong></span> <span class='ocrx_word' id='word_1_877' title='bbox 1505 2622 1651 2658; x_wconf 87' lang='lat' dir='ltr'><strong>baptismo,</strong></span> <span class='ocrx_word' id='word_1_878' title='bbox 1665 2622 1713 2650; x_wconf 89' lang='lat' dir='ltr'><strong>sed</strong></span> <span class='ocrx_word' id='word_1_879' title='bbox 1736 2622 1833 2650; x_wconf 66' lang='lat' dir='ltr'><strong>tabulae</strong></span> <span class='ocrx_word' id='word_1_880' title='bbox 1845 2627 1874 2650; x_wconf 87' lang='lat' dir='ltr'><strong>et</strong></span> 
     </span>
    </p>
   </div>
   <div class='ocr_carea' id='block_1_113' title="bbox 1079 2667 1874 2705">
    <p class='ocr_par' dir='ltr' id='par_1_113' title="bbox 1079 2667 1874 2705">
     <span class='ocr_line' id='line_1_113' title="bbox 1079 2667 1874 2705; baseline -0.003 -8"><span class='ocrx_word' id='word_1_881' title='bbox 1079 2670 1232 2705; x_wconf 64' lang='lat' dir='ltr'><strong>scripturae,</strong></span> <span class='ocrx_word' id='word_1_882' title='bbox 1245 2675 1360 2697; x_wconf 88' lang='lat' dir='ltr'><strong>mortem</strong></span> <span class='ocrx_word' id='word_1_883' title='bbox 1383 2669 1417 2697; x_wconf 86' lang='lat' dir='ltr'><strong>iis</strong></span> <span class='ocrx_word' id='word_1_884' title='bbox 1431 2669 1477 2705; x_wconf 90' lang='lat' dir='ltr'><strong>qui</strong></span> <span class='ocrx_word' id='word_1_885' title='bbox 1493 2668 1584 2697; x_wconf 85' lang='lat' dir='ltr'><strong>literas</strong></span> <span class='ocrx_word' id='word_1_886' title='bbox 1605 2669 1741 2696; x_wconf 85' lang='lat' dir='ltr'><strong>violabant</strong></span> <span class='ocrx_word' id='word_1_887' title='bbox 1760 2667 1874 2696; x_wconf 59' lang='lat' dir='ltr'><strong>aderan-</strong></span> 
     </span>
    </p>
   </div>
   <div class='ocr_carea' id='block_1_114' title="bbox 1081 2714 1872 2751">
    <p class='ocr_par' dir='ltr' id='par_1_114' title="bbox 1081 2714 1872 2751">
     <span class='ocr_line' id='line_1_114' title="bbox 1081 2714 1872 2751; baseline -0.003 -8"><span class='ocrx_word' id='word_1_888' title='bbox 1081 2720 1133 2743; x_wconf 88' lang='lat' dir='ltr'><strong>tes.</strong></span> <span class='ocrx_word' id='word_1_889' title='bbox 1150 2715 1233 2743; x_wconf 86' lang='lat' dir='ltr'><strong>Vides</strong></span> <span class='ocrx_word' id='word_1_890' title='bbox 1245 2723 1298 2750; x_wconf 87' lang='lat' dir='ltr'><strong>quo</strong></span> <span class='ocrx_word' id='word_1_891' title='bbox 1313 2720 1392 2751; x_wconf 90' lang='lat' dir='ltr'><strong>pacto</strong></span> <span class='ocrx_word' id='word_1_892' title='bbox 1405 2715 1544 2743; x_wconf 83' lang='lat' dir='ltr'><strong>Judaicum</strong></span> <span class='ocrx_word' id='word_1_893' title='bbox 1558 2715 1739 2742; x_wconf 86' lang='lat' dir='ltr'><strong>contentionis</strong></span> <span class='ocrx_word' id='word_1_894' title='bbox 1753 2714 1872 2742; x_wconf 77' lang='lat' dir='ltr'><strong>studium</strong></span> 
     </span>
    </p>
   </div>
   <div class='ocr_carea' id='block_1_115' title="bbox 1080 2760 1872 2797">
    <p class='ocr_par' dir='ltr' id='par_1_115' title="bbox 1080 2760 1872 2797">
     <span class='ocr_line' id='line_1_115' title="bbox 1080 2760 1872 2797; baseline -0.005 -7"><span class='ocrx_word' id='word_1_895' title='bbox 1080 2762 1238 2795; x_wconf 87' lang='lat' dir='ltr'><strong>relundens,</strong></span> <span class='ocrx_word' id='word_1_896' title='bbox 1253 2770 1302 2797; x_wconf 88' lang='lat' dir='ltr'><strong>per</strong></span> <span class='ocrx_word' id='word_1_897' title='bbox 1320 2762 1378 2797; x_wconf 86' lang='lat' dir='ltr'><strong>ipsa</strong></span> <span class='ocrx_word' id='word_1_898' title='bbox 1400 2769 1509 2797; x_wconf 88' lang='lat' dir='ltr'><strong>quoque</strong></span> <span class='ocrx_word' id='word_1_899' title='bbox 1532 2761 1661 2788; x_wconf 88' lang='lat' dir='ltr'><strong>vocabula</strong></span> <span class='ocrx_word' id='word_1_900' title='bbox 1687 2760 1872 2787; x_wconf 82' lang='lat' dir='ltr'><strong>auctoritatem</strong></span> 
     </span>
    </p>
   </div>
   <div class='ocr_carea' id='block_1_116' title="bbox 1082 2804 1874 2843">
    <p class='ocr_par' dir='ltr' id='par_1_116' title="bbox 1082 2804 1874 2843">
     <span class='ocr_line' id='line_1_116' title="bbox 1082 2804 1874 2843; baseline -0.004 -9"><span class='ocrx_word' id='word_1_901' title='bbox 1082 2808 1150 2843; x_wconf 80' lang='lat' dir='ltr'><strong>legis</strong></span> <span class='ocrx_word' id='word_1_902' title='bbox 1164 2815 1236 2835; x_wconf 89' lang='lat' dir='ltr'><strong>nuttc</strong></span> <span class='ocrx_word' id='word_1_903' title='bbox 1248 2807 1368 2842; x_wconf 88' lang='lat' dir='ltr'><strong>dejiciat,</strong></span> <span class='ocrx_word' id='word_1_904' title='bbox 1389 2807 1506 2842; x_wconf 88' lang='lat' dir='ltr'><strong>lapidem</strong></span> <span class='ocrx_word' id='word_1_905' title='bbox 1528 2806 1621 2834; x_wconf 89' lang='lat' dir='ltr'><strong>dicens</strong></span> <span class='ocrx_word' id='word_1_906' title='bbox 1635 2809 1663 2833; x_wconf 84' lang='lat' dir='ltr'><strong>et</strong></span> <span class='ocrx_word' id='word_1_907' title='bbox 1677 2806 1770 2833; x_wconf 88' lang='lat' dir='ltr'><strong>literas</strong></span> <span class='ocrx_word' id='word_1_908' title='bbox 1782 2809 1809 2833; x_wconf 88' lang='lat' dir='ltr'><strong>et</strong></span> <span class='ocrx_word' id='word_1_909' title='bbox 1822 2804 1874 2832; x_wconf 78' lang='lat' dir='ltr'><strong>nti-</strong></span> 
     </span>
    </p>
   </div>
   <div class='ocr_carea' id='block_1_117' title="bbox 1082 2849 1875 2887">
    <p class='ocr_par' dir='ltr' id='par_1_117' title="bbox 1082 2849 1875 2887">
     <span class='ocr_line' id='line_1_117' title="bbox 1082 2849 1875 2887; baseline -0.005 -7"><span class='ocrx_word' id='word_1_910' title='bbox 1082 2853 1273 2881; x_wconf 82' lang='lat' dir='ltr'><strong>nistrationem</strong></span> <span class='ocrx_word' id='word_1_911' title='bbox 1288 2853 1394 2886; x_wconf 87' lang='lat' dir='ltr'><strong>mortis,</strong></span> <span class='ocrx_word' id='word_1_912' title='bbox 1410 2852 1565 2887; x_wconf 83' lang='lat' dir='ltr'><strong>addensque</strong></span> <span class='ocrx_word' id='word_1_913' title='bbox 1586 2853 1728 2887; x_wconf 65' lang='lat' dir='ltr'><strong>prmierca,</strong></span> <span class='ocrx_word' id='word_1_914' title='bbox 1743 2849 1813 2885; x_wconf 88' lang='lat' dir='ltr'><strong>quod</strong></span> <span class='ocrx_word' id='word_1_915' title='bbox 1827 2849 1875 2877; x_wconf 85' lang='lat' dir='ltr'><strong>do-</strong></span> 
     </span>
    </p>
   </div>
  </div>
