2026 3119
164 97 217 125 H5

165 156 278 181 formata
291 157 370 189 atque
386 153 534 188 impressa?
561 151 628 179 llinc
646 151 718 178 enim
740 150 775 177 nil
797 149 869 177 aliud
884 148 955 176 desi-

166 205 247 234 gnat,
265 208 344 234 quam
359 198 430 234 quod
453 198 495 225 lex
518 198 545 223 in
567 204 619 223 uno
634 196 694 223 loco
708 195 796 222 deﬁxa
812 199 880 226 erat,
901 201 955 221 non

165 244 391 279 quemadmodum
411 243 529 277 Spiritus,
545 243 590 276 qui
606 241 703 275 ubique
716 240 819 271 aderat,
833 240 886 266 vim
899 247 957 266 ma-

165 299 246 325 gnam
258 291 362 317 cunctis
374 289 507 323 inspirans
522 297 529 314 :
544 287 585 314 vel
605 291 680 314 certe
694 286 745 313 hoc
764 286 872 318 indicat,
885 285 954 319 quod

167 338 250 363 lilct‘aa
273 337 359 362 mittas
382 335 479 361 multas
501 333 638 365 efﬂabant,
655 336 682 359 et
702 332 811 366 quidem
824 330 955 366 ejusmodi

166 381 252 409 minas
264 389 323 416 quae
333 380 416 407 deleri
430 387 480 406 non
495 382 616 414 possent,
628 377 673 405 sed
689 385 795 412 semper
805 380 954 408 ntanerent,

165 433 260 463 utpote
282 427 356 454 saxis
380 426 530 460 insculpta).
556 424 658 452 Deinde
672 425 764 455 etiarn,
779 423 841 450 dum
865 427 955 449 vetera

125 470 134 511 ξ
166 473 290 501 laudibus
312 472 408 499 ell'erre
430 472 544 503 \idetnr,
560 479 652 497 rursus
677 470 828 496 .lnd:corum
844 476 956 496 accusa-

122 515 129 524 “
165 520 263 546 tionem
276 519 355 545 simul
371 518 508 551 inspergit.
522 518 586 544 Cutu
602 517 671 543 enim
682 517 805 548 dixisset,
821 515 852 541 in
865 515 953 547 literis,

122 559 124 561 I
164 566 308 600 deformata
321 565 348 592 in
369 565 506 599 (apii/ibus,
522 564 569 599 fuit
585 564 610 589 in
631 563 734 597 gloria;
750 562 897 597 subjunxil,
914 560 956 587 Ita

164 616 192 637 ut
211 619 261 637 non
275 615 376 645 possent
399 610 446 644 filii
466 609 547 636 Israel
561 609 689 635 intendere
704 609 729 634 in
745 608 838 643 facient
859 606 954 641 Moysi.

164 657 240 690 Quod
255 657 363 692 quidem
381 664 502 690 magnam
525 663 616 682 eorum
634 654 841 681 imbecillitatem
857 652 955 678 animi-
983 691 985 694 ν

163 711 216 737 que
230 702 263 730 ad
280 711 323 730 res
349 707 471 730 terrenas
495 701 703 736 propensionem
727 698 890 726 declarabat.
917 697 956 724 Ac

163 756 259 775 rursus
273 747 349 781 dicit,
365 740 429 779 non,
447 747 559 781 Propter
585 745 732 773 tabularuut
755 743 879 779 gloriam,
896 742 953 774 sed,

163 794 276 828 Propter
295 794 405 829 gloriam
420 794 503 820 vultus
515 794 578 828 ejus,
591 800 648 827 qua:
670 796 813 818 evacuatur.
833 788 956 816 Ostendit

161 840 233 867 enim
246 848 319 873 eum,
333 841 378 875 qui
394 840 497 867 tabulas
513 839 627 870 ferebat,
644 838 728 873 gloria
745 836 826 868 allici,
841 844 893 863 non
905 843 954 862 au-

163 890 219 913 tem
234 886 304 913 illas.
321 886 379 914 Non
394 887 465 913 enim
477 885 554 917 dixit,
569 884 637 918 Quia
662 887 850 918 nonpossent
865 882 954 908 inten-

162 931 228 959 dere
252 931 279 958 iu
302 931 419 963 tabulas,
432 931 490 963 scd,
507 929 539 956 In
559 930 658 956 vultum
683 929 801 963 Moysis:
818 935 848 954 ac
862 934 954 953 rursus

160 984 215 1003 non
231 976 308 1008 dixit,
323 976 437 1014 Propter
449 976 562 1011 gloriam
580 975 741 1005 tabularum,
763 973 822 1007 sed,
845 973 954 1006 Propter

160 1022 270 1057 gloriam
284 1022 367 1049 vultus
382 1023 474 1056 ipsius.
496 1021 597 1048 Deinde
622 1026 762 1055 postquam
775 1027 833 1046 eam
847 1019 952 1048 extulit,

159 1067 220 1094 vide
228 1075 280 1102 quo
292 1072 368 1103 pacto
376 1075 435 1094 eam
446 1075 539 1094 rursus
547 1066 763 1101 dejieiatdiceus,
773 1065 835 1098 Qua:
846 1072 954 1091 eranta-

159 1117 216 1139 tur:
226 1120 387 1148 quamquam
400 1113 451 1140 hoc
463 1111 642 1139 accusationis
656 1111 786 1137 rationem
797 1118 850 1137 nou
862 1109 952 1141 habet,

159 1158 208 1185 sed
223 1158 431 1185 extenuationis.
443 1158 501 1185 Non
511 1158 582 1185 enim
594 1156 673 1187 dixit,
687 1157 751 1189 Quae
762 1160 886 1189 corrupta
899 1159 951 1187 est,

160 1207 217 1235 aut,
232 1203 297 1237 Qum
320 1203 390 1230 mala
401 1209 462 1236 est;
483 1204 541 1235 sed,
555 1203 619 1236 Quae
640 1202 747 1234 desinit,
768 1208 798 1228 ac
815 1201 894 1227 linem
909 1208 953 1226 ac-

158 1249 233 1282 cipit.
251 1248 383 1281 Quomodo
403 1257 453 1276 non
468 1249 550 1284 magis
566 1248 716 1275 ministratio
739 1247 845 1281 spiritus
860 1247 905 1273 erit
926 1246 952 1272 ίιι

160 1293 263 1327 gloria?
290 1293 395 1321 Fidenli
411 1290 483 1321 enim
506 1294 596 1320 animo
618 1294 672 1327 jam
696 1292 762 1319 Novi
787 1291 952 1319 Testamenti

159 1339 316 1373 dignitatem
337 1339 447 1373 attollit,
465 1343 495 1367 ut
507 1339 595 1367 omnis
610 1339 784 1365 dubitationis
798 1341 948 1372 expertem.

159 1387 199 1413 Ac
214 1385 275 1413 vide
286 1386 349 1420 quid
364 1387 418 1421 agit
431 1395 436 1413 :
454 1387 580 1421 opposuit
597 1386 711 1421 lapidem
722 1385 809 1418 cordi,
819 1390 845 1412 et
857 1385 950 1412 literas

159 1432 276 1466 spiritui.
299 1432 400 1460 Deinde
414 1440 475 1460 cum
492 1441 523 1460 ea
544 1441 603 1467 qua:
625 1441 657 1459 ex
681 1432 802 1466 utrisque
820 1432 953 1458 orirentur

157 1477 314 1509 indicasset,
330 1486 384 1505 non
399 1478 452 1512 jant
469 1487 529 1514 qua:
543 1487 575 1506 ex
587 1479 708 1512 utrisque
724 1478 777 1504 sint
792 1477 884 1513 ponit;
905 1476 952 1504 sed

158 1528 251 1556 postea
265 1530 345 1558 quam
357 1523 383 1550 id
395 1524 466 1558 quod
486 1531 499 1550 a
520 1524 595 1550 litera
610 1529 698 1550 ortum
714 1523 794 1550 habet
808 1523 949 1557 expressit,

158 1575 256 1602 nempe
269 1573 383 1595 mortem
395 1573 422 1596 ct
433 1569 696 1599 condemnationem,
710 1569 734 1595 id
747 1568 817 1603 quod
829 1576 843 1595 a
857 1568 951 1602 spiritu

157 1613 349 1648 proﬁciscitur,
366 1621 419 1641 non
445 1615 509 1641 item
532 1615 669 1649 exprimit,
685 1614 735 1641 hoc
752 1619 804 1647 est,
820 1614 901 1640 vitam
925 1617 951 1640 et

155 1659 298 1694 justitiam,
313 1660 361 1688 sed
375 1661 462 1695 ipsum
477 1661 600 1695 spiritum
615 1671 621 1688 :
639 1661 709 1695 quod
724 1661 831 1695 quidem
846 1667 950 1687 sermo-

158 1713 220 1732 nem
241 1706 431 1741 amplilicabat.
447 1706 551 1734 Novum
577 1707 647 1733 enim
673 1707 873 1734 Testamentum
896 1714 949 1732 non

157 1750 240 1778 vitam
255 1753 341 1779 solam
363 1752 452 1785 dabat,
468 1752 514 1779 sed
529 1753 609 1779 etiam
633 1753 766 1787 spiritmn,
784 1760 799 1779 a
822 1760 875 1787 quo
897 1752 949 1778 vita

157 1798 329 1832 atterebatur,
346 1799 568 1826 subministrabat
584 1808 591 1825 :
607 1799 678 1833 quod
694 1801 747 1826 vita
765 1799 848 1825 multo
864 1798 949 1833 majus

157 1848 226 1872 erat.
242 1843 307 1872 Ideo
321 1844 399 1877 dixit,
414 1844 573 1871 Ministratio
596 1845 711 1879 spiritus.
730 1846 768 1871 Ac
783 1849 874 1878 postea
891 1852 949 1870 rur-

156 1897 202 1916 sus
217 1889 338 1917 eamdem
354 1898 413 1917 rem
429 1890 552 1922 inculcat,
569 1889 681 1917 dicens:
702 1890 730 1917 9.
753 1888 824 1915 Nam
837 1889 858 1915 si
874 1889 948 1916 mini-

157 1936 246 1962 stratio
259 1936 441 1970 damnationis,
453 1937 547 1972 gloria.
705 1945 708 1948 ν

192 1983 220 2009 2.
236 1983 274 2010 Ac
285 1982 428 2010 dilucidius
442 1983 553 2018 exponit
566 1983 692 2018 quidnam
709 1982 751 2010 his
766 1983 854 2010 verbis
866 1982 949 2017 signi-

157 2029 262 2062 ﬁcetur,
280 2028 365 2056 Litora
387 2029 498 2060 occidit;
521 2029 572 2056 hoc
586 2030 712 2056 videlicet
726 2030 860 2064 inquiens,
877 2028 947 2064 quod

156 2079 220 2102 ante
233 2074 360 2107 diximus,
376 2083 474 2109 nempe
488 2075 573 2110 legem
597 2082 736 2110 peccatum
753 2075 880 2108 indicare,
894 2082 946 2101 non

157 2126 248 2156 autem
261 2121 379 2149 efﬁcere.
395 2122 478 2148 Multo
490 2122 569 2157 magis
584 2122 736 2148 ministratio
744 2122 852 2156 justitite
864 2122 944 2148 abun-

153 2165 199 2192 dat
211 2166 238 2192 in
246 2166 337 2201 gloria.
350 2167 454 2193 Etenim
477 2167 571 2193 tabulae
588 2166 641 2194 illa:
652 2172 808 2201 peccatores
817 2168 944 2195 ostende-

156 2211 231 2243 bant,
245 2219 277 2238 ac
291 2212 423 2246 supplicio
442 2212 617 2240 alliciebant:
636 2212 692 2240 haec
712 2217 801 2240 autem
823 2218 947 2248 peceato-

156 2264 202 2284 res
215 2265 269 2285 non
283 2258 363 2285 modo
378 2266 430 2285 non
446 2258 582 2293 puniebat,
592 2259 639 2286 sed
654 2259 734 2286 etiam
746 2259 834 2294 justos
849 2259 948 2287 efficie-

158 2304 221 2336 bat;
242 2305 391 2339 baptismus
405 2305 476 2332 enim
496 2305 547 2332 hoc
559 2305 731 2340 largiebatur.
750 2306 794 2334 10.
812 2306 871 2333 Non
882 2307 947 2333 enim

158 2350 330 2384 glori/ictuum
353 2355 400 2383 est,
417 2351 484 2385 quod
506 2351 677 2385 glori/iculum
699 2356 734 2378 est
748 2352 775 2378 in
799 2352 845 2379 hac
865 2357 946 2386 parte,

157 2401 261 2430 propter
282 2397 441 2423 excellentem
464 2397 581 2432 gloriam.
605 2397 794 2432 Superioribus
817 2399 907 2425 verbis
922 2398 948 2425 id

156 2442 266 2475 quidem
280 2442 405 2474 ostendit,
420 2442 489 2476 quod
507 2442 556 2470 hoc
570 2451 677 2479 quoque
697 2444 724 2470 in
739 2444 824 2478 gloria
837 2445 881 2475 sit,
898 2452 948 2472 nec

157 2487 314 2521 simpliciter
321 2488 346 2514 in
356 2488 502 2522 gloria,sed
510 2489 580 2523 quod
589 2490 668 2516 etiam
676 2490 792 2516 abundet
802 2498 808 2515 ι
816 2497 868 2516 non
876 2490 947 2516 enim

158 2532 239 2565 dixit,
254 2533 394 2565 Quomodo
408 2542 460 2560 non
475 2535 557 2569 magis
579 2535 740 2562 ministratio
764 2535 873 2569 spiritus
898 2536 950 2563 erit

160 2578 186 2604 in
198 2578 302 2612 gloria?
315 2579 372 2612 sed,
387 2579 505 2606 Abundat
519 2581 544 2606 in
559 2581 641 2615 gloria
654 2588 663 2611 ,'
688 2580 848 2614 supradictis
872 2581 949 2607 nimi-

159 2631 219 2650 rum
239 2625 403 2659 argumentis
427 2625 453 2651 id
469 2625 594 2659 probans.
619 2625 667 2652 Hie
691 2633 754 2652 vero
769 2626 948 2660 praecellentia

159 2678 265 2704 quoque
281 2675 380 2705 quanta
395 2671 439 2703 sit,
457 2671 496 2697 his
512 2671 600 2697 verbis
611 2671 747 2697 ostendit:
763 2671 785 2697 si
801 2670 871 2698 hanc.
883 2679 947 2698 cmn

160 2715 204 2741 illa
221 2722 386 2750 comparem,
405 2724 439 2743 nc
455 2716 538 2750 gloria
554 2715 659 2749 quidem
674 2721 715 2743 est
731 2716 833 2744 Veteris
850 2717 946 2744 Testac

161 2761 243 2788 menti
263 2762 358 2796 gloria.
373 2761 475 2793 Quibus
489 2762 577 2788 verbis
598 2771 650 2789 non
666 2762 716 2790 hoc
728 2763 884 2797 simpliciter
897 2764 946 2790 ad-

161 2808 250 2839 struit,
261 2807 329 2842 quod
342 2807 423 2842 gloria
437 2815 487 2834 non
501 2809 543 2840 sit,
553 2807 599 2835 sed
609 2809 813 2844 comparationis
828 2810 946 2839 ratione:

529 93 556 122 S.
578 92 716 122 JOAN‘NIS
734 91 970 121 CHRYSOSTOMI
991 89 1147 119 ARCHIEP.
1166 90 1430 120 CONSTANTINOP.

1751 89 1804 119 ιιι

1012 148 1082 177 unde
1095 149 1176 176 etiam
1189 149 1338 184 subjunxit,
1353 148 1387 176 1η
1403 150 1449 176 hac
1464 153 1546 184 parte,
1562 148 1613 175 hoc
1625 152 1676 180 est,
1691 149 1715 176 si
1728 156 1805 177 com-

1010 195 1110 228 paratio
1135 194 1271 222 habeatur.
1298 194 1354 222 Nce
1368 199 1455 221 tamen
1477 194 1528 221 hoc
1543 193 1625 220 Vetus
1646 193 1805 221 Testamen-

1013 244 1068 266 tum
1089 239 1213 272 traducit,
1228 240 1275 267 sed
1290 240 1463 267 vehementer
1476 239 1555 265 etiatu
1567 238 1652 274 ipsmn
1666 246 1804 266 commen-

1010 285 1076 312 dat:
1091 286 1191 312 ctenim
1207 286 1423 320 comparationes
1442 285 1476 312 de
1502 285 1582 312 rebus
1607 285 1727 318 cognatis
1747 284 1804 312 ﬁeri

1009 337 1217 359 consueverunt.
1242 331 1300 359 Mox
1326 331 1398 359 aliud
1422 335 1608 366 argumentum
1621 336 1722 363 movet,
1732 331 1803 364 quod

1008 378 1061 404 alia
1076 385 1184 412 quoque
1199 379 1302 404 ratione
1324 377 1505 412 praestantiam
1522 377 1698 403 demonstrat.
1719 375 1804 410 Quale

1010 423 1100 451 istud?
1116 424 1245 451 Nimirum
1262 432 1276 451 a
1294 429 1413 458 tempore
1424 424 1532 450 dicens:
1548 423 1630 450 Η.δί
1644 422 1804 457 autemquod

1009 474 1156 502 evacuatur,
1172 478 1216 504 per
1227 470 1336 503 gloriam
1349 475 1384 496 est
1397 478 1405 501 ,'
1426 469 1506 495 multo
1528 470 1608 503 magis
1628 468 1655 494 id
1667 468 1734 503 quod
1745 476 1803 494 nta-

1010 520 1059 547 net,
1076 520 1113 542 est
1125 516 1151 542 iu
1166 516 1259 551 gloria.
1271 515 1337 543 Illud
1352 515 1423 542 enim
1439 516 1518 541 linem
1533 513 1654 548 accepit;
1677 514 1726 541 hoc
1740 521 1803 548 per-

1009 566 1090 595 petuo
1105 566 1204 589 manet.
1230 562 1274 590 η.
1297 561 1426 588 [iubentes
1439 562 1517 596 igitur
1531 561 1607 588 talem
1620 569 1700 596 spem,
1722 561 1803 587 multa

1008 606 1103 640 fiducia
1117 608 1221 634 utimur.
1234 607 1299 640 Quia
1312 607 1383 634 enim
1397 607 1503 633 auditor
1514 611 1553 633 tot
1562 598 1594 633 ac
1605 611 1675 633 tanta
1686 606 1720 633 de
1729 605 1802 633 Novo

1008 652 1183 681 Testamento
1196 654 1326 686 audierat,
1335 658 1416 688 atque
1428 653 1496 680 hanc
1507 653 1617 688 gloriam
1634 653 1718 679 oculis
1733 652 1799 686 ipsis

1009 705 1139 731 usurpare
1153 699 1289 733 cupiebat,
1305 699 1364 726 vide
1379 707 1495 734 quonam
1512 704 1590 733 pacto
1611 698 1697 733 ipsum
1713 697 1746 724 ad
1763 697 1801 724 l'u-

1009 749 1097 771 tttrmu
1111 753 1196 771 arvum
1213 745 1326 779 rejieiat.
1340 745 1402 772 ideo
1414 752 1489 779 spem
1505 744 1530 771 in
1547 744 1664 771 medium
1679 743 1799 778 protulit,

1007 790 1110 823 dicens,
1130 791 1258 818 Habentes
1276 791 1354 826 igitur
1365 791 1439 818 talem
1450 799 1530 825 spent.
1545 790 1658 823 Qualem
1674 789 1800 816 tandem?

1008 836 1083 869 Quod
1101 836 1230 871 majorem
1251 837 1407 871 dignitatem
1430 844 1509 871 quam
1531 836 1619 863 Moses
1641 834 1800 869 consequuti

1006 889 1110 911 Sllllllls.
1132 889 1185 908 non
1205 886 1305 909 tantum
1321 890 1369 908 nos
1385 882 1509 916 apostoli,
1533 881 1581 908 sed
1603 881 1683 908 etiam
1706 887 1799 908 onlnes

1007 927 1111 955 ﬁdeles.
1128 928 1212 955 Multa
1228 928 1323 963 ﬁducia
1345 929 1450 955 utimur.
1473 927 1551 962 Apud
1573 927 1670 962 quem?
1687 934 1797 961 qumso;

1006 974 1075 1008 apud
1094 975 1187 1007 Deum,
1202 982 1236 1001 an
1257 974 1327 1008 apud
1342 973 1507 1007 discipulos?
1529 972 1606 1006 Apud
1630 979 1687 1002 vos,
1704 971 1798 1005 inquit,

1006 1027 1073 1054 quos
1084 1020 1230 1054 discipulos
1242 1020 1327 1047 habeo
1341 1020 1409 1047 :hoc
1420 1024 1461 1047 est
1473 1027 1481 1046 :
1491 1019 1556 1046 Cum
1567 1019 1690 1045 libertate
1701 1017 1799 1052 ubique

1007 1067 1151 1101 loquimur,
1164 1066 1228 1093 nihil
1243 1067 1419 1099 occultantes,
1432 1066 1496 1093 nihil
1511 1065 1721 1095 dissimulantes,
1732 1064 1797 1091 nihil

1006 1113 1185 1147 suspicantes,
1202 1112 1249 1139 sed
1265 1113 1405 1147 perspicue
1425 1112 1566 1146 loquentes
1580 1119 1587 1136 :
1606 1119 1655 1138 nec
1674 1118 1798 1137 veremur

1007 1165 1040 1184 ne
1054 1158 1194 1185 oculorum
1207 1162 1358 1185 vestrorum
1373 1158 1457 1184 aciem
1475 1157 1694 1191 perstringamus,
1704 1163 1798 1190 quem~

1005 1204 1148 1231 admodum
1165 1205 1252 1231 Moses
1267 1204 1432 1231 Judmorum.
1455 1203 1520 1231 Nam
1533 1203 1604 1238 quod
1621 1203 1689 1230 istud
1706 1202 1797 1229 subiu-

1006 1249 1112 1277 dic.nrit.
1134 1249 1195 1276 audi
1221 1257 1282 1284 qua:
1304 1254 1468 1284 sequuntur;
1494 1249 1547 1275 imo
1571 1256 1634 1275 vero
1657 1247 1796 1275 historiam

1007 1295 1080 1329 prius
1103 1294 1203 1321 referre
1220 1295 1401 1322 necessarium
1416 1299 1476 1322 est:
1493 1302 1554 1321 nam
1570 1301 1592 1320 et
1609 1293 1666 1328 ipse
1680 1301 1738 1320 eam
1754 1301 1797 1320 as-

1006 1339 1081 1367 sidue
1097 1345 1195 1366 versat.
1208 1340 1335 1373 Qumnam
1350 1340 1429 1374 igitur
1444 1345 1485 1366 est
1500 1339 1556 1366 hinc
1572 1338 1705 1365 historia?
1728 1338 1795 1364 Cum

1004 1384 1092 1412 Moses
1114 1386 1231 1420 acceptis
1253 1386 1340 1412 denuo
1368 1386 1465 1412 tabulis
1487 1385 1683 1417 descenderet,
1711 1384 1795 1418 gloria

1004 1431 1126 1465 quaulain
1143 1439 1173 1457 ex
1200 1431 1283 1466 ipsius
1308 1431 1380 1457 vulm
1397 1431 1536 1462 exsiliens,
1553 1430 1621 1457 adeo
1643 1429 1794 1464 cll‘ulgebat,

1005 1481 1034 1502 ut
1049 1476 1132 1503 .lntla-i
1148 1484 1197 1503 nec
1212 1476 1243 1502 ad
1258 1483 1317 1502 eum
1339 1475 1479 1507 accedere,
1496 1483 1545 1502 nec
1558 1483 1618 1502 cum
1633 1482 1666 1502 eo
1679 1473 1794 1508 colloqui

1006 1527 1130 1556 possent,
1147 1530 1284 1557 quousque
1299 1522 1375 1549 faciei
1391 1530 1446 1549 sua:
1470 1523 1590 1549 velamen
1614 1521 1792 1556 imposuisset.

1004 1568 1048 1595 Sic
1061 1570 1131 1595 enim
1149 1569 1174 1595 in
1198 1568 1292 1595 Exodo
1316 1569 1444 1603 scriptum
1462 1573 1504 1595 est
1521 1579 1527 1595 :
1544 1568 1607 1595 Cum
1627 1567 1794 1594 descendisset

1005 1614 1108 1650 Moyses
1122 1615 1153 1642 de
1168 1620 1260 1647 monte,
1276 1615 1338 1657 dum,
1349 1616 1442 1642 tabula:
1463 1619 1533 1641 erant
1547 1615 1573 1641 in
1595 1615 1709 1640 mortibus
1728 1615 1791 1648 ejus.

1006 1660 1039 1688 Et
1051 1661 1183 1696 ignorabat
1196 1662 1264 1696 quod
1274 1662 1432 1696 gloriﬁcatus
1440 1665 1502 1688 esset
1513 1666 1627 1695 aspectus
1639 1661 1711 1695 faciei
1722 1660 1776 1694 ejus
1785 1667 1794 1685 :

1003 1712 1028 1734 et
1042 1708 1176 1733 timuerunt
1192 1708 1397 1742 appropinquare
1409 1708 1440 1733 ei.
1463 1705 1495 1732 Et
1516 1707 1611 1733 vocarit
1624 1714 1666 1732 eos
1681 1705 1791 1740 Moyses,

1003 1759 1026 1781 et
1041 1755 1158 1789 loquutus
1173 1760 1209 1781 est
1230 1754 1264 1781 ad
1278 1763 1329 1781 eos.
1353 1754 1385 1780 Et
1404 1758 1535 1789 postquam
1558 1753 1661 1780 cessarit
1681 1752 1747 1784 loqui
1760 1751 1794 1777 ad

1003 1809 1054 1833 eos,
1068 1801 1188 1836 imposuit
1202 1801 1277 1836 [ὰεὶρὶ
1290 1809 1343 1827 sua:
1357 1801 1480 1826 velatum.
1495 1800 1559 1826 Cum
1573 1804 1656 1825 autem
1666 1798 1791 1833 ingredie-

1003 1848 1078 1874 batur
1097 1854 1124 1874 ut
1143 1847 1287 1882 loqueretur
1309 1856 1393 1874 coram
1414 1847 1534 1878 Domino,
1559 1846 1661 1872 tollebat
1682 1846 1791 1872 velamen

1000 1902 1131 1929 quousque
1147 1894 1306 1929 egrederetur
1326 1893 1335 1929 (
1350 1893 1434 1920 Exod.
1448 1894 1490 1921 54.
1503 1892 1537 1920 39
1548 1908 1560 1913 -
1570 1891 1633 1927 54).
1649 1891 1733 1926 Hujus
1753 1891 1792 1917 lti-

999 1940 1089 1966 storiaa
1105 1941 1267 1966 mentionem
1285 1939 1384 1966 faciens
1400 1939 1436 1965 ait
1451 1947 1456 1965 :
1473 1939 1516 1965 15.
1534 1937 1565 1964 ΕΙ
1578 1946 1627 1964 ηοη
1643 1937 1707 1963 sicut
1719 1936 1792 1971 Moy-

1000 1993 1039 2011 ses
1056 1985 1162 2020 ponebat
1176 1985 1287 2011 velamen
1301 1992 1377 2019 super
1397 1984 1486 2019 facient
1501 1992 1584 2015 suam,
1601 1987 1627 2009 ut
1646 1991 1695 2009 non
1711 1983 1792 2008 inten-

1002 2031 1089 2058 derent
1110 2032 1157 2065 filii
1171 2031 1254 2058 Israel
1267 2032 1292 2058 in
1305 2032 1395 2067 faciem
1410 2031 1465 2066 ejus
1476 2031 1543 2062 quod
1555 2035 1701 2057 evacuatur.
1716 2028 1791 2063 Quod

1000 2082 1089 2104 autem
1103 2077 1178 2109 dicit,
1195 2082 1236 2104 est
1251 2078 1381 2112 ejusmodi
1399 2086 1405 2104 :
1421 2077 1490 2104 Nihil
1505 2084 1614 2104 necesse
1629 2080 1680 2107 cst,
1697 2080 1725 2102 ut
1737 2075 1792 2101 Mo-

1000 2123 1038 2150 sis
1054 2124 1138 2150 instar
1150 2124 1273 2158 nosipsos
1287 2124 1441 2151 obvelemus
1458 2134 1463 2151 :
1479 2124 1590 2158 potestis
1604 2123 1675 2150 enim
1698 2122 1747 2156 ipsi
1765 2122 1790 2148 in

1000 2169 1111 2203 gloriam
1129 2169 1266 2204 hane,qua
1280 2169 1359 2196 cincti
1370 2174 1396 2196 et
1407 2169 1492 2196 ornati
1505 2177 1607 2200 sutnus,
1620 2168 1728 2198 intueri,
1740 2168 1791 2195 etsi

1001 2214 1085 2241 multo
1100 2214 1184 2249 major
1204 2222 1234 2241 ac
1252 2214 1416 2248 splendidior
1430 2218 1471 2241 est
1487 2222 1564 2248 quant
1579 2214 1622 2240 illa
1639 2213 1730 2241 Mosis.
1747 2213 1792 2240 Vi-

999 2261 1083 2288 desne
1096 2267 1222 2296 quaututn
1243 2262 1279 2289 illi
1308 2262 1489 2296 profecerim?
1513 2262 1576 2289 Nam
1591 2262 1634 2297 qui
1655 2262 1681 2289 in
1701 2262 1792 2296 priore

1001 2307 1114 2341 epistola
1132 2307 1248 2339 dicebat,
1272 2307 1324 2334 Lac
1338 2308 1406 2334 vobis
1432 2312 1517 2342 potum
1542 2308 1610 2339 dedi,
1636 2315 1687 2333 non
1710 2307 1792 2332 cibum

1000 2352 1038 2386 (Ι.
1062 2352 1121 2379 Cor.
1146 2352 1172 2379 5.
1199 2353 1239 2387 2),
1261 2352 1304 2380 hic
1322 2354 1381 2380 ait:
1401 2352 1481 2378 Multa
1504 2352 1598 2386 ﬁducia
1622 2352 1717 2378 utimur
1731 2360 1740 2377 :
1762 2359 1792 2378 ac

1000 2397 1100 2424 Mosem
1119 2397 1145 2424 in
1160 2398 1277 2424 medium
1293 2397 1426 2432 producit,
1440 2405 1646 2431 sermonemque
1659 2404 1706 2431 per
1720 2404 1793 2424 com-

999 2441 1165 2477 parationem
1191 2444 1324 2478 provehit,
1342 2448 1370 2470 ut
1389 2444 1438 2471 hac
1452 2451 1558 2478 quoque
1573 2445 1675 2470 ratione
1688 2443 1793 2470 audito-

1001 2497 1057 2515 rem
1074 2489 1100 2516 in
1126 2490 1209 2516 altum
1234 2489 1375 2516 subducat.
1398 2490 1435 2516 Ac
1460 2490 1573 2523 primum
1596 2488 1697 2516 Judaeis
1720 2489 1792 2523 ipsos

1000 2536 1250 2570 anteponitdicens,
1260 2536 1316 2563 Non
1327 2544 1393 2570 opus
1406 2536 1535 2563 habemus
1547 2535 1688 2567 velamine,
1700 2543 1793 2569 quem—

1000 2582 1144 2609 admodum
1169 2583 1212 2609 ille
1237 2583 1306 2617 aputl
1322 2590 1380 2615 eos,
1398 2583 1494 2617 quibus
1519 2588 1651 2617 przeerat:
1668 2590 1728 2616 quin
1750 2589 1792 2608 sc-

1001 2633 1118 2662 qmtntur
1133 2633 1223 2654 autent
1238 2628 1270 2655 ad
1294 2628 1454 2663 legislatoris
1468 2628 1623 2662 dignitatem
1640 2627 1751 2658 durunt,
1768 2630 1794 2653 et

1000 2673 1087 2700 multo
1112 2673 1213 2707 majora
1241 2678 1312 2700 sunt.
1340 2673 1449 2700 Interim
1475 2678 1574 2710 autem,
1588 2680 1647 2706 quae
1666 2671 1792 2704 deinceps

1001 2724 1162 2753 sequuntur,
1179 2718 1330 2745 audiamus.
1348 2719 1392 2745 M.
1408 2718 1460 2745 Sed
1474 2718 1555 2744 obtusi
1576 2722 1634 2744 sunt
1651 2725 1737 2743 sensus
1752 2725 1793 2743 eo-

1000 2773 1068 2791 rum.
1086 2764 1170 2798 Usque
1193 2765 1219 2790 in
1233 2764 1382 2791 hodiernum
1396 2765 1462 2790 enim
1476 2764 1542 2796 diem
1559 2763 1668 2797 itlipsum
1681 2763 1792 2789 velamen

1002 2811 1027 2838 in
1043 2810 1149 2837 lcctionc
1168 2809 1263 2837 l’etcris
1289 2809 1439 2837 Textautcnti
1465 2813 1547 2836 manet
1571 2817 1620 2836 non
1645 2808 1792 2841 revelatum,
