2026 3119
178 139 229 167 “5

177 197 297 233 quoniam
307 196 334 223 in
347 195 447 222 Christo
459 192 681 222 coacuatur.Vide
689 192 751 227 qttid
762 200 808 226 per
821 192 877 218 haec
891 190 971 218 verba

178 245 310 272 ads-treat.
324 242 390 271 Nam
404 241 475 276 quod
492 246 547 269 tum
563 240 647 268 semel
662 240 688 266 in
702 239 776 266 Mose
788 238 910 273 contigit,
919 237 970 264 hoc

179 295 309 326 perpetuo
336 289 363 317 in
388 292 447 324 lege
467 287 607 322 contingit.
630 285 685 314 Nec
711 290 800 313 tamen
817 285 859 311 his
881 283 970 311 verbis

180 338 264 373 legem
285 336 455 368 criminatur,
471 332 697 369 quemadmodum
724 339 774 359 nec
796 331 898 358 Mosem
914 334 968 356 tttm

177 391 237 411 sese
244 380 480 412 obvelantem,sed
490 379 643 407 Judaaorum
653 377 804 406 vecordiam
819 386 825 404 :
839 377 883 403 illa
894 376 966 403 enim

178 435 252 455 suam
263 427 377 463 gloriam
394 426 490 457 habet;
500 429 527 452 at
538 424 582 452 isti
594 431 653 450 eam
667 423 764 450 intueri
778 422 967 456 nequiverunt.

177 474 246 508 Quid
260 474 341 508 igitur
362 472 458 500 mirum
478 471 554 498 vobis
566 475 618 502 est,
635 470 731 505 inquit,
746 470 767 496 si
782 469 852 495 hanc
874 468 968 503 gratim

178 520 292 555 gloriam
305 525 418 545 cernere
432 520 577 551 nequeant,
587 523 648 543 cum
660 515 790 542 minorem
801 514 873 540 illam
886 512 968 540 Musis

180 572 230 592 non
247 562 445 599 perspexerint,
460 568 511 589 nec
533 561 606 588 illius
619 560 721 587 vultum
744 558 850 586 obtueri
874 563 968 592 potue-

178 611 250 639 rint?
265 610 329 645 quid
345 608 502 641 turbamini,
517 607 540 634 si
555 606 639 634 Judtei
650 605 759 633 Christo
770 612 823 631 non
844 603 966 636 credant,

177 664 236 684 cum
251 663 286 683 ne
301 655 354 690 legi
373 653 481 689 quidem
503 651 634 680 credant?
654 650 720 678 Nam
743 649 778 676 ob
804 649 830 676 id
854 649 966 683 gratiam

175 701 257 729 etiam
278 700 445 734 ignorarunt,
457 698 582 732 quoniatn
604 704 638 724 ne
652 696 733 723 Vetus
749 695 857 726 quidem
874 694 968 721 Testa-

173 748 297 770 mentum
313 750 364 769 nec
381 742 467 777 ipsius
483 741 597 776 gloriam
612 743 812 775 cognoverunt;
827 739 962 775 siquidem

172 790 243 824 legis
257 789 343 825 gloria
360 788 385 814 in
403 788 456 814 hoc
470 787 522 815 sita
537 791 590 819 est,
610 786 683 820 quod
701 786 734 813 ad
749 785 886 813 Christum
901 786 964 812 ani-

175 842 237 862 mos
250 842 302 861 που
307 838 403 860 vertat.

211 881 238 917 ὗε
250 879 332 907 Vides
343 884 372 906 ut
389 879 453 906 hinc
469 885 577 913 quoque
585 876 741 904 Judatorum
752 875 852 904 fastum
870 880 965 904 retun-

175 927 239 954 tlat?
250 925 355 952 Etenim
368 925 439 952 unde
450 924 488 951 illi
501 923 688 958 praestantiore
698 922 854 949 conditione
863 930 893 950 se
902 929 964 950 esse

175 971 379 1003 existimabant,
388 977 483 1004 nempe
490 968 563 1003 quod
571 967 652 994 Musis
659 967 743 994 facies
751 966 883 1001 fulgorem
890 966 966 993 cmit-

176 1024 257 1051 teret,
271 1018 334 1044 hinc
340 1025 434 1044 eorum
446 1015 598 1043 crassitiem
608 1019 636 1041 et
643 1014 822 1048 abjectionem
833 1012 965 1040 ostendit.

175 1064 216 1092 Nc
225 1072 291 1100 ergo
301 1064 353 1091 hoc
362 1064 472 1091 nomine
481 1062 518 1090 illi
528 1062 681 1097 glorientur
693 1069 699 1088 :
712 1060 776 1095 quid
787 1060 859 1088 enim
869 1060 922 1087 hoc
932 1059 966 1086 ad

177 1109 286 1138 Judaeos
301 1109 347 1145 qui
364 1109 416 1137 t'rui
431 1116 485 1136 non
497 1107 667 1143 potuerunt?
686 1106 859 1134 Unde-etiam
878 1105 906 1133 id
922 1112 968 1132 as-

173 1155 248 1183 sidue
275 1155 410 1187 inculcat,
431 1161 502 1181 ttunc
526 1153 651 1180 videlicet
677 1153 762 1187 ipsum
790 1152 909 1179 velamen
937 1152 963 1179 itt

177 1202 279 1229 Veteris
299 1201 464 1228 Testamenti
487 1200 601 1227 lectione
619 1206 673 1227 non
692 1199 839 1227 revelatum
855 1206 964 1226 ntanere

173 1248 282 1280 dicens,
296 1248 357 1282 quia
381 1247 407 1273 in
424 1244 531 1273 Christo
548 1250 707 1278 evacuetur;
730 1252 801 1273 nunc
812 1266 820 1279 ,
837 1253 921 1281 usque
936 1246 962 1273 in

173 1293 330 1321 hodiernum
340 1292 423 1325 diem,
433 1300 485 1327 quo
496 1296 614 1326 tempore
627 1291 722 1326 legitur
732 1291 830 1323 Moses,
839 1291 865 1318 id
876 1291 963 1326 ipsum

173 1340 293 1367 velamen
314 1340 340 1366 in
361 1339 479 1373 ipsorum
494 1337 575 1365 corde
596 1338 710 1372 positum
725 1345 803 1370 esse;
819 1345 850 1365 ac
865 1343 920 1364 tum
935 1337 962 1365 in

150 1396 153 1399 κ
171 1386 286 1414 lectione
296 1405 304 1419 ,
319 1391 375 1412 tum
393 1385 419 1412 in
434 1391 527 1411 eorum
542 1383 623 1411 corde
638 1383 738 1418 imponi
756 1383 859 1410 dicens.
874 1382 961 1418 Supe-

171 1432 227 1459 rius
237 1439 303 1459 vero
315 1431 419 1458 dixerat
432 1439 440 1458 ;
457 1429 490 1457 Ut
502 1429 630 1456 intendere
642 1437 691 1455 non
706 1434 805 1464 possent
818 1429 867 1462 ﬁlii
879 1428 962 1456 Israel

171 1479 198 1505 in
212 1478 302 1514 facient
321 1477 347 1503 Μ
351 1477 401 1504 osis
410 1497 418 1509 ,
433 1480 536 1512 propter
548 1476 655 1511 gloriam
667 1475 751 1502 vultus
766 1476 821 1510 ejus
832 1483 889 1510 quae
902 1483 961 1502 eua-

171 1530 260 1552 cuatur
272 1532 281 1551 :
295 1531 348 1559 quo
364 1523 428 1558 quid
442 1522 571 1557 abjeclius
586 1522 648 1557 litigi
663 1522 766 1556 possit?
780 1529 840 1548 cum
855 1529 889 1548 ne
903 1521 961 1555 ejus

170 1571 277 1606 quidem
300 1569 413 1605 gloriae,
433 1576 492 1604 quae
513 1568 646 1595 evanescit
658 1588 665 1599 .
684 1568 737 1594 imo
757 1567 778 1594 si
798 1574 860 1594 cum
879 1567 960 1594 altera

170 1616 334 1649 conferatur,
351 1615 421 1642 nulla
441 1618 484 1642 est
496 1618 660 1648 spectatores
673 1621 733 1640 esse
746 1618 853 1647 queant.
869 1614 915 1640 scd
927 1613 961 1639 ab

171 1663 277 1696 ipsisea
291 1662 448 1696 obtegatur,
465 1664 494 1687 ut
515 1668 568 1686 non
593 1659 732 1686 intendant
752 1659 781 1686 in
803 1659 880 1686 liuent
903 1660 961 1693 ejus

170 1707 241 1742 quod
253 1712 397 1734 evacuatur
408 1727 415 1739 ,
432 1706 482 1733 hoc
493 1705 572 1733 estin
588 1705 684 1740 legem,
700 1713 760 1739 qna:
775 1705 854 1732 linem
871 1705 959 1732 habet.

170 1753 224 1779 Sed
235 1752 317 1779 obtusi
329 1756 386 1778 sunt
399 1759 486 1778 sensus
500 1759 595 1777 eorum.
608 1750 642 1777 Et
653 1751 715 1785 quid
730 1751 790 1783 hoc,
803 1750 901 1777 dixerit
912 1751 961 1777 ali-

171 1800 240 1832 quis,
251 1798 285 1825 ad
301 1798 423 1826 velamen
437 1797 520 1824 illud?
531 1797 661 1830 Quoniam
673 1797 760 1824 futura
772 1798 960 1832 prmsignabat.

171 1845 261 1879 Neque
275 1844 345 1871 enim
361 1849 422 1871 tunc
435 1848 536 1871 tantum
553 1851 605 1870 non
621 1843 763 1876 viderunt,
781 1844 828 1871 sed
843 1852 877 1871 ne
891 1852 961 1872 nunc

169 1890 276 1925 quidem
291 1890 376 1925 legem
393 1889 495 1917 vident.
513 1890 569 1916 lloc
580 1894 670 1917 autem
692 1890 809 1924 ipsorum
828 1891 892 1917 vitio
906 1890 934 1917 fit
952 1900 959 1918 :

169 1936 276 1964 obtusio
286 1937 356 1964 enim
368 1936 465 1963 utentis
476 1943 612 1970 stuporem
625 1944 657 1963 ac
668 1937 819 1964 vecordiam
830 1937 958 1965 declarat.

170 1981 262 2016 Itaque
281 1989 330 2009 nos
352 1989 463 2014 sumus,
488 1981 532 2017 qui
553 1982 638 2017 legem
657 1982 790 2017 cognitam
807 1983 935 2010 habemus
952 1993 958 2010 :

170 2035 231 2054 nam
246 2027 298 2054 illis
318 2035 370 2054 non
387 2027 467 2055 modo
481 2027 564 2062 gratia
575 2048 583 2060 ,
599 2028 646 2055 sed
663 2027 719 2062 ipsa
734 2035 840 2063 quoque
854 2029 896 2056 lcx
910 2029 960 2056 ob.

170 2072 291 2100 umbrata
304 2078 356 2100 est.
373 2072 459 2108 Usque
477 2073 505 2100 in
525 2073 674 2099 hodiernum
689 2074 754 2100 enim
769 2073 835 2100 diem
849 2074 960 2108 itlipsunt

169 2119 281 2146 uelanten
294 2120 321 2145 in
336 2120 440 2146 lectione
459 2118 554 2146 Veteris
573 2118 726 2146 Testamenli
739 2124 840 2153 manet,
857 2121 942 2155 inquit
952 2142 958 2153 ,

169 2172 220 2191 non
233 2164 377 2196 revelatum,
393 2164 452 2198 quia
465 2164 491 2190 in
506 2163 605 2191 Christo
622 2169 766 2191 evacuatur.
780 2165 855 2197 Quod
870 2170 960 2193 autem

168 2211 222 2243 ait,
240 2210 310 2237 hanc
323 2210 483 2238 sententiam
499 2209 578 2237 habet
594 2219 601 2236 :
620 2210 675 2237 lloc
688 2210 773 2244 ipsum
788 2218 900 2238 cernere
913 2219 960 2238 ne-

169 2260 287 2291 queunt,
301 2263 360 2283 eam
377 2255 457 2283 ﬁnem
471 2256 607 2291 accepisse
617 2276 624 2287 ,
639 2256 701 2290 quia
713 2255 821 2283 Christo
835 2264 888 2284 non
901 2264 961 2284 cre-

168 2303 246 2330 duttt.
261 2302 367 2330 Etenim
381 2302 403 2330 si
419 2310 467 2338 per
481 2301 616 2330 Christum
631 2302 709 2330 finem
722 2304 835 2338 accepit,
851 2309 881 2331 ut
896 2311 960 2332 vere

168 2348 288 2383 accepit,
301 2348 382 2382 idque
395 2348 477 2375 etiam
490 2348 532 2375 lex
546 2352 609 2376 ante
623 2348 691 2375 dixit
704 2357 711 2376 :
724 2349 768 2384 qui
784 2349 842 2377 fleri
860 2355 959 2384 queat,

169 2399 198 2420 ut
210 2393 255 2429 qui
269 2393 406 2421 Christum
416 2414 424 2426 ,
438 2401 453 2420 a
468 2401 522 2428 quo
540 2394 582 2421 lex
600 2394 736 2428 antiquata
751 2399 809 2428 est,
823 2403 876 2423 non
890 2396 959 2423 reci-

170 2440 265 2472 piunt,
287 2439 374 2474 legem
398 2439 482 2474 ipsam
506 2440 669 2474 antiquatam
693 2447 755 2468 esse
778 2441 960 2475 perspiciunt?

170 2484 254 2512 Porro
266 2485 311 2520 qui
326 2485 377 2512 hoc
391 2485 544 2519 perspicere
559 2490 704 2520 nequeunt,
722 2487 808 2520 palam
828 2494 893 2514 sane
908 2492 959 2521 est,

169 2530 239 2565 quod
260 2531 345 2565 ipsius
359 2532 438 2558 etiam
454 2531 518 2566 legis
535 2539 594 2565 quze
614 2530 671 2558 haec
685 2531 748 2558 dicit
765 2533 817 2558 vim
833 2540 864 2559 ac
880 2532 961 2560 robur

169 2577 335 2611 gloriamque
349 2577 499 2604 universam
515 2577 644 2612 ignorent.
662 2580 696 2604 At
709 2578 815 2605 ubinam
829 2579 905 2611 dixit,
921 2580 961 2607 in-

169 2622 262 2656 quies,
277 2622 318 2649 lex
334 2630 363 2649 se
385 2622 410 2649 in
426 2622 534 2650 Christo
553 2623 674 2650 aboleri?
691 2623 749 2650 Non
772 2624 858 2652 solum
874 2624 959 2658 dixit,

169 2667 215 2694 sed
235 2667 318 2694 etiam
341 2675 388 2702 per
409 2675 453 2695 res
474 2669 547 2703 ipsas
566 2669 759 2697 demonstravit
775 2679 780 2696 :
796 2677 828 2697 ac
848 2671 960 2705 primum

168 2713 277 2748 quidem
291 2713 361 2748 quod
375 2714 507 2742 sacriﬁcia
520 2719 548 2742 et
561 2715 797 2744 sanetilicationem
812 2723 919 2744 omnem
934 2717 960 2743 in

169 2766 223 2785 uno
237 2758 313 2792 loco,
328 2759 380 2787 hoc
391 2764 433 2787 est
446 2759 474 2787 in
490 2761 603 2796 templo,
616 2761 776 2790 concluserit
786 2782 794 2794 ,
812 2767 892 2798 atque
911 2763 962 2791 hoc

168 2804 258 2839 ipsum
271 2805 400 2841 templum
416 2812 508 2841 postea
523 2807 686 2835 destructum
701 2809 746 2836 sit.
761 2809 816 2836 Nisi
830 2809 901 2836 enim
916 2816 960 2837 sa-

170 2851 271 2880 criﬁcia
283 2857 312 2881 et
325 2853 410 2888 legem
425 2861 532 2882 omnem
546 2854 580 2883 de
595 2855 636 2881 his
656 2855 802 2883 institutam
818 2856 898 2883 Illlem
914 2855 961 2883 ha-

711 134 746 163 IN
764 134 871 162 EPIST.
892 133 913 161 Il
947 133 992 160 AD
1010 132 1087 161 COR.
1110 133 1224 163 IIOMIL.
1244 133 1300 162 VII.

1764 139 1816 168 “6

1025 190 1090 218 bere
1101 191 1240 224 voluisset,
1251 191 1365 219 duorum
1375 191 1488 219 alterum
1502 191 1618 224 fecisset.
1630 197 1677 220 aut
1687 194 1814 230 templum

1024 245 1077 263 non
1095 237 1266 270 sustulisset,
1281 242 1324 264 aut
1335 258 1345 272 ,
1365 238 1387 264 si
1408 238 1578 272 sustulisset,
1594 240 1721 267 sacrificia
1741 247 1814 269 certe

1022 282 1081 310 aliis
1097 282 1123 309 in
1141 283 1206 309 locis
1222 283 1278 310 ﬁeri
1294 290 1346 310 non
1361 283 1550 317 prohibuisset.
1568 284 1643 312 Nunc
1655 293 1737 316 vero.
1752 293 1813 314 cum

1022 327 1147 355 universo
1158 333 1287 356 terrarum
1299 329 1356 357 orbi
1371 334 1397 356 et
1413 329 1461 364 ipsi
1475 337 1583 365 quoque
1595 331 1743 358 Jerusalem
1755 331 1813 359 adi~

1022 377 1077 400 tum
1097 373 1130 400 ad
1149 373 1300 408 huiusmodi
1324 375 1453 402 sacrificio
1476 377 1639 410 praeluserit
1651 397 1658 408 ,
1673 378 1814 411 solumque

1022 420 1148 454 templum
1173 420 1238 454 ipsis
1261 421 1414 454 permiserit
1433 426 1460 448 et
1484 421 1641 456 assignarit,
1661 427 1740 457 atque
1762 422 1814 450 hoc

1020 465 1107 500 ipsum
1123 470 1213 500 postea
1227 465 1365 493 sustulerit
1378 475 1385 492 :
1399 474 1447 500 per
1460 474 1504 493 res
1517 466 1588 501 ipsas
1604 467 1710 495 tandem
1723 468 1814 495 decla-

1020 511 1104 544 ravit,
1120 511 1186 544 legis
1200 511 1266 538 ritus
1281 518 1328 545 per
1341 510 1476 538 Christum
1500 512 1578 539 linem
1600 513 1735 547 accepisse
1752 521 1757 537 :
1773 513 1811 540 si-

1019 556 1127 591 quidem
1141 556 1269 590 templum
1284 563 1298 582 a
1311 555 1418 583 Christo
1431 556 1564 584 sublatum
1577 562 1627 585 est.
1639 558 1715 590 Quod
1729 559 1750 585 si
1764 566 1813 593 per

1021 602 1101 629 verba
1115 609 1222 636 quoque
1240 601 1331 629 videre
1350 601 1431 635 libet,
1454 604 1588 637 quomodo
1612 612 1658 639 per
1676 604 1811 632 Christum

1019 646 1062 674 lex
1077 647 1201 683 abrogata
1216 647 1261 680 sit,
1276 647 1419 681 ipsummet
1438 648 1617 683 legislatorcm
1631 651 1702 682 audi,
1716 652 1754 678 sic
1769 652 1811 678 lo-

1018 698 1144 729 quentem
1159 703 1167 722 t
1182 694 1339 729 Prop/telam
1356 694 1424 721 vobis
1444 695 1573 722 suscitabit
1593 696 1662 724 Deus
1681 697 1711 724 de
1728 698 1811 725 medio

1018 743 1127 776 fratrum
1149 746 1307 774 vestrorum,
1332 746 1460 777 tamquam
1483 750 1522 769 nte
1535 750 1544 769 :
1556 743 1639 777 ipsum
1658 744 1765 771 audietis
1784 744 1811 771 in

1018 786 1143 819 omnibus,
1157 794 1321 821 quacumque
1339 787 1494 814 mandaverit
1513 788 1592 815 vobis.
1609 787 1642 815 Et
1658 789 1714 820 erit,
1730 791 1812 816 omnis

1017 833 1103 859 animo
1115 840 1171 867 qute
1183 833 1332 868 prophetam
1346 832 1420 860 illum
1435 841 1486 860 non
1500 834 1619 867 audierit,
1634 835 1812 862 exterminabi-

1018 884 1059 906 tur
1073 879 1164 914 (Deut.
1181 880 1224 908 I8.
1239 880 1282 907 I8.
1299 880 1354 915 I9).
1374 880 1453 908 Vides
1467 889 1519 915 qtto
1533 886 1611 916 pacto
1625 881 1667 908 lex
1682 881 1808 909 ostende-

1018 927 1069 958 rit,
1082 926 1153 960 quod
1171 926 1197 953 Ill
1215 925 1323 954 Christo
1342 926 1422 954 linem
1443 931 1585 961 acceptura
1598 927 1689 954 esset?
1702 927 1809 955 Etenim

1017 972 1144 1006 propheta
1167 971 1227 1004 hic,
1249 972 1276 999 id
1297 977 1354 1005 est,
1373 972 1495 1000 Christus
1513 973 1660 1000 secundum
1679 981 1788 1001 carnem
1800 994 1808 1006 ,

1016 1025 1096 1052 quem
1109 1017 1196 1045 Moses
1210 1018 1304 1046 audire
1321 1019 1416 1053 jussit,
1431 1023 1458 1046 et
1472 1019 1611 1046 sabbatum
1627 1025 1653 1047 ct
1667 1020 1809 1047 circumci.

1015 1064 1121 1091 sionem
1137 1064 1241 1098 aliaque
1253 1064 1342 1090 omnia
1358 1064 1473 1091 sustulit.
1489 1065 1528 1091 Ac
1543 1065 1624 1092 David
1639 1065 1690 1092 hoc
1704 1074 1809 1100 quoque

1016 1108 1102 1143 ipsum
1117 1108 1247 1138 indicans.
1264 1109 1298 1136 de
1311 1109 1418 1136 Christo
1430 1109 1536 1136 dicebat
1548 1118 1554 1135 :
1567 1109 1607 1136 Tu
1618 1118 1644 1137 es
1654 1110 1771 1137 sacerdos
1782 1111 1809 1137 in

1015 1160 1138 1182 teleruum
1159 1155 1296 1182 secundant
1319 1155 1434 1182 ordinem
1454 1154 1621 1182 Melcltisedec
1636 1155 1729 1190 (Psal.
1745 1156 1807 1183 I09.

1015 1201 1055 1235 4),
1069 1208 1121 1227 non
1135 1205 1222 1227 autem
1235 1200 1382 1228 secundum
1395 1200 1514 1227 ordinem
1529 1201 1629 1228 Aaron.
1644 1200 1684 1228 0b
1695 1208 1809 1235 eamque

1015 1253 1122 1273 causam
1136 1246 1232 1273 Paulus
1246 1246 1386 1280 perspicue
1401 1245 1452 1272 hoc
1465 1253 1602 1280 exponens
1612 1265 1620 1278 ,
1635 1246 1673 1273 ait.
1685 1255 1692 1273 :
1708 1245 1806 1274 Trans-

1015 1284 1067 1318 lata
1080 1291 1230 1324 sacerdotio,
1245 1299 1344 1318 necesse
1353 1296 1388 1318 est
1401 1295 1427 1318 ut
1440 1291 1502 1326 legis
1514 1291 1647 1318 translatio
1656 1292 1702 1326 ﬁat
1713 1291 1806 1327 (Hebr.

1015 1339 1040 1366 7.
1055 1338 1110 1373 I2).
1122 1340 1209 1374 Atque
1218 1338 1270 1365 alio
1286 1338 1344 1365 loco
1358 1337 1398 1365 his
1409 1345 1516 1365 rursum
1527 1337 1617 1365 verbis
1633 1338 1715 1365 utitur
1730 1348 1737 1366 :
1753 1338 1805 1365 Sa-

1013 1385 1138 1419 cri/icium
1152 1389 1174 1411 et
1187 1384 1336 1411 oblationem
1349 1383 1452 1410 noluisti
1464 1392 1475 1410 :
1488 1383 1635 1412 holocausta
1648 1389 1672 1410 et
1686 1393 1732 1419 pro
1747 1392 1807 1417 pec-

1012 1435 1069 1458 cato
1083 1439 1133 1457 non
1151 1429 1299 1464 placuerunt
1312 1429 1355 1455 tibi
1370 1436 1379 1455 :
1393 1434 1452 1456 tunc
1466 1429 1521 1456 dixi
1530 1450 1537 1462 ,
1551 1428 1618 1456 Ecce
1634 1429 1705 1456 venio
1719 1428 1805 1465 (Psal.

1012 1477 1058 1505 59.
1071 1477 1101 1504 7;
1125 1475 1204 1502 Hebr.
1226 1475 1269 1502 I0.
1284 1475 1330 1502 5-7
1345 1477 1364 1508 ).
1387 1475 1473 1509 Atque
1491 1475 1542 1502 alia
1565 1475 1648 1502 multo
1669 1475 1709 1502 his
1730 1475 1806 1510 plura

1014 1522 1165 1549 testimonia
1181 1529 1214 1549 ex
1231 1521 1318 1548 Veteri
1336 1520 1506 1548 Testamento
1521 1522 1641 1556 proferre
1656 1522 1728 1554 licet,
1744 1522 1805 1557 qui-

1013 1569 1072 1601 bus,
1087 1568 1221 1603 quomodo
1236 1568 1278 1595 lex
1295 1575 1342 1601 per
1354 1567 1488 1594 Christum
1503 1567 1629 1603 abrogata
1644 1568 1689 1600 sit,
1704 1568 1806 1603 perspi-

1012 1622 1092 1642 cuum
1105 1614 1160 1641 ﬁat.
1171 1615 1260 1648 Itaque
1275 1619 1447 1648 posteaquam
1461 1621 1475 1639 a
1490 1613 1547 1648 lege
1560 1614 1732 1646 abscesseris,
1748 1620 1804 1642 tum

1011 1660 1120 1687 demum
1143 1660 1228 1694 legem
1254 1659 1364 1693 pulchre
1389 1659 1533 1693 perspicies
1547 1667 1554 1686 :
1568 1660 1694 1693 quamdiu
1715 1665 1805 1687 autem

1012 1713 1072 1733 eam
1086 1705 1239 1737 rctinueris,
1254 1713 1305 1732 nec
1318 1704 1423 1732 Christo
1436 1705 1591 1737 credideris,
1604 1713 1638 1733 ne
1651 1706 1737 1741 legem
1748 1707 1806 1741 qui-

1012 1750 1072 1778 dem
1096 1751 1181 1785 ipsam
1204 1754 1372 1784 perspectam
1396 1750 1535 1777 hahiturus
1553 1757 1593 1777 es.
1613 1751 1692 1783 Ideo,
1707 1755 1736 1778 ut
1755 1751 1806 1779 hoc

1013 1797 1099 1831 ipsum
1115 1796 1275 1823 lnculentius
1289 1796 1419 1829 adSIruat,
1433 1796 1570 1830 sultjunxit
1582 1805 1588 1822 :
1602 1797 1644 1824 I5.
1660 1797 1714 1824 Sed
1723 1798 1748 1824 in
1761 1798 1808 1824 Ito-

1012 1843 1128 1869 diernum
1142 1850 1219 1877 usque
1233 1843 1309 1874 diem,
1324 1850 1381 1868 cum
1396 1842 1488 1877 legitur
1503 1841 1615 1877 Moyses,
1630 1843 1741 1870 velamen
1757 1852 1806 1878 po-

1012 1889 1086 1914 situm
1100 1892 1135 1914 est
1148 1895 1224 1922 super
1242 1895 1286 1913 eor
1304 1895 1400 1913 eorum.
1415 1887 1545 1920 Quoniam
1559 1889 1631 1914 enim
1646 1887 1764 1919 dixerat,
1779 1889 1805 1916 in

1014 1933 1118 1960 Veteris
1129 1933 1291 1960 'l‘estamenti
1304 1933 1418 1960 lectione
1430 1933 1550 1960 velamen
1564 1941 1690 1967 manere;
1703 1942 1736 1961 ne
1746 1935 1807 1969 quis

1013 1979 1071 2006 lucc
1084 1979 1162 2006 verba
1176 1978 1210 2006 de
1229 1979 1293 2013 legis
1308 1979 1470 2006 obscuritate
1489 1979 1658 2014 intelligenda
1673 1987 1733 2008 esse
1745 1981 1804 2008 exi-

1012 2026 1143 2056 stimaret.
1160 2031 1214 2052 tum
1229 2033 1276 2060 per
1288 2025 1338 2052 alia
1351 2025 1430 2052 verba
1445 2026 1495 2052 hoc
1508 2026 1593 2060 ipsum
1608 2027 1682 2061 prius
1694 2027 1805 2054 demon-

1012 2072 1106 2099 stravit
1121 2071 1193 2108 (nam
1208 2079 1269 2099 cum
1285 2071 1406 2104 dixisset,
1423 2071 1510 2098 Obtust'
1530 2077 1589 2099 sunt
1602 2081 1691 2100 sensus
1708 2082 1804 2107 eorum,

1013 2119 1129 2146 ostendit
1141 2126 1187 2146 eos
1199 2119 1225 2145 in
1239 2118 1315 2153 culpa
1326 2117 1414 2154 esse);
1431 2123 1485 2146 tum
1500 2127 1591 2146 rursus
1604 2119 1629 2146 in
1647 2120 1687 2146 his
1700 2127 1806 2155 quoque

1013 2165 1112 2190 verbis.
1136 2163 1193 2191 Non
1213 2164 1284 2191 enim
1306 2164 1389 2195 dixit,
1405 2164 1433 2191 In
1451 2164 1533 2192 literis
1553 2170 1643 2192 manet
1663 2165 1804 2199 velamen,

1013 2210 1071 2242 sed,
1086 2209 1118 2236 In
1134 2209 1259 2241 lectione;
1273 2209 1351 2236 lectio
1359 2217 1444 2244 φοι-το
1458 2210 1601 2244 legentiutn
1615 2211 1685 2238 actio
1698 2216 1738 2238 est
1753 2220 1760 2238 :
1774 2219 1806 2239 ac

1014 2264 1134 2289 rursum,
1150 2257 1214 2284 Cum
1231 2257 1322 2291 legitur
1337 2255 1449 2291 Moyses.
1472 2257 1616 2285 Dilueidius
1630 2263 1717 2285 autent
1734 2259 1805 2286 istud

1012 2303 1139 2337 deinceps
1159 2302 1283 2330 iudicavit
1297 2323 1305 2335 ,
1321 2307 1414 2338 aperte
1427 2302 1519 2330 dicens
1529 2324 1536 2336 ,
1558 2302 1676 2331 Velamen
1696 2306 1805 2339 positum

1012 2353 1050 2376 est
1063 2356 1139 2382 super
1150 2356 1194 2374 cor
1204 2356 1302 2374 eorum.
1317 2347 1536 2383 Quandoquidem
1555 2353 1582 2376 et
1601 2349 1628 2376 in
1643 2349 1723 2377 Musis
1737 2350 1806 2378 facie

1013 2404 1066 2423 non
1080 2396 1114 2424 ob
1128 2396 1227 2423 Mosem
1241 2395 1353 2430 positum
1364 2400 1432 2428 erat,
1444 2395 1491 2423 sed
1506 2401 1616 2431 propter
1627 2404 1719 2424 eorum
1732 2405 1806 2425 cras-

1013 2442 1100 2470 sitiem
1113 2447 1140 2468 et
1156 2441 1289 2469 carnalem
1306 2447 1432 2468 mentem.

1048 2487 1076 2514 4.
1091 2486 1158 2514 Cum
1173 2487 1253 2522 igitur
1267 2493 1315 2513 eos
1330 2487 1394 2513 satis
1407 2487 1582 2521 cuarguisset,
1593 2487 1648 2522 jam
1661 2489 1807 2516 correctio-

1014 2534 1056 2561 nis
1070 2533 1150 2561 etiam
1163 2533 1270 2560 modum
1284 2533 1411 2560 ostendit.
1425 2533 1538 2566 Quinam
1554 2539 1642 2561 autem
1657 2534 1699 2562 hic
1711 2535 1806 2562 modus

1013 2579 1071 2606 est?
1087 2579 1130 2606 I6.
1146 2578 1210 2606 Cum
1224 2583 1308 2605 autent
1320 2586 1453 2606 conversus
1463 2578 1540 2613 fuerit
1549 2579 1583 2605 ad
1595 2579 1742 2612 Demittunt,
1756 2581 1806 2607 hoc

1013 2629 1063 2657 est,
1078 2632 1094 2652 a
1109 2625 1167 2660 lege
1181 2623 1352 2657 abscesserit,
1368 2626 1497 2660 auferetur
1511 2625 1633 2652 uelamen.
1650 2625 1743 2652 Vitlen'
1757 2633 1805 2652 ve-

1014 2670 1102 2698 lamen
1116 2669 1179 2697 illud
1195 2678 1247 2697 non
1262 2670 1354 2697 faciem
1373 2670 1469 2703 Musis,
1483 2671 1529 2698 sed
1544 2671 1638 2698 faciem
1653 2670 1804 2698 Jndmortna

1013 2717 1169 2744 obtexisse?
1181 2716 1237 2744 Non
1249 2717 1359 2744 enimut
1371 2715 1450 2743 Mosis
1461 2717 1544 2751 gloria
1555 2717 1743 2749 occultaretur,
1756 2717 1807 2744 hoc

1014 2763 1106 2794 fiebat.
1118 2763 1165 2791 sed
1176 2771 1210 2791 ne
1220 2763 1257 2790 illi
1268 2763 1391 2790 viderent
1401 2771 1408 2789 :
1418 2771 1505 2798 neque
1515 2763 1586 2790 enim
1597 2769 1709 2796 capaces
1718 2767 1805 2789 erant.

1014 2808 1105 2845 Itaque
1125 2809 1231 2837 illorum
1254 2809 1305 2836 hoc
1325 2809 1417 2836 vitium
1439 2813 1498 2836 erat
1514 2817 1521 2835 :
1539 2816 1623 2842 neque
1638 2808 1708 2835 enim
1727 2807 1805 2840 fecit,

1015 2862 1043 2883 ιιι
1056 2855 1102 2883 ille
1114 2856 1256 2891 quidquam
1270 2856 1415 2890 ignoraret,
1429 2854 1476 2882 sed
1492 2859 1520 2882 ut
1533 2854 1583 2882 illi.
1598 2853 1650 2881 Nec
1665 2853 1734 2881 dixit
1747 2853 1806 2888 qui-
