2026 3119
239 133 290 161 ιιτ

237 191 309 224 dem,
322 189 389 219 Cum
399 191 484 227 legem
496 191 652 226 reliquerit;
664 191 711 218 sed
722 191 773 217 hoc
783 191 959 219 subindicavit
970 199 1031 219 eum

238 239 339 266 diceret
355 248 362 267 :
376 238 440 266 Cum
455 239 521 265 enim
534 245 668 264 conversus
682 238 758 272 fuerit
771 237 805 264 ad
824 237 971 270 Dominum,
984 246 1032 265 att-

240 285 333 319 feretur
347 285 469 311 velamen.
482 283 522 310 Ad
535 288 685 310 extremum
702 290 786 317 usque
799 283 825 310 in
841 283 950 311 historia
968 292 1031 319 per-

240 330 314 357 stitit.
329 329 432 356 Etenim
443 336 504 355 cum
515 328 601 356 Moses
611 328 719 355 Jndteos
729 329 921 363 alloqueretur,
935 329 1030 357 faciem

239 382 313 402 suam
327 374 466 401 obvelabat
476 382 483 406 ;
495 382 555 400 cum
569 378 659 401 autem
673 374 705 400 ad
720 374 861 401 Dominum
875 382 904 401 se
918 382 1029 402 conver-

239 421 326 454 tebat,
340 428 399 448 eam
415 420 565 454 detegebat.
587 420 643 447 Hoc
664 426 753 447 autem
775 420 814 447 rei
835 420 930 448 futura:
947 421 1030 455 llgura

237 471 313 498 erat;
332 473 428 499 nempe
447 465 517 499 quod
527 486 534 498 ,
551 473 611 492 cum
624 465 657 492 ad
673 465 813 493 Dominum
828 466 950 500 nosipsus
963 474 1028 493 con-

238 511 397 538 verterimus
408 532 414 543 ,
431 515 492 539 tunc
507 511 573 546 legis
588 512 701 546 gloriam
716 519 747 538 ae
762 512 858 539 undam
873 513 1030 547 legislatoris

237 558 332 584 faciem
355 558 546 592 perspiciemus
562 565 570 586 :
586 557 639 584 imo
659 565 711 584 non
732 557 784 585 hoc
804 562 906 585 tantum
918 579 926 590 ,
941 558 986 585 sed
1004 559 1030 585 in

237 602 318 629 Musis
332 602 418 629 classe
438 607 517 636 atque
537 602 632 629 ordine
651 603 761 629 erimus.
782 602 863 630 Vides
880 611 933 637 quo
952 607 1030 637 pacto

236 649 358 676 Judatum
374 649 406 676 ad
424 649 501 675 ﬁdem
516 649 635 676 excitet?
652 649 714 676 dum
730 649 846 677 ostendit
864 658 924 677 eum
937 671 943 681 ,
958 651 981 677 si
996 651 1029 678 ad

237 694 315 722 ﬁdem
332 695 485 726 accesserit,
497 702 549 721 non
562 695 640 721 modo
653 694 752 722 Musem
767 696 862 723 intueri
878 703 967 731 posse,
981 697 1029 724 sed

235 741 316 767 etiam
331 740 357 767 in
371 740 465 767 eodem
478 748 530 774 quo
544 740 680 774 legislator
691 741 734 766 ille
743 741 827 775 gradu
841 746 922 776 atque
933 742 1029 770 ordine

235 793 306 812 csse.
322 785 380 812 Non
397 786 476 812 modo
494 786 566 812 enim
584 793 643 812 eam
663 786 774 820 gloriam
796 793 908 819 cernes,
924 786 1028 822 inquit,

237 840 316 866 quam
330 836 386 859 tum
401 832 510 859 minime
524 832 612 859 vidisti
625 852 633 865 ,
649 832 696 860 sed
711 837 738 860 et
756 833 813 867 ipse
830 834 856 860 in
871 834 964 861 eadem
978 841 1028 869 qua

235 878 280 905 ille
294 878 376 912 gloria
393 877 496 904 futurus
509 885 548 908 es.
562 877 615 904 imo
628 878 713 905 multo
725 879 804 905 etiam
822 880 933 913 majore,
950 884 1030 914 atque

234 926 309 949 tanta
319 943 326 954 ,
342 927 370 949 ut
384 930 418 949 tte
437 922 481 949 illa
496 922 603 956 quidem
619 923 710 958 gloria:
725 924 841 957 speciem
861 924 992 958 pra-beat,
1006 924 1029 951 si

234 975 295 996 cum
314 968 363 995 hac
383 974 563 1002 comparetur.
583 968 704 1002 Quonam
722 969 828 996 tandem
845 970 942 997 modo?
955 970 1029 1005 Quo-

235 1015 306 1041 niam
319 1035 326 1046 ,
341 1022 403 1041 cum
417 1013 449 1041 ad
467 1015 607 1042 Dominum
629 1023 775 1043 conversus
789 1016 871 1044 fueris
883 1038 891 1051 ,
907 1023 986 1053 alque
1001 1018 1028 1045 in

233 1060 317 1094 gratia
333 1067 394 1087 esse
408 1061 532 1094 cmperis,
548 1061 593 1088 illa
611 1061 693 1095 gloria
709 1061 820 1096 frueris,
833 1070 893 1090 cum
906 1072 957 1098 qua
971 1063 1028 1091 Mo-

233 1106 271 1131 sis
286 1105 368 1138 gloria
382 1105 488 1136 collata,
504 1113 588 1140 usque
602 1106 670 1133 adeo
686 1106 797 1134 inferior
809 1112 860 1141 est,
875 1112 904 1135 ut
922 1116 955 1136 ne
969 1109 1027 1144 glo-

235 1150 272 1176 ria
286 1150 392 1184 quidem
409 1150 453 1177 sit.
471 1151 502 1177 Et
516 1155 604 1177 tamen
620 1152 742 1186 quamvis
755 1153 851 1188 exigua
865 1161 896 1180 ea
910 1155 954 1186 sit,
970 1155 1028 1182 lon-

233 1202 319 1230 geque
342 1195 429 1221 minor
448 1195 498 1222 ista
509 1216 516 1227 ,
533 1200 621 1223 tamen
642 1198 768 1231 quamdiu
785 1198 894 1226 Judants
906 1200 959 1226 eris
972 1220 978 1232 ,
994 1208 1028 1228 ne

236 1239 306 1267 hanc
320 1240 426 1274 quidem
444 1242 637 1275 consequeris;
658 1249 722 1277 ergo
744 1251 831 1278 neque
856 1249 918 1271 tunc
941 1245 1028 1273 Judaei

235 1285 308 1312 illatn
323 1286 458 1318 videbant,
475 1294 560 1320 neque
580 1294 650 1314 nunc
663 1288 756 1314 vident
770 1297 777 1315 :
796 1289 817 1316 si
839 1295 927 1317 autem
948 1291 1026 1318 tidem

235 1331 373 1364 amplexus
387 1331 475 1362 lueris,
492 1333 541 1358 hac
555 1332 639 1359 multo
652 1333 781 1367 tnajurem
795 1334 885 1362 divino
899 1336 1028 1364 beneﬁcio

236 1376 392 1411 perspicies.
408 1377 441 1403 Et
454 1377 560 1411 quidem
573 1398 581 1410 ,
595 1385 655 1405 cum
675 1379 798 1407 lidelibus
813 1382 893 1408 verba
910 1382 1025 1416 faceret,

233 1422 409 1457 gloriﬁcatum
430 1423 512 1450 fuisse
525 1425 640 1459 negabat
653 1425 678 1451 id
692 1427 761 1460 quod
777 1427 951 1461 gloriﬁcatum
968 1429 1026 1456 l‘ue-

232 1472 292 1494 rat:
305 1467 348 1494 hic
360 1473 447 1494 autem
459 1475 511 1495 non
524 1469 570 1501 ita,
583 1469 630 1496 sed
644 1478 696 1504 quo
711 1472 809 1505 pacto?
821 1471 882 1499 Cum
893 1481 1026 1501 corruet-sus

233 1513 309 1548 fuerit
322 1513 355 1539 ad
369 1513 515 1547 Dominum,
531 1514 633 1542 tolletur
645 1517 757 1543 velamen
768 1525 777 1548 ,'
790 1519 891 1545 sensim
904 1519 1027 1547 videlicet

232 1559 307 1586 illntn
325 1558 495 1590 subvehens,
511 1567 543 1586 ae
561 1560 676 1594 primum
691 1562 797 1596 quidem
814 1564 839 1590 in
855 1565 949 1592 eodem
963 1574 1024 1593 cum

234 1605 308 1631 Mose
322 1605 404 1639 gradu
416 1605 561 1638 collocatis,
575 1606 672 1634 deintle
685 1613 772 1635 autem
789 1610 919 1644 majorum
935 1620 1024 1639 rerum

233 1654 385 1677 Consortem
402 1658 462 1677 eum
479 1650 588 1678 faciens.
603 1655 669 1679 Nam
683 1661 744 1680 cum
761 1654 869 1687 Mosam,
887 1656 981 1691 inquit,
998 1658 1024 1684 itt

232 1694 316 1729 gloria
336 1695 453 1727 videris,
475 1700 529 1722 tum
549 1695 654 1724 demunt
672 1698 705 1725 ad
727 1699 809 1727 Dettm
825 1705 850 1728 te
864 1708 1023 1736 convertes,

232 1740 414 1774 atnplioreque
434 1748 513 1775 quam
534 1742 592 1769 hare
614 1742 648 1769 sit
667 1744 751 1778 gloria
774 1745 880 1774 frueris.
900 1747 991 1783 Itaque
1008 1757 1024 1776 a

232 1785 363 1819 principio
377 1785 435 1812 vide
448 1791 574 1820 quotnam
594 1795 637 1815 res
655 1790 791 1823 posuerit,
805 1800 864 1826 quae
878 1793 1023 1822 discrimen

231 1830 377 1863 efﬁcerent,
391 1836 471 1866 atque
483 1831 546 1858 illud
559 1834 741 1867 ostenderent,
754 1836 855 1864 Novum
868 1838 1024 1867 Testamen-

231 1881 287 1903 tum
311 1875 398 1903 Veteri
422 1882 565 1911 pra:stare,
587 1886 639 1906 non
661 1885 750 1908 autem
769 1889 830 1909 cum
850 1891 883 1910 eo
905 1892 1023 1919 pugnare

229 1926 310 1956 atque
323 1921 372 1955 ipsi
385 1922 532 1950 adversari.
550 1924 626 1957 llhul,
643 1925 739 1961 inquit,
754 1933 781 1955 et
796 1929 884 1963 litera,
899 1935 926 1958 et
943 1932 1020 1966 lapis,

229 1971 257 1994 et
271 1967 365 1994 mortis
381 1968 540 1995 ministratio
560 1975 631 2002 erat,
645 1977 671 1998 et
689 1973 830 2007 aboletur;
845 1980 871 2002 et
886 1982 974 2004 tamen
989 1986 1023 2006 ne

230 2012 281 2039 hac
290 2012 396 2047 quidem
407 2013 490 2048 gloria
501 2014 584 2042 Judaei
597 2016 668 2051 digni
682 2017 764 2046 habiti
778 2026 838 2047 sunt
851 2030 857 2048 :
871 2021 921 2049 hoc
931 2028 1020 2051 :tutent

229 2058 343 2084 carnalis
355 2058 442 2085 tabula
456 2065 507 2092 est,
521 2065 549 2087 et
560 2061 680 2096 spiritus,
693 2068 721 2091 et
732 2064 845 2099 justitia,
858 2073 885 2094 et
897 2074 1022 2096 constan-

229 2107 270 2130 ter
283 2108 372 2130 manct
384 2112 390 2136 ;
407 2109 487 2139 atque
501 2113 594 2133 omnes
607 2115 639 2134 eo
649 2108 720 2143 digni
733 2111 871 2145 habemur,
887 2121 939 2141 non
953 2123 1021 2143 unus

229 2152 342 2180 tantum,
358 2153 386 2175 ut
400 2154 455 2175 tum
469 2149 556 2177 Moses
570 2151 615 2178 illo
629 2153 732 2181 minore
747 2163 753 2181 :
770 2155 825 2183 Nos
839 2159 910 2185 enim
923 2168 1018 2194 omnes,

228 2193 324 2228 inquit,
338 2194 448 2221 revelata
460 2195 525 2229 facie
535 2197 720 2231 gloriant,.tton
733 2201 842 2237 Moysis,
857 2206 902 2232 sed
917 2205 1020 2234 Domini

227 2239 366 2265 intuentur.
389 2239 486 2267 Verum
510 2243 634 2276 quoniam
658 2248 793 2281 nonnulli,
815 2251 894 2278 rebus
913 2261 972 2287 qua:
992 2255 1018 2282 in

519 2273 525 2276 _
815 2273 894 2278 .-νη

195 2273 199 2277 ι
227 2285 351 2312 confesso
369 2291 446 2312 erant
465 2287 645 2322 reluctantes,
659 2291 717 2319 hzec
739 2294 818 2321 verba
829 2315 836 2327 ,
854 2296 918 2323 Cum
935 2304 1019 2326 autem

227 2337 362 2356 conversus
372 2331 448 2365 fuerit
461 2331 494 2357 ad
504 2331 641 2361 Dominum
650 2357 658 2368 ,
669 2337 703 2364 de
716 2338 783 2366 Filio
796 2340 866 2369 dicta
878 2350 937 2370 esse
951 2351 1018 2372 con-

228 2375 349 2408 tendunt,
360 2378 511 2405 accuratius
523 2380 591 2407 istud
603 2384 792 2418 expendamus,
805 2387 870 2415 illud
884 2390 957 2424 prius
970 2399 1019 2426 po-

227 2426 340 2451 nentes.
356 2423 426 2449 unde
440 2423 464 2450 id
477 2431 506 2451 se
521 2426 661 2456 adstruere
681 2437 712 2456 ac
729 2423 891 2462 conﬁrmare
913 2442 1017 2471 putant.

227 2466 358 2499 Quidnam
372 2473 459 2496 autem
477 2470 527 2498 hoc
541 2473 601 2499 est?
615 2473 859 2512 Quemadmodum,
875 2481 1015 2517 inquiunt,

226 2512 362 2546 Scriptura
375 2513 448 2546 dicit,
460 2515 574 2550 Spiritus
585 2524 623 2546 est
636 2520 706 2548 Deus
719 2530 725 2548 :
738 2523 832 2551 eodem
843 2512 923 2553 modo
936 2529 1017 2557 etiam

226 2557 278 2585 hoc
292 2558 360 2590 loco,
373 2559 487 2594 Spiritus
500 2562 627 2592 Dominus
640 2571 691 2594 est.
700 2567 758 2595 Νοιι
767 2570 838 2597 enim
848 2572 923 2604 dixit.
932 2574 1017 2609 Spiri-

227 2607 268 2629 tus
283 2608 324 2630 est
343 2604 479 2639 Dominus,
494 2608 552 2640 sed.
570 2609 697 2639 Dominus
712 2618 753 2641 est
767 2615 890 2650 Spiritus.
904 2604 1014 2649 Multum

223 2657 305 2683 porro
327 2650 396 2677 inter
418 2652 486 2679 ltanc
507 2660 534 2681 et
554 2655 627 2683 illam
648 2660 869 2693 compositionem
890 2664 1012 2694 interest.

224 2694 289 2721 Nam
299 2702 360 2722 cutn
375 2696 410 2723 ita
424 2697 495 2733 loqui
509 2700 576 2733 vult,
592 2706 619 2727 ut
632 2705 659 2729 tu
671 2703 721 2735 ais,
732 2706 862 2740 atljectivo
873 2711 1014 2740 articulum

223 2748 276 2767 non
299 2741 382 2768 addit.
401 2743 469 2776 Quin
491 2745 569 2772 aliter
591 2747 671 2775 etiam
689 2752 778 2779 omnia
796 2761 845 2786 ea,
860 2763 919 2790 qute
933 2765 1012 2793 supra

222 2793 430 2814 commemorata
450 2794 513 2816 sunt
524 2811 531 2823 ,
545 2790 579 2819 de
591 2800 705 2827 quonam
720 2796 835 2832 dixerit,
851 2790 988 2831 videamus
1003 2813 1010 2832 :

222 2830 294 2859 \‘cittl
306 2840 366 2860 cum
380 2834 494 2869 dicebat,
510 2835 595 2865 Litera
610 2841 710 2876 occidit,
724 2830 836 2878 Spiritus
851 2853 933 2875 autent
949 2850 1010 2878 vivi-

239 2880 259 2893 Ὁ

636 133 657 162 8
685 133 824 162 JOANNIS
841 131 1078 160 CHRYSOSTOMI
1095 134 1254 164 ARCHIEP.
1273 136 1541 171 CONSTANTINOP.

1086 192 1166 226 licet;
1179 202 1210 222 ac
1222 203 1315 224 rursus
1325 218 1332 230 ,
1347 198 1451 235 Scripta
1468 209 1520 229 non
1540 207 1681 233 atramento
1691 227 1698 240 ,
1716 208 1762 236 sed
1778 209 1880 246 Spiritu

1084 237 1134 264 Dei
1153 239 1258 268 viventis
1272 249 1282 268 :
1297 247 1386 271 utrum
1401 245 1436 273 de
1456 246 1526 275 Filio
1543 256 1577 276 an
1598 250 1631 278 de
1650 237 1770 286 Spiritu?

1083 283 1204 318 proiecto
1218 287 1288 320 quod
1302 288 1336 316 de
1349 289 1450 324 Spiritu
1467 301 1474 318 :
1489 292 1523 320 ad
1542 302 1604 322 eum
1623 283 1694 324 enim
1711 306 1727 326 a
1741 283 1879 331 literajeos

1084 329 1206 358 vocabat.
1224 331 1329 360 Etenim
1354 343 1388 362 ne
1409 337 1469 370 quis
1482 358 1488 369 ,
1503 346 1564 366 cum
1586 340 1700 375 Spiritus
1719 345 1876 375 vocabulum

1083 373 1243 410 audivisset,
1258 385 1290 405 ac
1304 379 1401 407 deinde
1415 382 1466 410 hoc
1480 391 1572 412 secum
1591 393 1729 423 reputans,
1744 391 1772 418 Si
1790 391 1881 421 Moses

1083 420 1116 446 ad
1134 420 1272 450 Dominum
1287 431 1433 455 conversus
1449 428 1542 463 luerit,
1556 431 1615 466 ipse
1623 420 1770 463 autem-ad
1789 437 1878 472 Spiri-

1083 470 1140 493 tum
1152 487 1159 499 ,
1176 467 1302 497 inferiore
1321 472 1474 501 conditione
1493 483 1553 503 esse
1567 478 1742 507 arbitraretur
1759 490 1765 508 :
1781 487 1810 510 ut
1826 484 1875 511 hu-

1081 512 1198 546 jnsmodi
1219 516 1365 550 suspicioni
1381 519 1535 555 medeatur,
1552 523 1593 551 his
1608 525 1696 554 verbis
1711 528 1815 556 utitur:
1831 530 1874 558 17.

1084 558 1208 586 "annuus
1228 566 1313 588 autem
1335 563 1449 598 Spiritus
1469 571 1514 593 est.
1541 568 1597 596 Hoc
1617 575 1675 604 est,
1692 571 1751 605 Ipse
1770 582 1877 610 quoque

1085 602 1211 632 Dominus
1233 612 1284 633 est.
1305 608 1392 643 Atque
1412 615 1440 637 ut
1463 612 1594 648 intelligas
1615 602 1718 650 ipsiide
1738 602 1878 649 Paittcleto

1082 655 1234 678 sermonem
1249 660 1323 686 esse,
1343 655 1493 690 subjunxit,
1514 658 1562 686 Ubi
1583 666 1666 689 autem
1687 663 1802 698 Spiritus
1825 667 1876 695 Do-

1081 695 1154 728 mini,
1167 697 1202 723 ibi
1219 698 1331 726 libertas.
1347 700 1439 736 Neque
1452 704 1522 731 enim
1534 706 1645 740 dixeris,
1660 716 1719 736 eum
1734 711 1768 738 ita
1783 713 1877 747 loquu~

1083 746 1138 768 tum
1152 742 1235 771 fuisse
1249 753 1256 771 :
1272 745 1320 773 Ubi
1335 753 1423 775 autem
1440 749 1568 779 Dominus
1585 753 1698 781 Domini.
1710 742 1874 787 Libertatem

1081 792 1170 815 autem
1186 789 1271 824 dixit,
1288 791 1376 820 habita
1395 795 1498 823 ratione
1519 797 1638 831 pristina:
1659 801 1804 830 servitutis.
1822 804 1875 831 De-

1082 833 1153 865 inde,
1168 842 1202 862 ne
1216 843 1277 863 eum
1291 836 1324 864 de
1338 837 1424 866 l'uturo
1438 844 1558 875 tempore
1571 843 1642 878 loqui
1656 849 1744 879 putes,
1759 848 1796 874 ait
1808 857 1816 874 :
1829 849 1873 877 l8.

1083 877 1138 905 Nos
1151 885 1233 907 autem
1245 889 1331 910 omnes
1344 885 1453 912 revelata
1466 887 1531 921 [acie
1547 888 1656 923 gloriam
1668 890 1774 919 Domini
1785 902 1875 927 specu-

1082 922 1182 957 lantes;
1198 934 1252 953 non
1272 927 1344 955 illam
1356 949 1365 962 ,
1381 929 1488 966 inquam
1500 953 1508 965 ,
1522 922 1582 968 quas
1597 935 1677 963 linem
1697 922 1815 973 accipit-,7
1826 941 1874 968 sed

1081 976 1140 1004 qua:
1160 977 1268 1005 manet;
1284 973 1311 1000 in
1331 976 1445 1002 eamdem
1466 978 1602 1013 imaginem
1626 983 1840 1016 transformamur
1857 994 1874 1013 ι

1080 1015 1195 1043 claritate
1206 1017 1233 1044 in
1246 1018 1387 1047 claritatem
1398 1027 1526 1058 tamquam
1535 1032 1552 1051 a
1564 1025 1675 1054 Domino
1691 1015 1802 1063 Spiritu.

1117 1062 1229 1096 Spiritus
1243 1071 1346 1094 sanctus
1358 1068 1384 1094 in
1394 1067 1443 1095 Dei
1454 1071 1543 1098 ordine
1554 1062 1719 1103 est.—-Vides
1731 1083 1785 1111 quo
1796 1083 1874 1112 pacto

1080 1115 1172 1136 rursus
1195 1110 1324 1144 Spiritum
1347 1114 1374 1140 in
1396 1115 1443 1142 Dei
1466 1116 1562 1145 ordine
1583 1119 1707 1155 collucet,
1729 1110 1832 1158 eosque
1847 1126 1873 1152 in

1079 1156 1261 1188 apostolorum
1285 1159 1399 1187 classem
1423 1162 1576 1190 subvehat?
1593 1165 1698 1194 Etenim
1714 1169 1788 1203 prius
1800 1171 1874 1198 dixe-

1080 1205 1131 1232 rat,
1148 1201 1264 1236 Epistola
1288 1205 1347 1232 estis
1362 1205 1476 1239 Christi;
1495 1214 1523 1236 et
1548 1210 1600 1238 hoc
1619 1212 1687 1246 loco,
1713 1201 1770 1241 Nos
1790 1222 1874 1243 autem

1078 1254 1166 1275 manes
1179 1249 1289 1276 revelata
1310 1252 1385 1286 facie.
1403 1255 1482 1289 Atqui
1504 1255 1553 1289 ipsi
1569 1257 1664 1292 legem,
1682 1259 1762 1288 Mosis
1778 1263 1872 1295 instar,

1079 1298 1214 1327 gestantes
1227 1303 1364 1325 venerant.
1386 1298 1438 1327 Sed
1453 1303 1689 1338 quemadmodum,
1707 1306 1802 1342 inquit,
1824 1317 1875 1337 nos

1079 1341 1211 1370 velamine
1227 1350 1278 1370 non
1294 1352 1361 1379 opus
1377 1345 1518 1375 habuimus
1534 1358 1540 1375 :
1557 1350 1597 1378 sic
1617 1359 1667 1379 nec
1682 1360 1730 1381 vos
1751 1355 1872 1389 quidem,

1079 1387 1123 1420 qui
1144 1389 1311 1423 evangelium
1331 1393 1497 1427 suscepistis.
1521 1395 1601 1430 Atqui
1624 1397 1702 1433 longe
1724 1387 1812 1435 major
1831 1408 1874 1430 est

1079 1430 1138 1458 lucc
1156 1433 1256 1467 gloria;
1272 1443 1358 1470 neque
1372 1439 1443 1464 enim
1457 1439 1546 1467 vultus
1561 1444 1644 1469 nostri
1659 1449 1710 1478 est,
1726 1447 1773 1473 sed
1789 1448 1874 1481 Spiri-

1079 1481 1121 1505 tus
1136 1488 1142 1505 :
1160 1484 1188 1506 et
1210 1485 1298 1508 tamen
1312 1490 1370 1516 vos,
1386 1492 1462 1519 teque
1477 1494 1508 1514 ac
1531 1495 1590 1521 nos,
1613 1489 1639 1516 in
1655 1498 1714 1518 eam
1733 1493 1872 1523 oculorum

1079 1524 1163 1552 aciem
1178 1526 1316 1556 intendere
1328 1531 1450 1563 potestis.
1467 1531 1505 1559 ΙΙΙὶ
1520 1541 1634 1569 namque
1648 1544 1697 1564 nec
1710 1545 1758 1572 per
1771 1541 1874 1568 media-

1079 1573 1184 1604 torem;
1198 1580 1244 1599 vos
1257 1579 1346 1602 autem
1361 1576 1419 1603 sine
1439 1578 1586 1607 mediatore
1607 1584 1718 1616 potestis
1741 1586 1871 1619 majorem

1080 1615 1170 1644 videre
1185 1626 1193 1644 :
1208 1618 1245 1645 illi
1271 1619 1350 1647 Mosis
1374 1621 1468 1650 faciem
1495 1632 1608 1654 cernere
1632 1636 1683 1655 non
1706 1635 1871 1666 potuerunt;

1077 1668 1125 1688 vos
1134 1662 1248 1696 Spiritus
1257 1673 1363 1700 quoque
1370 1667 1483 1702 gloriam
1498 1673 1618 1705 potestis.
1631 1662 1713 1708 Quod
1720 1677 1743 1703 si
1756 1662 1872 1712 Spiritus

1077 1707 1232 1736 inferiorem
1256 1710 1342 1738 locum
1368 1714 1513 1748 obtineret,
1530 1716 1588 1745 htec
1603 1724 1686 1754 certe,
1704 1726 1732 1749 ut
1746 1723 1797 1751 illis
1811 1732 1871 1752 ma-

1074 1752 1144 1787 jora,
1161 1755 1271 1783 minime
1288 1758 1430 1791 posuisset.

1112 1799 1139 1825 5.
1159 1800 1291 1834 Quidnam
1309 1809 1398 1831 autem
1418 1811 1469 1839 est,
1485 1807 1599 1836 Gloriam
1617 1810 1720 1840 Domini
1733 1816 1871 1850 speculan-

1075 1849 1122 1875 tes.
1137 1845 1164 1872 in
1178 1847 1290 1874 eamdem
1304 1849 1440 1884 imaginem
1455 1856 1686 1889 transformamur?
1701 1859 1827 1895 Apertius
1842 1863 1869 1890 id

1075 1890 1183 1924 quidem
1197 1892 1441 1929 demonstrabantur,
1457 1905 1517 1926 cum
1534 1901 1721 1931 miraculorum
1734 1905 1803 1934 dona
1814 1908 1867 1935 vim

1074 1943 1150 1963 suain
1164 1945 1321 1967 exsererent
1335 1950 1342 1967 :
1360 1946 1448 1970 tamen
1465 1952 1498 1971 tte
1513 1954 1583 1974 nunc
1596 1949 1703 1983 quidem
1724 1951 1749 1978 id
1765 1954 1868 1988 perspi-

1074 1989 1137 2010 cere
1151 1983 1261 2013 dil'ﬁcile
1283 1986 1363 2015 fuerit
1377 1989 1412 2022 ei,
1427 1990 1471 2024 qui
1488 1991 1548 2020 ﬁdei
1564 1995 1647 2022 oculis
1668 1983 1795 2031 praeditus
1811 1983 1869 2028 fue-

1073 2027 1119 2055 rit.
1135 2028 1201 2055 Nam
1217 2031 1295 2058 simul
1306 2037 1387 2067 atque
1400 2034 1574 2071 baptizamur,
1588 2047 1668 2074 supra
1682 2043 1766 2070 solent
1777 2045 1867 2074 anima

1073 2073 1280 2108 exsplendescit.
1304 2085 1319 2104 a
1342 2078 1441 2113 Spiritu
1467 2073 1627 2118 perpurgata
1641 2095 1648 2112 :
1664 2094 1696 2114 ac
1716 2096 1770 2117 non
1786 2073 1867 2119 modo

1073 2119 1186 2153 gloriam
1203 2121 1248 2148 Dei
1262 2124 1451 2159 prospicimus,
1467 2128 1514 2155 sed
1536 2129 1608 2157 illinc
1620 2140 1726 2168 quoque
1740 2137 1867 2170 splendo-

1073 2173 1129 2192 rem
1143 2167 1257 2201 aliquem
1272 2168 1419 2198 haurimus.
1436 2172 1510 2200 Sicut
1521 2176 1592 2202 enim
1607 2184 1700 2211 pttrum
1713 2186 1864 2216 argentum,

1073 2211 1106 2237 ad
1120 2212 1185 2239 solis
1198 2213 1287 2241 radios
1302 2215 1394 2248 sitmn,
1417 2217 1504 2251 ipsum
1518 2227 1624 2256 quoque
1644 2224 1734 2252 radios
1745 2211 1864 2260 ~emittit,

1071 2264 1125 2284 non
1141 2258 1175 2285 ob
1188 2265 1263 2286 suam
1277 2259 1417 2290 dumtaxat
1439 2269 1571 2299 naturam,
1588 2268 1634 2295 sed
1649 2270 1731 2298 etiam
1745 2272 1782 2299 ob
1795 2274 1866 2300 sola-

1072 2309 1128 2329 rem
1145 2303 1276 2338 fulgorem
1289 2315 1296 2332 :
1309 2307 1403 2334 eodem
1419 2309 1500 2336 modo
1514 2312 1602 2339 anima
1623 2313 1763 2349 defaecata,
1786 2322 1864 2353 atque

1070 2355 1181 2383 argento
1195 2351 1361 2385 splendidior
1373 2355 1478 2390 eﬁ'ecta,
1493 2365 1507 2384 a
1531 2358 1644 2393 Spiritus
1659 2362 1743 2395 gloria
1760 2351 1863 2392 radium

1071 2396 1190 2430 suscipit,
1216 2405 1248 2425 ac
1267 2398 1384 2427 vicissim
1401 2402 1523 2430 remittit.
1541 2403 1617 2432 Unde
1631 2406 1710 2434 etiam
1726 2407 1774 2441 ait,
1796 2409 1863 2444 Spe-

1069 2442 1193 2475 culantes,
1210 2444 1237 2470 in
1259 2446 1373 2473 eamdem
1393 2448 1528 2484 imaginem
1543 2452 1758 2487 transformamur
1771 2464 1788 2482 a
1807 2457 1861 2491 glo-

1070 2495 1119 2520 rta,
1134 2487 1260 2523 Spiritus,
1285 2491 1312 2518 in
1337 2493 1455 2527 gloriam,
1480 2500 1610 2530 nostram,
1625 2505 1705 2533 quam
1721 2502 1861 2530 contrahi-

1070 2541 1140 2565 mus,
1155 2543 1267 2570 quaeque
1281 2538 1341 2565 talis
1349 2544 1390 2566 cst
1403 2540 1510 2575 qualem
1525 2549 1586 2570 esse
1599 2551 1649 2578 par
1661 2549 1714 2580 est,
1725 2555 1742 2573 a
1752 2546 1860 2576 Domina

1070 2579 1181 2613 Spiritu.

1105 2626 1218 2661 Spiritus
1227 2634 1330 2656 sanctus
1340 2631 1453 2666 ejusdem
1464 2633 1594 2668 dignitatis
1606 2637 1680 2672 cujus
1691 2637 1771 2665 Pater
1779 2644 1850 2667 est.—

1069 2670 1137 2698 Vide
1153 2674 1288 2707 qttomodo
1302 2676 1353 2703 hoc
1366 2677 1430 2704 item
1445 2678 1505 2706 loco
1517 2670 1645 2715 Spiritum
1662 2683 1803 2711 Dominum
1815 2693 1858 2719 ap-

1069 2718 1159 2751 pellet.
1194 2721 1281 2755 Atqne
1311 2723 1374 2750 alibi
1404 2732 1509 2760 quoque
1537 2727 1622 2762 ipsius
1648 2718 1856 2760 dominationem

1068 2765 1220 2798 perspicere
1243 2766 1305 2794 licet
1319 2775 1326 2794 :
1343 2768 1549 2800 Ministrantibus
1568 2775 1640 2801 enim
1654 2775 1716 2809 ipsis
1736 2776 1855 2809 Domino,

1067 2809 1161 2843 inquit,
1178 2819 1207 2837 ac
1215 2813 1402 2847 jejunantibtu,
1414 2816 1477 2843 dixit
1493 2817 1607 2852 Spiritus
1626 2827 1729 2848 sanctus
1741 2832 1752 2849 .-
1768 2823 1857 2858 Segre-

1067 2861 1124 2889 gatc
1143 2856 1206 2884 mihi
1226 2857 1338 2886 Paulum
1359 2866 1383 2887 et
1407 2860 1550 2891 Barnabam
1569 2865 1637 2900 (Act.
1653 2867 1696 2895 15.
1715 2867 1757 2904 2).
1776 2856 1817 2897 0b
1831 2868 1855 2896 id
