2026 3119
106 159 161 187 αθ

109 220 183 247 enim
206 217 250 246 his
262 216 351 245 verbis
364 215 500 250 Scriptura
516 214 608 246 utitur,
626 213 830 241 Ministrantibus
842 213 905 249 ipsis

111 264 232 297 Domina,
247 263 386 299 Segregate
401 262 475 294 mihi,
495 266 524 288 ut
543 268 604 288 eum
625 259 745 295 ejusdem
769 259 906 294 dignitatis

110 318 172 337 esse
184 308 319 337 ostendat.
334 309 374 336 Ac
393 315 500 336 rursum
513 307 550 334 ait
568 306 702 338 Christus,
720 306 814 334 Servus
829 306 906 334 nescit

109 356 173 390 quid
192 356 271 391 faciat
285 355 402 382 dominus
424 355 479 389 ejus
503 352 593 389 (Joan.
615 352 659 379 l5.
684 352 731 387 15)
746 360 753 379 :
769 357 798 379 ut
816 356 906 379 autem

112 403 193 430 homo
206 402 283 429 novit
296 409 327 428 ea
343 408 403 436 quae
417 407 463 427 sua
478 403 551 433 sunt,
571 400 607 426 ita
627 399 742 434 Spiritus
757 398 830 426 novit
847 405 905 433 qute

114 448 161 475 Dei
176 453 239 475 sunt
251 447 289 483 (Ι.
306 447 366 475 Cor.
381 447 409 474 2.
424 446 482 480 Η),
504 453 558 473 non
576 446 647 481 quod
662 446 807 472 edoceatur
822 453 830 472 :
844 452 906 472 nam

112 494 148 521 ita
163 492 312 520 similitudo
326 492 377 520 sibi
391 499 444 519 non
462 495 609 519 constaret.
628 491 696 525 Quin
720 491 783 517 hinc
802 497 907 524 quoque

112 539 299 567 auctoritatem
315 547 347 566 ac
365 539 574 566 dominationem
591 545 666 565 suam
681 537 809 570 ostendit,
825 537 906 571 quod,

113 589 193 620 prout
214 585 281 617 vult,
296 589 432 620 operatur.
455 584 504 612 Hic
519 591 569 611 nos
591 582 773 614 transformat,
798 582 841 610 hic
860 589 909 609 nos

113 630 177 658 huic
198 631 298 657 saeculo
318 629 481 657 conformari
506 636 559 656 non
583 628 662 660 sinit,
691 628 735 655 bic
755 627 910 662 hujusmodi

112 677 258 704 creationis
284 675 381 703 artifex
416 679 467 703 est.
499 673 730 708 Quemadmodum
756 673 827 700 ettim
853 673 908 705 ait,

113 722 199 750 Creati
213 723 239 750 in
265 721 367 750 Christo
386 721 449 749 Iesu
465 721 572 758 (EpIm.
588 721 615 747 2.
633 721 679 755 10)
695 729 702 748 :
717 719 811 748 eodem
831 721 910 748 modo

114 769 164 800 ait,
175 768 226 796 Cor
238 768 360 795 mundum
373 776 430 795 crea
442 769 469 795 in
484 776 534 798 me.
544 767 621 799 Deus,
639 771 661 794 et
681 767 800 801 spiritum
814 771 909 793 rectum

114 813 209 840 innova
223 813 250 840 in
263 813 398 840 visceribus
415 813 476 840 meis
489 811 574 847 (Paul.
591 813 636 840 50.
652 812 709 847 12).
726 811 773 839 Vis
792 811 843 839 hoc
863 810 912 838 tibi

114 859 151 886 ab
173 859 303 894 apostolis
331 866 437 894 quoque
462 858 622 885 sensibiliori
644 853 724 885 modo
747 856 912 885 ostendam?

116 905 228 945 Paulum
244 905 342 940 cogita,
363 905 440 940 cujus
460 909 548 932 vestes
570 905 767 938 operabantur;
792 904 911 937 Petrum,

115 951 194 985 cujus
207 951 272 985 ipsas
289 958 395 986 quoque
418 951 521 978 umbrae
544 951 645 978 viribus
661 951 807 986 pollebant.
821 950 915 986 Neque

116 997 202 1029 enim,
225 997 276 1024 nisi
293 997 374 1031 Regis
398 997 539 1031 imaginem
554 1001 716 1031 gestassent,
730 1002 757 1024 et
775 996 914 1031 incompa-

117 1043 212 1070 rabilis
226 1043 334 1078 quidam
348 1042 437 1078 fulgor
449 1050 483 1070 ex
501 1042 566 1077 ipsis
583 1042 738 1075 effulsisset,
752 1050 846 1070 eorum
867 1050 915 1070 ve-

118 1093 174 1117 stes
198 1094 279 1124 atquo
307 1088 410 1116 umbra:
432 1093 472 1116 tot
494 1088 623 1116 miracula
650 1088 805 1116 edidissent.
835 1088 916 1122 Regis

119 1136 220 1171 quippe
231 1140 321 1163 vestes
335 1134 483 1162 latronibus
506 1135 585 1162 etiam
606 1135 703 1162 terrori
717 1139 788 1162 sunt.
804 1134 917 1162 Libetne

120 1182 213 1209 videre
224 1182 294 1210 hanc
307 1189 355 1217 per
365 1189 464 1216 corpus
482 1188 587 1217 quoque
600 1180 794 1208 collucentem?
808 1179 917 1207 Intuen-

120 1232 168 1259 tes,
184 1227 280 1262 inquit,
297 1227 390 1262 faciem
404 1226 541 1261 Stephani,
555 1226 671 1253 uiderunt
683 1230 811 1260 tamquam
826 1226 918 1261 facient

120 1273 207 1307 angeli
222 1272 320 1308 (Actor.
332 1273 358 1300 5.
372 1273 427 1307 15).
440 1273 606 1306 Quamquam
626 1271 692 1299 nihil
707 1272 776 1299 istud
789 1276 847 1299 erat
862 1279 917 1306 pra:

120 1319 206 1354 gloria
218 1326 261 1350 ea,
276 1326 336 1353 qua:
356 1318 460 1345 interne
475 1317 611 1345 rutilabat.
625 1317 692 1344 Nam
707 1317 777 1352 quod
792 1317 878 1344 Moses
891 1317 918 1344 in

121 1364 198 1390 vultu
220 1363 350 1396 habebat,
378 1363 428 1390 hoc
454 1363 498 1390 isti
520 1363 546 1390 in
568 1363 657 1390 anima
684 1363 917 1396 circumferebant,

122 1415 205 1445 atque
217 1409 284 1437 adeo
298 1409 382 1436 tnulto
396 1409 520 1444 amplius.
537 1409 643 1436 Etenim
654 1409 680 1437 id
692 1409 764 1444 quod
778 1409 844 1436 Mosi
855 1417 920 1436 con-

124 1455 255 1490 tingebat,
270 1455 362 1482 sensui
375 1454 524 1489 subjectum
540 1458 599 1482 erat
611 1462 619 1487 ;
633 1454 684 1482 ltoc
698 1460 788 1482 autem
798 1455 920 1489 corporis

124 1508 222 1536 expers
236 1505 286 1528 est.
303 1500 337 1527 Et
354 1500 422 1527 sicut
440 1500 516 1535 ignea
529 1507 655 1535 corpora,
675 1508 689 1527 a
703 1500 851 1535 splendidis
861 1507 920 1528 σοι-α

126 1546 239 1581 poribus
252 1546 279 1573 in
299 1545 325 1572 id
344 1545 417 1581 quod
429 1547 607 1581 propinquutn
621 1550 662 1573 est
681 1545 835 1578 defluentia,
857 1545 921 1580 ipsis

126 1600 235 1627 quoque
249 1591 418 1627 splendorem
436 1599 514 1619 suum
530 1591 686 1626 itnpertiunt
700 1599 706 1617 :
723 1591 818 1619 eodem
842 1592 922 1618 modo

128 1638 155 1665 in
178 1637 303 1664 fidelibtts
323 1644 429 1672 quoque
449 1645 498 1664 usu
510 1637 594 1664 venit.
610 1636 650 1664 0b
662 1644 774 1671 eamque
787 1644 894 1664 causam
906 1645 923 1664 a

129 1687 200 1710 terra
214 1681 373 1713 abscedunt,
387 1682 432 1716 qui
444 1682 480 1710 ita
493 1682 584 1710 affecti
598 1686 669 1714 sunt,
684 1682 854 1717 caelestiaque
865 1682 923 1709 sola

130 1729 196 1763 ipsis
211 1729 238 1755 in
252 1732 342 1756 mente
354 1733 505 1756 versantur.
519 1728 569 1756 Hei
584 1728 667 1756 mihi!
684 1729 727 1757 hic
740 1729 812 1757 enim
827 1729 925 1757 acerbe

128 1782 237 1809 quoque
261 1774 438 1809 ingemiscere
465 1774 605 1809 pulchrum
634 1774 725 1806 fuerit.
754 1775 836 1810 quod,
863 1782 924 1802 cum

131 1824 204 1847 tanta
219 1819 359 1847 nobilitate
372 1819 477 1855 praediti
491 1820 587 1853 simus,
609 1824 697 1848 tamen
714 1828 747 1848 ne
768 1827 799 1847 ea
818 1820 925 1856 quidem

130 1873 191 1901 qua:
204 1865 331 1892 dicuntur
343 1865 478 1899 novimus,
499 1865 561 1900 quia
575 1865 714 1894 confestim
729 1866 778 1893 bas
793 1873 836 1893 res
850 1866 927 1893 nobis

132 1913 222 1948 perire
234 1912 355 1944 sinimus,
370 1915 450 1947 atque
464 1912 496 1939 iis
507 1919 566 1946 quae
577 1912 603 1939 in
617 1920 724 1939 sensum
735 1912 832 1940 cadunt
842 1911 928 1939 inbia-
954 1915 955 1918 ‘

133 1966 203 1986 mus.
219 1959 322 1986 Arcana
336 1957 406 1986 enim
422 1957 479 1985 haec
497 1962 524 1985 et
538 1958 674 1986 tremenda
696 1958 779 1993 gloria
799 1960 832 1985 ad
847 1967 928 1986 unum

132 2006 243 2040 quidem
256 2010 302 2031 aut
316 2005 429 2032 alterum
448 2004 519 2032 diem
541 2004 567 2031 in
589 2005 664 2032 nobis
679 2009 787 2036 manet;
801 2005 928 2040 deinceps

133 2057 224 2078 autem
245 2058 305 2078 eam
326 2050 529 2085 exstinguimus,
544 2050 608 2077 dum
628 2050 794 2085 negotiorum
819 2050 929 2085 hujusce

133 2096 196 2123 vitae
212 2100 397 2130 tempestatem
413 2095 584 2128 accersimns,
604 2102 635 2123 ac
649 2103 696 2130 per
716 2095 824 2122 nubium
839 2095 930 2123 densi-

134 2146 216 2170 tatem
232 2142 321 2170 radios
330 2142 526 2178 propulsamus.

171 2189 237 2216 Hac
250 2190 299 2216 vita
317 2193 452 2224 tempestas
465 2193 553 2216 est.--
563 2188 718 2223 Tempestas
732 2188 802 2216 enim
821 2196 866 2216 res
880 2188 930 2215 htt-

134 2235 210 2272 jusce
222 2236 284 2262 vitae
299 2240 370 2267 sunt,
386 2242 418 2262 ac
430 2239 586 2269 tempestate
603 2234 742 2262 tristiores.
756 2234 847 2269 Neque
858 2234 930 2261 enim

138 2282 200 2310 hinc
215 2282 299 2317 frigus
313 2282 408 2314 oritur,
423 2288 471 2308 nec
485 2281 572 2315 pluvia
587 2288 637 2309 nec
645 2281 729 2308 lutum
739 2288 770 2308 ac
786 2280 932 2315 profundus

138 2329 229 2362 limus,
245 2328 304 2361 sed,
325 2336 384 2363 qua:
405 2328 445 2355 bis
460 2327 583 2355 omnibus
605 2327 727 2362 graviora
749 2332 821 2360 sunt,
836 2335 932 2362 nempe

138 2375 259 2410 gehenna
283 2378 310 2401 et
330 2374 459 2409 geltcnna:
480 2373 559 2400 mala.
576 2372 610 2401 Et
622 2373 845 2408 quemadmodum
855 2381 932 2408 gras-

140 2425 215 2447 sante
223 2419 356 2447 acerrimo
367 2419 465 2454 frigore
477 2418 595 2446 membra
604 2419 694 2446 omnia
702 2423 888 2453 concrescunt,
902 2427 934 2447 ac

141 2472 245 2494 mortua
256 2470 321 2493 sunt
334 2474 341 2491 :
355 2465 393 2493 sic
407 2466 486 2493 etiam
500 2465 605 2492 animus
618 2465 644 2492 in
652 2470 822 2500 peccatorum
835 2464 934 2500 frigore

140 2512 364 2544 contremiscens,
373 2511 473 2538 ttullum
484 2519 580 2538 munus
588 2519 666 2538 suutn
681 2511 844 2546 exsequitur,
852 2516 881 2538 ut
889 2511 934 2546 qni

140 2558 265 2585 videlicet
273 2557 435 2585 conscientia
443 2564 474 2584 ac
480 2557 502 2584 si
512 2557 571 2592 gelu
579 2563 720 2585 concretus
727 2556 769 2583 sit.
779 2557 854 2590 Quod
862 2557 934 2584 enim

140 2602 247 2637 corpori
263 2602 348 2637 frigus
356 2607 408 2635 est,
419 2601 471 2629 hoc
485 2602 574 2630 animo
585 2602 653 2629 mala
667 2601 829 2629 conscientia
843 2611 851 2629 :
865 2601 936 2630 unde

141 2647 222 2675 etiam
238 2647 365 2675 timiditas
379 2647 493 2675 exsistit.
504 2647 660 2687 Niltil'enim
674 2647 781 2674 homine
795 2647 936 2674 mundanis

142 2693 223 2720 rebus
235 2692 317 2720 affixo
331 2692 446 2720 timidius
465 2692 527 2727 fingi
541 2697 628 2727 potest
644 2701 651 2720 ι
668 2700 728 2719 nam
747 2693 793 2728 qui
805 2692 938 2727 ejusmodi

142 2743 193 2771 est,
214 2742 244 2765 ttt
263 2737 331 2765 Cain
352 2738 427 2770 vivit,
444 2737 562 2772 quotidie
585 2742 702 2764 tremens
716 2737 791 2773 (Gen.
813 2737 853 2773 4).
869 2737 938 2771 Quid

142 2789 230 2811 autem
250 2788 351 2810 mortes
370 2787 399 2811 et
411 2783 571 2811 detrimenta
585 2787 612 2810 et
626 2782 787 2810 offensiones
802 2787 829 2809 et
845 2790 938 2810 assen-

143 2828 260 2856 tationes
282 2833 310 2856 et
332 2829 459 2863 obeqnia
484 2828 714 2856 commemorem?
738 2835 810 2860 nam,
831 2832 861 2855 ut
883 2827 940 2855 haec

143 2875 276 2904 omittam.
289 2879 428 2902 scxcentas
439 2874 599 2902 mutationes
611 2873 769 2901 extimescit.
782 2875 868 2909 Atque
877 2881 938 2902 arca

641 155 675 184 IN
694 154 803 183 EPIST.
824 154 847 183 ll
877 155 923 183 AD
941 154 1020 184 C08.
1041 156 1156 185 HOMIL.
1179 156 1234 184 Vll.

1698 163 1752 192 ιω

958 214 1065 250 quidem
1079 222 1145 242 auro
1161 215 1258 242 referta
1280 219 1332 247 est,
1355 216 1459 244 animus
1480 222 1568 245 autem
1588 223 1752 254 paupertatis

957 265 1029 288 metu
1042 260 1152 288 minime
1162 266 1255 294 vacat;
1267 269 1298 289 ac
1311 263 1408 290 merito
1418 264 1534 298 quidem.
1547 264 1575 292 ln
1586 265 1667 293 rebus
1679 267 1751 294 enim

957 307 1099 334 imbecillis
1124 312 1151 336 ct
1173 315 1233 343 quae
1259 308 1335 336 facile
1361 314 1495 337 mutentur
1519 317 1644 338 ancoram
1669 311 1749 346 figit:

957 355 1062 382 etiamsi
1078 355 1134 389 ipse
1154 355 1319 390 naufragium
1341 363 1394 383 non
1409 357 1532 391 patiatur,
1549 358 1573 384 in
1587 358 1646 385 aliis
1662 362 1752 386 tamen

958 399 984 427 id
999 400 1173 434 perspiciens,
1189 401 1374 433 examinator;
1391 406 1469 436 atque
1483 407 1512 429 nt
1527 403 1626 437 ingenti
1650 403 1751 430 timidi-

959 450 1023 478 tate,
1044 446 1078 473 ita
1093 446 1193 481 ingenti
1208 447 1311 481 ignavia
1331 447 1443 474 laborat.
1459 447 1552 483 Neque
1565 448 1638 476 enim
1659 449 1752 483 hujus-

959 492 1031 519 modi
1050 492 1131 519 homo
1151 492 1178 519 in
1201 492 1327 527 periculis
1349 494 1496 525 dumtaxat,
1513 493 1560 520 sed
1579 494 1607 521 in
1628 494 1752 521 omnibus

959 537 1019 565 aliis
1031 538 1142 572 ignavus
1155 543 1205 565 est.
1220 538 1286 565 Nam
1300 539 1322 565 si
1338 539 1510 572 pecuniarum
1524 539 1656 574 cupiditas
1666 539 1753 566 irrue-

948 584 1004 627 'rit,
1020 592 1073 611 non
1095 589 1123 612 ut
1136 585 1266 619 ingenuus
1279 585 1321 611 vir
1335 585 1464 619 impetum
1487 586 1640 620 propulsat;
1662 586 1709 613 sed
1725 590 1753 612 nt

960 629 1047 664 pretio
1059 634 1177 664 emptum
1189 630 1350 664 mancipium
1359 630 1464 665 quidvis
1473 630 1545 663 facit,
1554 631 1673 658 avaritite
1684 635 1753 657 tam-

960 682 1039 709 quam
1053 675 1157 703 acerba:
1167 676 1282 703 domina:
1297 676 1427 704 serviens.
1441 676 1470 704 Si
1480 676 1624 704 formosam
1637 678 1752 711 aliquam

961 719 1076 753 puellam
1083 721 1251 756 conspicatus
1259 721 1347 754 fuerit,
1357 722 1477 756 protinus
1486 726 1579 756 captus
1589 722 1754 756 trepitlat,ra-

961 765 1070 800 bidiqtte
1086 767 1161 793 canis
1174 766 1201 793 in
1216 774 1318 794 moretn
1330 774 1388 794 eam
1400 767 1529 802 sequitttr,
1541 771 1602 792 cum
1612 769 1707 793 contra
1718 766 1753 791 fa-

963 808 1090 837 ciendum
1102 808 1149 836 sit.

1003 852 1030 880 6.
1050 851 1157 880 Etenim
1172 859 1235 880 cum
1255 851 1407 881 formosam
1424 852 1567 880 mulierem
1591 852 1699 886 cernis,
1722 861 1755 881 ne

968 899 1020 925 hoc
1036 904 1142 933 spectes
1154 899 1292 932 quomodo
1308 898 1466 933 cupiditatis
1482 903 1536 925 tuae
1557 905 1669 934 compos
1691 899 1753 931 fias,

967 945 1014 974 Sed
1023 944 1161 979 quomodo
1171 944 1318 979 cupiditate
1328 945 1461 973 libereris.
1478 944 1510 972 Et
1518 953 1636 980 quanam
1648 945 1754 973 ratione

968 991 1018 1019 hoc
1034 992 1092 1019 fieri
1106 991 1204 1026 possit,
1215 992 1341 1026 inquies?
1354 1000 1442 1027 neque
1456 992 1529 1019 enim
1543 999 1636 1019 amare
1647 993 1700 1019 mei
1712 998 1755 1019 est

968 1038 1082 1065 arbitrii.
1097 1038 1183 1074 Cujus
1197 1045 1262 1073 ergo
1276 1058 1284 1071 ,
1303 1038 1347 1065 dic
1364 1038 1449 1065 mihi?
1466 1037 1586 1065 lnsultns
1610 1038 1750 1064 diemOnis.

969 1084 1086 1112 Omnino
1095 1084 1178 1119 igitur
1184 1083 1335 1111 daemonem
1345 1091 1406 1111 esse
1416 1083 1570 1114 arbitraris,
1584 1083 1630 1118 qni
1640 1082 1754 1110 insidias

968 1131 1077 1159 struat?
1087 1130 1205 1159 Luctare
1214 1131 1306 1166 igitur.
1319 1138 1350 1157 ac
1359 1137 1450 1164 pugna
1458 1137 1519 1156 cuin
1533 1132 1638 1156 morbo.
1652 1129 1686 1155 At
1699 1135 1753 1155 non

967 1180 1088 1208 possum,
1108 1173 1223 1207 inquies.
1239 1173 1294 1207 Age
1310 1173 1389 1208 igitur
1407 1172 1457 1199 hoc
1477 1173 1593 1212 primum
1608 1178 1633 1200 te
1650 1174 1760 1201 docebi-

968 1228 1038 1253 mus,
1054 1220 1166 1255 ignavia:
1176 1223 1229 1247 tunc
1243 1227 1302 1247 esse
1317 1219 1343 1246 id
1357 1220 1428 1255 quod
1445 1219 1491 1247 tibi
1511 1220 1618 1252 accidit,
1637 1224 1716 1255 teque
1728 1221 1762 1247 ab

969 1267 1045 1294 initio
1056 1266 1170 1294 daemoni
1184 1266 1284 1294 aditum
1298 1266 1454 1301 prmbuisse,
1469 1274 1500 1293 ac
1510 1274 1590 1297 nunc.
1604 1266 1626 1293 si
1639 1266 1763 1293 voluntas

970 1313 1005 1340 ita
1020 1312 1120 1346 tulerit,
1135 1320 1195 1339 eum
1214 1311 1341 1339 facillime
1353 1312 1505 1346 propellere
1519 1319 1607 1346 posse.
1623 1312 1670 1339 Die
1685 1311 1761 1344 mihi,

969 1358 1013 1392 qui
1028 1357 1187 1385 adulterium
1201 1361 1366 1393 perpetrant,
1379 1362 1466 1384 utrum
1479 1365 1571 1385 amore
1583 1358 1653 1385 ducti
1666 1357 1691 1385 id
1704 1365 1764 1392 pcr-

970 1408 1094 1439 petrant,
1123 1411 1157 1431 an
1183 1403 1254 1438 quod
1282 1404 1439 1438 simpliciter
1471 1405 1586 1438 pt-ricula
1619 1405 1764 1439 expetant?

972 1450 1071 1476 Amore
1093 1448 1165 1477 ducti
1185 1449 1256 1476 hattd
1277 1448 1367 1477 dubie.
1383 1449 1451 1476 Nntn
1475 1449 1556 1484 igitur
1578 1449 1684 1476 veniam
1700 1457 1760 1484 pro-

971 1499 1064 1529 pterea
1079 1494 1222 1522 obtinent?
1244 1495 1361 1522 Minime.
1383 1495 1450 1528 Quid
1469 1495 1526 1522 ita?
1541 1495 1671 1528 Quoniam
1695 1496 1765 1530 ipsos

972 1548 1031 1568 rum
1052 1545 1093 1567 est
1116 1545 1265 1575 peccatum.
1282 1542 1316 1568 At
1332 1541 1395 1575 quid
1418 1541 1588 1576 syllogismos
1609 1540 1709 1569 nectis?
1727 1542 1767 1568 in-

973 1588 1207 1623 quies;eonscius
1226 1587 1291 1614 mihi
1316 1587 1374 1622 ipse
1396 1594 1468 1619 sum,
1484 1596 1527 1614 me
1551 1587 1675 1614 affectum
1696 1587 1767 1614 hunc

974 1633 1134 1662 submovere
1144 1633 1223 1665 velle,
1239 1640 1290 1660 nec
1302 1636 1391 1660 tamen
1406 1633 1432 1660 id
1447 1640 1566 1667 possum,
1578 1634 1625 1661 sed
1641 1633 1667 1661 id
1680 1634 1769 1661 immi-

976 1684 1032 1711 net,
1046 1679 1216 1714 graviterque
1226 1687 1270 1706 me
1283 1679 1381 1714 premit
1395 1683 1419 1706 et
1433 1680 1581 1707 excruciat.
1593 1679 1641 1707 Vis
1659 1679 1768 1715 quidem

975 1726 1052 1759 illud,
1068 1733 1085 1753 ο
1101 1726 1191 1758 homo,
1208 1725 1386 1758 submovere;
1402 1729 1430 1753 at
1445 1733 1497 1752 non
1512 1733 1543 1753 ea
1556 1725 1634 1759 facis,
1649 1734 1709 1762 quae
1724 1735 1769 1754 rc-

978 1772 1079 1806 pellere
1092 1771 1212 1806 possint;
1224 1778 1317 1799 verum
1334 1770 1444 1805 perinde
1459 1771 1535 1804 facis,
1552 1775 1581 1798 ut
1592 1772 1615 1799 si
1625 1773 1685 1807 quis
1701 1773 1769 1800 febri

977 1821 1127 1851 correptus,
1143 1824 1174 1844 ac
1195 1823 1254 1844 sese
1273 1816 1370 1850 frigida
1386 1824 1455 1851 aqua
1477 1816 1652 1851 ingurgitans,
1673 1818 1743 1845 dicat
1759 1827 1765 1844 :

978 1864 1080 1897 Quanta
1095 1863 1294 1895 comminiscor,
1310 1862 1374 1889 dum
1389 1862 1483 1889 febritn
1494 1863 1663 1897 exstinguere
1677 1864 1772 1891 studeo

979 1916 1029 1936 nec
1041 1916 1162 1943 possunt,
1176 1907 1225 1935 sed
1238 1907 1370 1934 flammatn
1385 1908 1473 1942 potius
1486 1915 1572 1934 mcam
1587 1908 1726 1935 accendo?

1014 1954 1167 1990 Cupiditati:
1177 1954 1366 1989 exstinguenda:
1379 1953 1480 1980 modus.
1491 1968 1527 1973 —-
1537 1953 1680 1982 Videamus
1694 1955 1774 1990 igitur

981 2008 1043 2029 num
1060 2006 1088 2027 tu
1102 2007 1208 2035 quoque
1221 2007 1253 2026 ea
1275 1999 1368 2031 facias,
1382 2007 1441 2033 quae
1457 2000 1579 2026 morbum
1595 2000 1772 2034 inflamment,

980 2055 1041 2075 cum
1058 2050 1084 2074 te
1104 2054 1135 2073 ea
1150 2046 1303 2081 excogitare
1324 2048 1412 2079 putes,
1431 2053 1491 2079 qua:
1505 2045 1688 2080 exstinguant.
1702 2046 1773 2080 Non,

982 2092 1079 2128 inquis.
1092 2092 1139 2120 Dic
1149 2092 1240 2127 igitur,
1254 2090 1391 2126 quidnam,
1404 2095 1433 2117 ut
1445 2091 1565 2118 morbum
1577 2093 1773 2126 exstingueres,

983 2139 1071 2166 facere
1086 2145 1211 2173 umquam
1225 2144 1255 2165 es
1270 2140 1383 2164 conatus
1394 2136 1406 2162 ?
1417 2136 1480 2171 quid
1492 2142 1581 2164 autem
1597 2137 1707 2165 omnino
1721 2144 1774 2171 est,

982 2185 1054 2220 quod
1073 2184 1196 2211 morbum
1216 2182 1333 2218 augeat?
1346 2181 1462 2215 Etenim,
1483 2182 1545 2210 licet
1560 2190 1612 2210 non
1627 2190 1722 2211 omnes
1735 2185 1776 2212 his

983 2230 1140 2259 criminibus
1158 2228 1266 2255 obnoxii
1279 2228 1365 2255 simus
1384 2228 1487 2263 (plures
1498 2228 1571 2256 enim
1590 2230 1709 2264 reperire
1723 2235 1775 2263 est,

984 2277 1029 2311 qui
1045 2275 1218 2310 pecuniarum
1233 2281 1313 2309 quam
1335 2274 1381 2308 qui
1399 2281 1543 2307 corporum
1560 2281 1652 2303 amore
1667 2281 1777 2304 tenean-

985 2322 1059 2357 tur);
1079 2327 1222 2348 commune
1237 2324 1326 2347 tamen
1341 2320 1475 2353 omnibus,
1501 2325 1553 2347 tam
1573 2321 1615 2348 his
1629 2329 1708 2356 quam
1725 2322 1778 2349 illis

986 2367 1134 2396 remedium
1150 2369 1324 2401 proponetur.
1348 2364 1415 2392 Nam
1435 2369 1463 2392 et
1485 2365 1531 2392 ille
1549 2373 1626 2393 amor
1646 2366 1779 2395 absurdus

986 2418 1038 2447 est,
1052 2418 1079 2440 et
1092 2412 1135 2439 hic
1154 2419 1277 2447 quoque;
1292 2418 1385 2438 verum
1402 2410 1445 2438 bic
1464 2410 1512 2438 illo
1528 2412 1617 2439 acrior
1629 2416 1672 2439 est
1689 2420 1721 2440 ac
1734 2421 1779 2441 ve-

987 2459 1146 2487 hementior.
1158 2457 1339 2491 Quamobrem
1354 2457 1374 2484 si
1394 2456 1522 2492 majorem
1539 2459 1756 2492 superaveritnns
1770 2480 1778 2493 ,

987 2514 1041 2533 non
1054 2510 1096 2532 est
1110 2504 1219 2532 dubittm
1232 2503 1296 2539 quin
1318 2503 1449 2530 tninorem
1466 2511 1573 2538 quoque
1591 2503 1670 2532 facile
1688 2505 1779 2533 vinca-

989 2560 1059 2580 mus.
1080 2551 1126 2583 At,
1141 2550 1255 2585 inquies,
1274 2550 1295 2577 si
1309 2549 1397 2576 acrior
1416 2549 1458 2576 hic
1475 2557 1551 2576 amor
1563 2555 1614 2582 est,
1631 2551 1676 2586 qui
1696 2550 1735 2584 fit,
1752 2556 1779 2580 ut

989 2605 1043 2626 non
1057 2604 1151 2624 omnes
1165 2596 1216 2623 hoe
1228 2596 1300 2623 malo
1312 2595 1502 2630 corripiantur,
1520 2596 1567 2623 sed
1590 2596 1679 2630 plures
1692 2597 1725 2624 ad
1739 2598 1778 2624 in-

990 2643 1092 2670 saniam
1108 2649 1191 2677 usqtte
1204 2641 1330 2676 pecunias
1339 2641 1450 2667 ament?
1461 2640 1578 2668 Primum
1592 2642 1652 2676 quia
1663 2643 1778 2677 pericula

991 2695 1084 2716 carere
1096 2687 1202 2715 videtur
1217 2687 1274 2714 haec
1294 2685 1442 2721 cupiditas;
1463 2686 1560 2714 deinde
1577 2688 1714 2721 quoniam,
1732 2688 1782 2715 etsi

991 2741 1137 2769 corporum
1148 2732 1281 2768 cupiditas
1300 2732 1389 2759 acrior
1401 2737 1454 2765 est,
1477 2736 1565 2759 tamen
1583 2733 1662 2760 citius
1679 2734 1781 2771 exstin-

992 2780 1093 2816 guitur.
1115 2779 1181 2807 Nam
1199 2779 1222 2806 si
1242 2783 1384 2813 perstaret.
1405 2783 1433 2805 ut
1448 2779 1620 2814 pecuniarum
1640 2779 1782 2814 cupiditas,

994 2835 1055 2856 eum
1068 2827 1113 2861 qui
1128 2831 1222 2861 captus
1235 2829 1307 2853 esset
1325 2824 1444 2852 funditus
1465 2825 1598 2859 perderet.
1618 2825 1674 2860 Age
1692 2825 1781 2864 igitur,

998 2873 1031 2901 dc
1045 2873 1096 2900 hoc
1109 2879 1252 2907 corporum
1264 2878 1355 2898 amore
1365 2870 1397 2897 ad
1409 2878 1456 2897 vos
1468 2869 1641 2904 disseramus,
1651 2876 1682 2897 ac
1694 2869 1785 2897 vidca-
