2026 3119
261 174 313 205 451

263 243 324 263 mus
338 234 470 262 undenam
492 232 684 259 incrementum
699 233 787 257 sumat
809 228 860 256 hoc
882 229 999 255 malum:
1015 228 1054 254 sic

263 282 334 308 enirn
361 284 530 314 perspectum
555 276 723 307 habebimus,
749 280 840 302 utrum
861 274 940 308 culpa
964 279 1055 300 nostra

263 325 445 356 contrahatur,
464 329 548 350 necne
565 332 572 350 :
587 329 627 352 ac,
643 321 665 349 si
681 322 758 355 culpa
773 324 863 347 nostra
875 318 1054 351 contrahitur,

263 371 328 398 nihil
343 378 395 396 non
418 369 556 400 faciamus,
573 375 627 402 quo
638 367 791 400 superiores
806 372 839 393 eo
858 365 942 391 simus
953 372 960 396 ;
973 364 995 390 si
1009 371 1057 389 au-

263 421 315 442 tem
330 419 404 442 extra
417 414 522 448 culpam
541 411 644 445 sumus,
659 411 723 446 quid
739 411 836 437 frustra
854 409 979 443 nosipsos
999 415 1056 435 ma-

260 460 402 488 ceramus?
417 459 480 494 quid
493 459 556 486 item
572 458 614 491 iis,
634 457 679 492 qui
694 464 727 484 eo
741 457 894 491 capiuntur,
913 462 964 481 non
981 453 1056 488 igno-

261 507 361 534 scimus
386 505 490 540 potius,
519 512 599 540 quam
633 502 845 531 succensemus?
872 501 949 529 Unde
976 500 1056 535 igitur

261 553 379 579 nascitur
404 551 447 578 hic
469 550 566 577 amor?
590 550 630 577 Ab
652 549 784 584 elegantia
810 548 914 579 formze,
939 547 1054 581 inquies.

261 605 321 624 cum
335 596 439 624 scilicet
452 596 561 630 pulchra
576 599 603 622 et
619 599 729 622 venusta
741 602 771 621 ea
783 593 872 626 fuerit,
887 600 946 627 qme
958 592 1056 618 Vllanl

261 643 351 670 infert.
363 642 473 670 Frustra
481 646 508 669 et
520 647 620 669 temere
633 641 773 668 Inmodicis.
782 639 846 666 Nam
859 639 881 666 si
898 639 989 666 [unum
1001 637 1056 672 pul-

262 688 386 715 chritudo
399 693 532 714 amatores
543 687 672 717 alliceret,
688 693 782 712 omnes
795 686 907 712 haberet
921 687 1054 710 amatores

262 734 320 762 hzec
335 735 420 770 puella
435 742 442 760 ε
457 734 528 769 quod
542 734 564 760 si
583 741 635 760 non
655 739 750 759 omnes
766 731 855 763 habet,
872 729 985 765 proinde
1004 736 1054 756 1100

261 786 363 808 11010110
377 788 426 807 1100
440 780 553 814 eleganti
565 779 667 810 formrc,
679 778 726 805 sed
738 777 878 812 impudicis
889 776 973 803 oculis
984 775 1054 802 Istud

261 825 466 853 adscribeudmn
481 829 531 852 est.
547 824 612 852 Nam
625 831 686 851 cum
698 831 757 850 eam
769 824 877 849 curiose
889 822 996 848 intuens
1009 828 1056 848 su-

260 871 392 907 spexeris,
413 875 492 905 atque
509 870 653 902 adamaris,
668 869 748 896 telutn
763 868 903 903 excepisti.
924 867 1052 901 Quisnam

259 924 360 950 autem,
376 917 490 951 inquies,
503 915 591 942 facere
606 916 699 950 possit,
716 918 744 941 ut
757 914 896 949 pulchram
912 913 1052 940 mulierem

259 970 384 994 cernens,
408 969 461 988 non
475 969 534 988 eam
557 960 660 987 laudet?
675 961 733 994 Quo
754 960 792 993 fit,
811 963 840 986 ut
859 967 920 986 cum
939 966 982 986 res
1003 958 1054 985 hu-

258 1007 375 1043 jusmodi
401 1007 504 1040 mirari,
525 1006 671 1032 voluntatis
696 1009 795 1032 nostra:
819 1005 930 1032 minime
952 1004 998 1037 sit,
1019 1010 1053 1030 ne

259 1062 336 1081 amor
349 1054 455 1089 quidem
477 1053 503 1080 iu
519 1058 613 1080 nostro
632 1052 744 1079 arbitrio
758 1051 827 1078 situs
842 1051 887 1078 sit.
902 1050 1019 1082 Absiste,
1035 1057 1053 1076 o

259 1101 358 1127 11011101
380 1099 449 1133 Quid
464 1099 554 1126 omnia
567 1099 646 1125 simul
665 1097 815 1130 confundis,
831 1097 949 1132 undique
963 1096 988 1123 111
1005 1103 1054 1122 or-

259 1147 319 1174 bem
331 1154 486 1177 excurrens,
501 1153 551 1172 nec
565 1145 626 1172 mali
641 1145 757 1171 radicem
773 1143 926 1178 perspicere
939 1142 1052 1169 volens?

259 1193 390 1228 siquidem
415 1192 558 1226 plerosque
578 1190 665 1222 video,
690 1189 734 1224 qui
756 1190 869 1216 formam
885 1188 1053 1214 admirentur

258 1246 291 1266 ac
305 1238 427 1266 laudibus
451 1237 574 1269 efferant,
591 1245 641 1263 nec
655 1242 744 1263 tamen
763 1238 864 1262 autent.
887 1235 920 1262 Et
933 1235 978 1269 qui
994 1234 1051 1261 fieri

259 1291 357 1321 potest,
374 1285 472 1319 inquis,
488 1284 571 1319 utqui
587 1284 728 1313 tnirantur,
745 1289 797 1309 non
813 1282 875 1308 item
894 1280 1002 1307 ament?
1013 1279 1052 1307 Ne

259 1330 433 1361 tumultuare,
448 1337 555 1364 qmeso;
579 1328 629 1355 hoc
643 1328 714 1355 enim
734 1327 822 1354 dicere
842 1334 926 1362 paro;
941 1326 988 1353 scd
1004 1333 1052 1353 cx-

257 1380 361 1411 specta,
376 1380 402 1402 et
416 1374 508 1402 audies
530 1374 641 1405 Mosem,
664 1373 746 1400 filium
767 1372 1048 1404 ⁴111001)111111111111110111,

257 1430 288 1448 ac
302 1422 434 1448 (licentem
449 1428 455 1446 :
471 1419 504 1446 Et
516 1424 568 1446 erat
582 1419 679 1453 Joseph
693 1418 799 1453 pulchra
811 1418 886 1453 facie,
906 1423 930 1444 et
946 1422 1050 1452 aspectu

258 1468 364 1493 decorus
378 1466 451 1492 valde
465 1465 541 1499 (Gen.
562 1464 606 1491 59.
627 1464 666 1498 6).
686 1463 755 1490 Num
770 1463 849 1497 igitur
869 1469 1010 1498 propterea
1027 1463 1049 1490 is

256 1512 373 1544 amabat,
385 1512 428 1545 qui
440 1511 497 1537 haec
507 1510 628 1537 dicebat?
640 1509 757 1536 Minime.
769 1509 826 1535 Non
838 1509 920 1542 enim,
934 1508 1048 1543 inquies,

256 1566 317 1585 eum
344 1564 422 1591 quem
451 1555 574 1582 laudabat
601 1555 737 1582 cernebat.
759 1555 839 1589 Atqui
862 1562 925 1589 erga
945 1554 1049 1581 auditas

256 1610 361 1638 quoque
376 1603 474 1628 formas
489 1601 523 1627 ita
539 1599 735 1634 quodammodo
748 1599 890 1632 afiicimur,
906 1607 958 1626 non
969 1599 1049 1626 modo

255 1655 318 1682 erga
334 1651 501 1681 conspectas.
522 1645 620 1673 Verum
636 1654 668 1672 ne
688 1645 753 1672 mihi
774 1645 799 1672 in
823 1645 864 1672 his
887 1645 967 1672 rebus
982 1653 1047 1672 con-

257 1694 402 1720 tentionem
415 1699 522 1718 moveas
536 1701 543 1723 ;
559 1699 648 1718 annon
661 1691 742 1718 David
755 1691 899 1718 admodum
914 1691 1048 1718 formosus

255 1745 324 1771 erat,
340 1747 372 1766 ac
387 1738 512 1766 subrufus
525 1745 585 1764 cum
601 1738 739 1765 oculorum
755 1737 974 1772 pulchritudine?
988 1746 1048 1772 qua:

256 1787 393 1813 oculorum
413 1784 543 1819 elegantia
563 1784 678 1810 maxime
699 1783 816 1810 violenta
840 1783 1048 1818 pulchritudinis

255 1840 318 1867 pars
340 1836 390 1858 est.
412 1830 480 1857 Nunt
502 1829 580 1864 igitur
600 1829 731 1864 quispiam
747 1829 830 1864 ipsius
846 1836 939 1856 amore
954 1833 1048 1863 captus

255 1878 315 1906 est?
331 1877 438 1904 Minime
453 1886 459 1904 :
473 1884 525 1903 non
538 1876 617 1910 igitur
631 1883 683 1902 una
698 1883 758 1902 cum
777 1875 953 1903 admiratione
972 1884 1049 1903 amor

255 1925 334 1951 etiam
349 1923 476 1950 nascitur.
494 1921 560 1948 Nam
580 1925 606 1948 ct
621 1927 719 1948 matres
734 1922 810 1948 multi
823 1921 975 1949 habuerunt
988 1930 1049 1949 cor-

255 1970 327 2004 poris
348 1967 543 2003 pulchritudine
560 1966 761 1994 ﬂorentissimas
783 1976 789 1993 :
810 1975 873 1994 num
898 1967 978 2002 igitur
1000 1968 1046 1995 lilii

254 2023 346 2042 earum
362 2022 452 2040 amore
467 2013 566 2040 incensi
582 2013 659 2039 sunt?
679 2013 755 2039 Absit
778 2013 858 2040 istud.
880 2013 1045 2048 Quamquam

253 2062 325 2089 enim
344 2060 369 2087 id
384 2060 454 2095 quod
474 2064 588 2086 cernunt
607 2058 782 2090 admirentur,
800 2064 888 2086 tamen
905 2059 931 2085 in
945 2059 1046 2087 foedum

253 2114 373 2134 amorem
393 2114 445 2132 non
460 2105 588 2132 incidunt.
603 2106 647 2137 At,
661 2112 766 2132 rursum
784 2105 899 2140 inquies,
917 2106 968 2133 hoc
981 2106 1045 2141 ipsis

254 2159 346 2180 natura
369 2155 487 2186 prmstat.
508 2150 835 2183 Quzenam,oro,natura?
854 2150 921 2184 Quia
946 2156 1045 2179 matres

252 2205 325 2232 sunt,
345 2198 458 2232 inquies.
481 2197 575 2223 Annon
591 2196 668 2222 audis
690 2196 786 2223 Persas
802 2196 909 2224 nemine
921 2203 1043 2231 cogente,

252 2252 313 2271 cum
335 2243 462 2270 matribus
475 2242 530 2269 suis
550 2241 668 2273 misceri,
687 2248 736 2268 nec
748 2249 829 2268 unum
844 2247 889 2268 aut
902 2242 980 2275 duos,
997 2243 1045 2270 sed

253 2292 404 2318 universam
418 2288 544 2323 gentem?
557 2287 625 2321 Quin
636 2288 702 2314 citra
717 2287 773 2314 11100
788 2288 889 2323 liquido
903 2289 965 2317 hinc
979 2297 1039 2317 con~

252 2341 305 2364 atat
322 2336 445 2362 morbum
459 2335 529 2361 hunc
542 2342 595 2361 non
609 2335 731 2368 corporis
742 2333 893 2370 elegantiae,
914 2343 963 2362 nec
978 2336 1044 2363 sim-

253 2383 357 2418 pliciter
371 2380 779 2417 pulchritudiniadscribendum
803 2389 874 2414 esse,
894 2382 941 2410 sed
960 2383 1043 2411 animi

252 2428 382 2457 socordae
405 2433 483 2462 atque
507 2427 680 2454 oberrationi.
706 2427 832 2455 Permulti
852 2429 964 2462 etenim,
983 2438 1043 2457 eum

252 2476 404 2502 innumeras
424 2473 559 2508 praestanti
581 2473 666 2500 forma
689 2474 816 2501 mulieres
834 2476 1041 2509 praeteriissent,

251 2519 414 2547 deformibus
433 2526 492 2546 sese
507 2518 638 2546 dedcrttnt
651 2527 658 2545 :
673 2526 705 2546 ex
728 2527 780 2553 quo
798 2520 968 2554 perspicuum
988 2526 1040 2554 est,

251 2574 367 2594 amorem
384 2574 398 2592 a
416 2565 507 2592 forma:
528 2569 665 2591 venustate
687 2565 798 2592 minitne
813 2566 957 2600 proﬁcisci.
975 2567 1041 2594 Nam

251 2615 273 2641 si
288 2615 322 2641 ita
337 2617 418 2644 esset,
430 2613 457 2644 ii,
473 2612 517 2646 qui
531 2612 556 2638 in
569 2619 687 2638 amorem
703 2611 863 2644 inciderunt,
876 2613 909 2640 ab
925 2613 978 2640 illis
993 2621 1042 2652 po_-

252 2660 303 2687 tius
320 2667 396 2694 quam
413 2658 446 2685 ab
468 2658 525 2684 istis
539 2657 609 2691 capti
630 2656 752 2683 fuissent.
767 2657 899 2690 Quidnam
917 2659 996 2693 igitur
1015 2660 1041 2686 in

250 2712 329 2733 causa
340 2703 526 2738 est'2inqnies;
546 2710 606 2729 nam
623 2702 645 2728 si
661 2701 753 2729 formae
768 2703 896 2730 honestas
910 2712 962 2731 nou
979 2705 1042 2732 facit

251 2756 279 2778 ut
293 2751 423 2785 quispiam
435 2753 517 2780 amet,
534 2748 604 2774 unde
617 2748 695 2782 igitur
709 2756 786 2775 amor
800 2756 908 2776 causam
921 2757 952 2777 ac
967 2751 1038 2777 radi-

250 2804 308 2825 cem
323 2796 421 2823 habet?
432 2803 465 2821 an
481 2802 495 2821 a
511 2794 581 2821 malo
591 2794 730 2821 dmmone?
744 2794 830 2822 liabet
848 2802 954 2830 quoque
968 2795 1041 2824 illinc

251 2848 349 2875 01111111,
362 2841 410 2868 sed
421 2848 474 2867 non
487 2839 536 2867 hoc
547 2844 588 2867 est
601 2839 671 2875 quod
682 2840 811 2875 quaeritur
823 2847 832 2872 ;
844 2848 935 2868 verum
951 2849 1039 2869 annon

250 2890 298 2926 ipsi
313 2896 417 2926 quoque
430 2887 457 2916 in
465 2895 543 2915 causa
558 2887 651 2916 simus.
664 2886 754 2922 Neque
764 2888 835 2916 enim
845 2887 950 2916 illorum
962 2888 1040 2917 dum-

626 173 655 200 S.
671 171 809 200 J0.\NNlS
823 167 1063 198 CllRYSOSTOMl
1082 167 1243 197 ARCIIIEP.
1265 170 1536 199 CONSTANTl‘NOP.

1850 176 1906 204 £32

1111 231 1184 255 taxat
1202 235 1263 256 sunt
1285 229 1399 262 insidiae,
1422 232 1468 258 sed
1491 239 1551 258 cum
1568 231 1621 259 illis
1644 239 1658 259 a
1680 233 1757 260 nobis
1776 235 1903 269 primum.

1109 272 1167 300 Non
1183 274 1290 302 aliunde
1304 276 1470 310 perniciosus
1481 277 1524 304 hic
1538 278 1648 305 morbus
1661 286 1736 313 aeque
1747 285 1835 307 ortum
1849 287 1905 309 tra-

1110 319 1158 352 hit,
1175 324 1255 354 atque
1272 328 1286 348 a
1307 322 1502 349 consuetudine
1514 327 1542 350 et
1557 324 1698 351 verborum
1717 325 1862 359 blanditiis,
1877 333 1906 355 01

1109 365 1165 391 otio
1184 373 1215 392 ac
1230 367 1388 399 cessatione,
1405 368 1530 403 quodque
1551 368 1618 396 nihil
1632 370 1702 404 quod
1717 379 1836 405 agamus,
1853 372 1902 400 ha-

1108 409 1230 438 beamus.
1907 418 1913 450 }

1145 457 1171 483 7.
1193 456 1287 484 Modus
1299 459 1487 494 exstinguenda:
1500 460 1622 487 libidinis.
1631 476 1665 481 -—
1677 461 1769 497 Magna
1792 451 1916 500 quippini

1109 511 1215 539 magna,
1240 505 1360 540 inquam,
1385 507 1586 535 consuetudinis
1606 508 1645 535 vis
1667 514 1718 541 est,
1742 511 1904 545 atqueach

1109 553 1192 582 tanta,
1209 551 1273 578 utin
1288 556 1389 578 naturae
1400 553 1587 580 necessitatem
1602 555 1707 588 migret.
1719 555 1794 588 Quod
1807 558 1828 583 si
1844 564 1904 583 cou-

1108 596 1258 622 suetudinis
1266 602 1305 623 est
1318 596 1384 624 hanc
1397 605 1547 632 procreare,
1562 606 1614 626 non
1628 600 1737 627 dubium
1746 602 1810 635 quin
1822 602 1902 629 etiam

1108 642 1287 676 exstinguere.
1302 642 1372 670 Sane
1387 643 1461 670 multi
1476 650 1596 672 amantes
1606 645 1644 672 sic
1653 653 1742 673 amare
1752 646 1901 681 desierunt,

1107 695 1167 714 cum
1191 697 1256 723 quas
1276 690 1410 722 amabant,
1433 698 1484 717 non
1507 697 1658 719 cernerent.
1683 693 1738 720 lloc
1759 699 1848 720 autent
1868 694 1901 722 ad

1108 732 1188 760 breve
1202 734 1309 769 quidem
1325 740 1431 771 tempus
1445 736 1572 764 acerbum
1587 745 1618 764 ac
1634 745 1760 772 perquam
1777 739 1901 773 injucun-

1106 779 1169 807 dum
1184 788 1244 808 esse
1258 781 1381 814 videtur;
1400 786 1428 809 at
1440 790 1583 818 progressu
1599 785 1726 818 temporis
1739 793 1822 813 suave
1841 786 1900 813 effi-

1106 825 1187 859 citur,
1210 833 1241 853 ac
1266 835 1299 853 ne
1322 828 1343 854 si
1367 828 1451 855 velint
1477 828 1597 863 quidem,
1623 830 1746 857 morbum
1772 839 1899 860 remeare

1106 876 1216 906 queant.
1233 872 1301 906 Quid
1322 873 1412 908 igitur,
1428 874 1542 909 inquies,
1558 883 1619 902 cum
1642 875 1709 902 citra
1729 878 1900 904 consuetudi-

1106 925 1167 944 nem
1182 918 1262 945 ullam
1278 918 1311 946 ab
1326 919 1385 953 ipso
1399 919 1485 953 primo
1507 925 1617 954 aspectu
1633 927 1726 955 captus
1740 921 1835 949 fuero?
1854 922 1899 950 llic

1105 971 1211 998 quoque
1226 964 1252 991 in
1266 972 1346 991 causa
1359 970 1400 992 est
1415 965 1537 1000 corporis
1547 965 1660 998 desidia,
1673 972 1718 993 aut
1729 967 1843 1000 deliciae,
1854 973 1899 995 aut

1105 1009 1175 1044 quod
1191 1017 1223 1036 ea
1236 1018 1296 1044 qua:
1310 1017 1378 1044 opus
1392 1014 1454 1037 sunt
1469 1018 1522 1038 non
1537 1019 1625 1043 cures,
1639 1019 1688 1039 nec
1700 1012 1725 1039 in
1738 1014 1899 1041 necessariis

1105 1055 1219 1090 negotiis
1230 1056 1355 1082 verseris.
1368 1055 1433 1083 Nam
1447 1056 1493 1090 qui
1508 1057 1569 1083 talis
1583 1061 1636 1089 est,
1649 1057 1733 1084 instar
1741 1058 1844 1084 erronis
1854 1066 1899 1085 cu-

1102 1100 1220 1135 juspiam
1237 1102 1331 1136 quovis
1346 1102 1417 1128 malo
1439 1102 1621 1137 transfigitur:
1642 1107 1724 1137 atque
1746 1103 1897 1138 hujusmodi

1104 1146 1232 1178 animam,
1249 1153 1303 1174 non
1319 1155 1397 1174 secus
1416 1155 1448 1174 ac
1471 1155 1582 1183 puerum
1605 1153 1755 1182 vagantem,
1778 1150 1898 1185 quisquis

1104 1192 1162 1219 vult
1177 1192 1202 1218 in
1218 1193 1375 1220 servitutem
1393 1193 1485 1220 trahit.
1501 1194 1633 1228 Quoniam
1648 1196 1719 1222 enim
1735 1195 1792 1230 ipsa
1808 1195 1896 1224 hocin

1104 1245 1180 1264 more
1193 1238 1308 1272 positum
1320 1238 1411 1271 habet,
1428 1244 1456 1266 ut
1466 1239 1568 1274 aliquid
1582 1246 1718 1275 operetur,
1732 1241 1754 1268 si
1771 1242 1855 1276 ipsius
1871 1243 1897 1269 in

1104 1283 1184 1310 rebus
1198 1283 1470 1316 honestis,actionem
1479 1286 1652 1319 comprimas,
1667 1287 1728 1321 quia
1740 1287 1804 1314 nihil
1819 1295 1897 1322 agerc

1104 1336 1156 1355 non
1170 1334 1269 1364 potest,
1283 1330 1334 1356 alia
1349 1330 1434 1364 pariat
1446 1337 1557 1358 necesse
1570 1335 1621 1359 est.
1637 1331 1713 1359 Sicut
1723 1334 1795 1360 enim
1815 1338 1895 1367 terra,

1103 1381 1165 1401 cum
1179 1382 1228 1402 nec
1236 1375 1334 1402 seritur
1345 1382 1395 1402 nec
1406 1376 1550 1410 plantatur,
1563 1377 1673 1404 herbam
1685 1377 1824 1405 dumtaxat
1838 1387 1896 1413 pro-

1103 1419 1172 1447 fert:
1189 1420 1225 1447 ita
1245 1425 1271 1447 ct
1287 1422 1385 1454 anima,
1407 1428 1469 1449 cum
1493 1423 1706 1449 necessariarum
1723 1431 1814 1451 rerum
1831 1423 1895 1451 nihil

1102 1465 1183 1493 habet
1202 1466 1273 1500 quod
1298 1470 1368 1500 agat,
1384 1471 1465 1501 atque
1483 1467 1583 1502 aliquid
1597 1475 1678 1502 agere
1691 1469 1792 1503 cupiat,
1807 1471 1896 1504 pravis

1102 1511 1182 1538 rebus
1195 1519 1225 1538 se
1240 1511 1329 1538 tradit.
1345 1511 1378 1539 Et
1392 1513 1462 1539 sicut
1477 1512 1580 1546 oculus,
1593 1513 1638 1548 qui
1649 1521 1761 1541 cernere
1774 1523 1895 1543 110110οε-

1101 1562 1153 1590 sat,
1172 1565 1251 1592 prava
1265 1562 1357 1585 cernat
1368 1565 1479 1585 necesse
1492 1562 1544 1591 est,
1559 1566 1620 1585 cum
1632 1559 1709 1586 bonis
1724 1560 1838 1594 objectis
1851 1569 1896 1588 ca-

1101 1608 1158 1630 ret:
1172 1603 1210 1630 sic
1220 1604 1299 1631 etiam
1310 1604 1424 1636 animus,
1436 1612 1537 1631 cumse
1548 1612 1563 1631 a
1575 1605 1733 1632 necessariis
1743 1606 1894 1638 abduxerit,

1099 1650 1154 1685 jam
1169 1650 1239 1677 circa
1251 1649 1353 1676 inutilia
1368 1655 1500 1677 versatur.
1513 1651 1619 1686 Alioqui
1634 1652 1705 1685 quod
1719 1653 1862 1687 occupatio
1870 1658 1896 1681 et

1100 1696 1294 1734 cura‘primum
1307 1704 1412 1731 quoque
1425 1696 1552 1731 impetum
1564 1697 1713 1732 propellere
1727 1704 1819 1732 queat,
1830 1700 1895 1725 11101-

1101 1742 1134 1768 tis
1141 1742 1305 1776 argumentis
1317 1742 1407 1776 liquet.
1420 1742 1600 1776 Quamobrem
1613 1752 1672 1770 011111
1688 1744 1826 1778 pulchram
1838 1753 1895 1772 11111-

1101 1787 1194 1814 11010111
1208 1788 1393 1822 conspexeris,
1408 1788 1442 1815 ab
1466 1796 1551 1822 eaque
1573 1793 1599 1816 te
1620 1789 1745 1817 affectum
1766 1792 1893 1824 senseris,

1100 1840 1159 1860 eam
1174 1841 1207 1860 ne
1219 1834 1287 1860 ultra
1301 1841 1408 1867 cernas,
1423 1839 1449 1861 et
1464 1834 1594 1862 liberatus
1607 1843 1646 1862 es.
1662 1835 1696 1863 Et
1707 1837 1751 1871 qui
1771 1836 1829 1864 fieri
1846 1845 1894 1872 ρος

1101 1880 1174 1912 terit,
1190 1880 1305 1914 inquies,
1318 1885 1346 1906 ut
1360 1888 1418 1907 eam
1434 1881 1500 1907 ultra
1516 1889 1568 1908 non
1581 1889 1700 1915 cernam,
1716 1890 1776 1910 cum
1792 1883 1894 1918 cumdi-

1100 1930 1154 1952 tate
1169 1925 1276 1952 trahar?
1292 1926 1359 1953 Aliis
1375 1926 1465 1958 rebus,
1479 1935 1538 1961 quae
1551 1928 1669 1954 anitnum
1681 1928 1844 1962 distrahant,
1854 1930 1894 1957 fac

1100 1975 1126 1998 te
1137 1971 1254 2003 addieas,
1269 1971 1344 1999 libris
1355 1973 1492 2005 nimirum,
1507 1974 1666 2002 necessariis
1680 1975 1760 2008 curis,
1776 1977 1893 2010 patroci-

1099 2017 1161 2049 niis,
1174 2017 1393 2051 opilulationibus
1406 2026 1510 2051 eorum,
1527 2019 1623 2054 quibus
1646 2021 1742 2055 injuria
1767 2021 1891 2056 infertur,

1099 2062 1233 2096 precibus,
1247 2070 1335 2089 rerum
1349 2062 1498 2091 futurarum
1508 2065 1674 2092 meditationi
1691 2075 1697 2092 :
1719 2067 1761 2093 his
1774 2068 1892 2094 animum

1098 2107 1244 2142 adstringe.
1258 2107 1303 2135 Sic
1315 2116 1367 2135 non
1382 2116 1476 2136 recens
1489 2113 1592 2136 tantum
1604 2111 1699 2138 vulnus
1714 2112 1834 2145 curabis,
1846 2113 1892 2140 sed

1099 2159 1254 2182 concretum
1271 2154 1351 2182 etiam
1367 2160 1448 2190 atque
1464 2156 1644 2184 inveteratum
1659 2157 1738 2185 facile
1752 2158 1892 2187 discuties.

1098 2198 1163 2226 Nam
1177 2199 1199 2226 si
1212 2200 1386 2234 contumelia,
1404 2206 1432 2227 ut
1446 2205 1488 2228 est
1502 2201 1528 2228 in
1544 2203 1698 2236 proverbio,
1716 2205 1818 2232 amanti
1832 2213 1892 2240 per-

1098 2245 1204 2289 000001,
1219 2250 1248 2273 01
1266 2253 1386 2273 amorem
1406 2247 1558 2281 abrumpat,
1578 2249 1713 2283 quomodo
1736 2258 1790 2277 non
1808 2252 1892 2278 multo

1097 2292 1182 2326 magis
1193 2292 1345 2326 spirituales
1361 2293 1404 2320 1110
1425 2293 1620 2322 incantationes
1635 2296 1735 2323 malum
1756 2297 1828 2324 istud
1848 2305 1891 2324 su-

1098 2342 1202 2373 perent,
1214 2338 1359 2366 dummodo
1373 2339 1407 2366 ab
1420 2347 1453 2366 eo
1465 2348 1514 2367 nos
1528 2348 1668 2368 removere
1680 2342 1705 2368 in
1721 2343 1841 2370 animum
1852 2344 1891 2370 in-

1097 2384 1242 2412 ducamus?
1256 2385 1333 2418 Quod
1345 2386 1367 2412 si
1382 2393 1441 2412 cum
1458 2386 1510 2413 illis
1526 2394 1664 2414 versemur
1678 2395 1709 2414 ac
1733 2389 1890 2416 confabule-

1097 2438 1166 2463 mur,
1184 2438 1243 2464 qute
1261 2430 1414 2464 hujusmodi
1437 2431 1488 2458 tela
1503 2431 1528 2458 in
1542 2439 1592 2459 nos
1606 2437 1796 2467 contorquent,
1814 2442 1845 2461 ac
1859 2434 1890 2461 de

1098 2475 1150 2502 illis
1166 2480 1220 2502 tum
1232 2475 1384 2510 loquamur,
1400 2480 1456 2503 tum
1470 2476 1621 2510 audiamus,
1639 2478 1762 2505 morbum
1777 2478 1828 2506 ltoc
1844 2488 1891 2513 pa-

1097 2526 1140 2548 cto
1156 2521 1261 2547 alimus.
1274 2521 1395 2553 Quonatn
1408 2529 1473 2556 ergo
1492 2522 1572 2549 modo
1587 2523 1674 2556 ignem
1691 2524 1829 2558 exstingui
1845 2533 1892 2551 cu-

1098 2567 1148 2602 pis,
1164 2575 1224 2594 cum
1239 2567 1358 2602 quotidie
1372 2567 1506 2594 llanunam
1519 2568 1668 2595 accendas?
1681 2569 1719 2595 Ac
1732 2569 1765 2596 de
1777 2577 1890 2596 1011100-

1097 2613 1189 2640 10111110
1202 2613 1260 2640 11100
1274 2613 1338 2640 1111111
1349 2613 1382 2639 ad
1394 2613 1509 2648 juvenes
1519 2613 1589 2640 dicta
1601 2614 1653 2641 sint
1667 2623 1674 2640 :
1689 2622 1751 2641 nam
1767 2616 1839 2650 quod
1858 2616 1890 2642 ad

1096 2659 1168 2685 viros
1184 2658 1290 2691 attinet,
1312 2666 1413 2693 eosque
1433 2659 1476 2692 qui
1493 2659 1676 2694 philosophari
1698 2666 1809 2693 norunt,
1825 2661 1890 2688 nilnt

1096 2705 1208 2738 perinde
1218 2705 1303 2740 juvat,
1315 2710 1343 2731 ut
1353 2705 1399 2732 Dei
1410 2706 1500 2738 timor,
1515 2706 1646 2740 gehenna:
1660 2708 1803 2740 memoria,
1816 2708 1889 2743 regni

1095 2750 1221 2778 caelorum
1246 2751 1392 2785 cupiditas;
1421 2751 1479 2778 haec
1505 2751 1575 2778 enim
1606 2752 1639 2779 ad
1663 2753 1888 2789 exstinguendum

1096 2796 1184 2831 ignem
1198 2796 1342 2824 sufﬁciunt.
1358 2797 1397 2824 Ac
1412 2802 1541 2831 praeterea
1557 2797 1621 2824 illud
1636 2803 1724 2826 tecum
1740 2805 1847 2834 reputa,
1864 2800 1889 2827 id

1095 2842 1167 2878 quod
1187 2843 1276 2870 cernis
1296 2843 1363 2870 nihil
1383 2843 1455 2871 aliud
1467 2851 1537 2877 esse,
1553 2852 1632 2879 quam
1649 2845 1772 2879 pituitam
1787 2850 1814 2873 et
1829 2854 1889 2873 san-

1096 2891 1203 2926 guinem
1227 2897 1258 2917 ac
1275 2889 1392 2925 corrupti
1414 2890 1532 2918 alimenti
1558 2898 1677 2918 succum.
1705 2893 1740 2919 At
1760 2892 1838 2920 lactus
1859 2899 1889 2920 ac
