2063 3121
229 149 283 176 ’167

230 209 241 243 (
257 207 371 242 Philipp.
386 205 415 234 ε.
431 205 464 234 11)
475 204 507 243 )_:
524 203 556 243 in
563 203 642 231 donis
656 202 712 243 suis
730 201 847 242 futurum
869 200 1021 243 pra‘t‘i'gnra:

231 235 364 273 i-tttit;'ih
385 249 451 268 auro
471 235 649 274 signiﬁcantes
668 237 781 271 gloriam
800 235 1022 274 qnam_referunt

232 271 320 312 angeli
334 277 472 312 e‘clestes;
488 271 514 301 iii
528 274 615 312 thure,
635 277 802 312 terrenarum
823 271 1021 312 hoiniiium‘ge-

232 306 410 340 nuiiexlouem
425 319 433 343 ;
447 311 473 337 in
490 308 607 345 myrrha,
623 308 771 345 animarum
786 308 810 345 in
825 306 1024 345 inferis_dcten-

232 354 318 376 tarum
326 340 557 381 supplicationem.
570 343 770 381 Quoniatqlres
783 342 892 368 virtutes
902 340 1024 381 obtinere

231 387 345 418 oportet_
361 375 430 418 cina
446 375 605 414 quiaccrdit
629 378 662 418 ad
685 376 820 418 Christum
821 384 840 418 ﬂ;
868 384 935 418 qna_s
954 375 1024 418 dicit

232 409 487 452 A'postolusdidem,
503 422 588 452 spem,
603 412 763 452 caritateni_(
778 413 802 452 l_.
817 409 933 452 ϐοῇ-’1
954 409 985 438 15
997 411 1023 452 )t

233 446 334 486 apertis
347 456 435 478 autent
451 446 582 476 thesauris
594 449 696 486 cordis,
719 447 873 486 obtulerunt
892 446 981 473 ﬁdem.
997 450 1026 471 ut

233 482 328 515 aurum
344 486 503 521 fulgentem;
521 492 594 519 spem
604 504 611 515 ,
626 488 655 510 ut
670 483 730 510 thus
747 483 812 509 bene
826 482 961 512 olentem;
978 488 1024 507 ca-

988 141 1110 171 SPIJBIA
1115 161 1122 168 .

1812 142 1864 169 768

1076 201 1193 229 rilatem,
1206 202 1234 226 ut
1247 197 1382 232 myrrham
1397 198 1625 233 constringentem
1639 198 1766 227 Ecclesiae
1778 208 1865 228 mem.

1076 234 1135 261 bra.
1160 233 1194 260 Et
1217 242 1337 268 responso
1356 239 1459 266 accepto
1480 233 1507 261 in
1525 235 1631 266 somnis,
1648 243 1679 261 ne
1699 235 1810 262 redirent
1832 235 1866 262 ad

1077 268 1214 306 Heroden},
1236 268 1381 306 perAatirtm
1403 269 1467 306 cium
1490 270 1582 306 reuersi
1600 274 1669 306 ruunt
1693 270 1718 297 in
1739 272 1867 306 regionem

1076 313 1152 340 suain
1162 303 1269 340 (Matth.
1283 303 1310 330 2.
1328 303 1384 338 12).
1405 303 1553 340 Oportebat
1563 305 1634 332 enim
1648 312 1705 336 eos,
1720 303 1867 340 qui'semel

1077 339 1110 366 ad
1124 339 1258 366 Christum
1275 344 1456 370 accesserant.
1480 346 1531 366 non
1548 339 1641 367 iisdem
1664 339 1811 374 impietatis
1823 349 1867 367 ve-

1078 375 1170 410 stigiis
1179 375 1291 405 reverti;
1311 374 1472 410 scdrcastam
1485 380 1643 402 exercentes
1658 374 1738 402 ﬁdem
1760 380 1786 402 et
1801 383 1866 410 ope-

1079 417 1147 441 ram,
1164 409 1299 436 hominum
1311 409 1456 436 orcisorem
1472 415 1622 444 serpentem
1636 411 1760 439 latentes.
1773 409 1868 438 absce-

1079 444 1144 471 dere
1167 445 1192 480 in
1218 444 1316 471 Christi
1344 444 1529 471 hereditatem.
1557 444 1644 479 Ipsum
1670 446 1770 480 quippe
1791 445 1868 473 deret

1080 480 1163 514 gloria
1179 479 1206 506 in
1222 480 1317 506 szccula
1333 480 1502 507 smculorutn.
1518 480 1613 507 Amen.

234 548 1866 563 ________________—__——__

811 595 843 617 IN
865 594 1043 617 ZACCHIEUM
1065 593 1278 615 PUBLICANUM.

961 663 1119 691 «mea
1125 666 1145 687 ea

269 729 318 762 Qui
340 728 409 756 bona
433 725 540 760 amant,
561 725 625 754 nihil
642 725 769 753 dilferuut
787 732 801 762 τι
823 724 990 762 sitientibus,
1004 732 1022 750 ο

233 760 321 791 dilecti
333 773 339 790 :
354 763 417 790 dum
431 763 502 790 enim
514 762 582 796 qttod
594 765 714 796 quierunt
728 768 779 788 non
794 760 939 788 inveniunt.
950 764 1023 796 tanto

235 799 328 833 majori
345 799 382 825 rei
396 794 553 825 desiderat—'2
568 794 610 833 siti
627 795 843 833 inﬂammantur:
860 800 939 833 noctu
952 794 1019 833 desi-

235 829 343 861 deratos
368 833 455 860 fontes
477 832 551 866 quasi
566 832 688 858 sitientes
703 829 1022 866 imaginantur:rinterdiu

235 876 300 896 vero
325 876 340 894 ιι
363 868 422 895 loco
443 867 469 894 in
487 865 578 894 locum
592 866 841 897 circumcursantcs,
865 865 1024 892 volubilibus

234 904 320 931 oculis
333 902 588 936 circumspicientes,
608 905 731 935 quaerunt
754 907 784 928 ea
806 908 863 933 qua!
882 900 965 936 corde
978 908 1024 927 ex-

235 942 338 973 optant.
365 938 404 964 Ac
427 934 652 971 quemadmodum
673 936 789 962 viatores
811 935 836 962 in
856 940 936 973 testas
959 934 1023 962 hora

235 971 391 1008 inaqttosam
407 977 505 999 terram
528 975 697 1005 percurrunt,
719 975 858 1008 premente
880 971 935 1001 siti.
949 975 976 997 et
990 978 1024 997 an

236 1005 323 1035 fontes
335 1008 389 1034 sint
406 1007 634 1040 circumspiciunt,
650 1014 681 1033 ac
701 1013 771 1039 su-pe
790 1005 874 1032 colles
892 1013 1023 1032 conscen—

236 1043 302 1070 dunt
321 1043 365 1069 tibi
388 1041 446 1069 fons
462 1041 589 1070 habetur:
610 1041 674 1068 etsi
695 1041 785 1073 procul
807 1041 879 1067 illttm
898 1040 1023 1074 viderint,

235 1078 364 1113 gaudent,
378 1082 405 1104 et
421 1077 552 1103 concitato
567 1084 659 1113 gressu
673 1076 704 1102 ad
727 1076 798 1113 illum
815 1076 953 1113 festinant,
972 1085 1025 1111 quo

235 1111 297 1141 cum
311 1113 489 1147 pervenerint.
505 1113 576 1138 sititu
591 1112 684 1147 sedant
697 1120 702 1136 :
716 1111 781 1137 tales
795 1116 856 1139 sunt
867 1113 915 1139 viri
926 1112 1025 1140 Christi

236 1146 357 1175 amantes
371 1157 377 1173 :
396 1155 442 1180 per
457 1147 526 1173 dicm
549 1147 620 1174 enim
634 1146 812 1175 desideratura
826 1148 875 1174 sibi
891 1147 1024 1174 Christum

238 1183 313 1210 bonis
329 1182 455 1217 operilms
466 1182 599 1216 requirunt
612 1189 619 1215 ;
636 1189 713 1210 noctu
727 1190 790 1209 vero
801 1191 848 1216 pcr
860 1183 1027 1216 precationes

237 1226 297 1245 rum
312 1218 356 1244 illo
371 1221 524 1252 versantur,
540 1223 568 1246 et
592 1220 617 1245 in
639 1219 741 1245 somnis
756 1225 785 1245 se
800 1225 859 1244 cum
876 1218 934 1251 ipso
953 1218 1026 1244 incc-

237 1253 302 1282 dere
321 1253 499 1287 imaginantur
514 1263 519 1280 :
535 1259 561 1280 et
575 1254 595 1280 si
614 1261 644 1280 se
664 1253 736 1279 illum
754 1253 844 1286 procul
870 1253 960 1280 videre
977 1260 1025 1286 pit-

238 1294 304 1319 ti-nl.
320 1289 436 1324 gainlcnt
449 1293 474 1314 ct
491 1289 637 1320 exsultant,
654 1288 722 1314 sicut
744 1288 865 1324 sitientes
879 1295 939 1314 cum
955 1287 1026 1314 desi-

239 1323 346 1351 deratus
358 1324 444 1350 fontes
458 1324 613 1352 inveniunt:
637 1328 716 1357 atque
731 1323 910 1358 expergefaeti
923 1330 1027 1349 rursum

239 1360 357 1386 dormire
373 1359 475 1388 volunt.
494 1364 521 1385 ιιι
534 1358 697 1386 dormientes
712 1358 804 1384 iisdem
818 1357 881 1386 visis
897 1357 1025 1384 fruantur.

239 1394 312 1421 Talis
326 1399 383 1421 crat
397 1394 552 1423 Zacchmus.
573 1394 652 1420 modo
667 1393 741 1420 vobis
766 1392 791 1419 in
817 1392 930 1419 lectione
944 1400 1026 1419 evan-

239 1429 301 1464 gelii
315 1429 487 1456 memoratus.
500 1428 566 1464 Vide
577 1435 691 1464 namque
704 1427 767 1464 mihi
781 1428 853 1455 illttm
864 1432 1026 1464 currentem,

239 1463 331 1491 divino
345 1464 482 1491 ardentem
497 1463 595 1494 studio,
609 1467 637 1490 et
652 1463 678 1490 in
694 1463 815 1489 arborem
826 1463 1027 1495 ascendentem,

239 1507 271 1526 ar.
281 1499 371 1526 .Icsnm
387 1499 655 1532 circumspicientem,
672 1503 701 1524 ut
712 1498 772 1524 vita:
785 1497 884 1524 fontem
895 1502 1028 1525 cerneret.

241 1533 413 1569 Ct)n\'||i('.lt‘lls
427 1539 514 1560 autem
534 1533 676 1569 Zztcchmus
694 1533 850 1569 Dominum,
860 1533 953 1569 oculos
967 1534 1028 1566 qui-

240 1567 429 1600 dem‘sedavit,
445 1577 492 1596 cor
506 1576 568 1596 vero
583 1568 675 1602 majori
696 1568 829 1594 desiderio
846 1567 1028 1594 inﬂammavit.

242 1604 387 1639 Ingressus,
403 1605 497 1639 inquit.
511 1604 587 1630 lem:
598 1603 784 1639 perambulabat
798 1602 911 1629 Iericho.
921 1601 963 1639 NEt
975 1611 1031 1629 cccc

242 1638 284 1665 vir
296 1639 396 1665 nomine
407 1638 544 1665 chcliazus
564 1646 573 1665 :
586 1644 608 1664 et
629 1639 669 1664 hic
684 1638 799 1672 princeps
813 1641 865 1663 erat
880 1638 1029 1671 publicano-

242 1682 308 1705 rum,
322 1678 344 1700 et
359 1674 412 1708 ipse
425 1674 492 1701 dives
507 1682 517 1700 .'
531 1678 555 1700 et
568 1674 692 1708 qurerebut
707 1673 789 1698 videre
797 1672 894 1702 Iesum,
905 1673 964 1707 quin
973 1673 1031 1699 inde

242 1713 297 1735 erat
312 1709 472 1736 transiturus.
497 1707 703 1736 Vide'hominis
725 1707 898 1737 desiderium,
920 1708 1027 1735 dilecte.

243 1743 277 1770 Et
289 1752 339 1770 non
354 1749 449 1778 poterat
462 1744 545 1770 videre
558 1751 612 1777 prta
630 1743 712 1774 turba,
731 1743 789 1777 quia
807 1747 905 1768 statum
924 1744 1031 1776 pusillus

241 1784 306 1805 erat.
320 1778 352 1804 Et
374 1787 528 1813 prtrcurrem
542 1778 654 1805 ascendit
677 1779 703 1804 in
724 1779 838 1804 arborem
861 1786 1028 1813 agraritorutit,

242 1819 270 1840 ut
282 1812 479 1845 uiderel'leunu,
491 1814 549 1848 quia
562 1813 619 1839 inde
629 1818 681 1839 erat
693 1813 842 1848 transiturus
852 1812 928 1848 (an.
944 1813 986 1839 l9.
1004 1814 1029 1840 l.

242 1849 281 1881 4).
296 1848 357 1875 laet
367 1849 440 1876 tumis
450 1853 549 1875 statura
565 1848 686 1883 pusillus,
702 1847 839 1883 prudentia
852 1847 965 1880 Spiritus
977 1856 1032 1874 ma-

244 1891 312 1917 gnns
324 1904 330 1914 ,
355 1884 490 1917 quaeri-bal
516 1882 605 1910 videre
626 1883 717 1910 Jesnm
734 1891 740 1908 ε
758 1882 926 1909 desiderabat
942 1882 1032 1910 videre

245 1919 326 1945 licunt
343 1919 493 1945 hominibus
508 1919 623 1946 caelestia
648 1918 803 1952 largientein
820 1926 826 1944 :
841 1917 976 1951 quzcrebat
992 1919 1031 1944 vi-

242 1953 308 1980 dere
320 1954 473 1988 angelorum
489 1958 647 1981 creatorem.
662 1958 689 1980 et
701 1952 815 1980 ciclestis
829 1952 935 1985 luminis
946 1952 1032 1978 admi-

244 1989 413 2015 nistratorem
434 1989 555 2015 Immanis
577 1988 712 2022 gressibus
734 1988 912 2014 ambulantem
930 1997 936 2014 :
959 1996 1032 2021 qna--

245 2024 321 2049 rebat
335 2024 424 2050 vidi-re
444 2025 577 2058 quomodo
597 2023 636 2049 sul
657 2023 763 2056 iustitiae
783 2023 810 2058 Vin
831 2023 899 2049 nube
913 2024 1033 2057 corporis

245 2058 352 2090 sedens,
370 2058 485 2086 “dl'lllllll
501 2059 593 2085 oculos
607 2058 694 2085 cordis
706 2057 866 2084 illuminaret
879 2066 885 2084 :
897 2058 1033 2091 qtta-rchat

245 2093 337 2120 videre
352 2094 432 2120 Deum
446 2094 548 2126 Jt‘S'llli,
565 2094 660 2120 bonam
681 2093 802 2124 l'ortuam,
819 2100 874 2119 rem
895 2093 1033 2119 desidera-

246 2127 337 2161 bilem,
353 2128 430 2156 dulce
454 2137 550 2155 nomen
570 2128 642 2160 Jcsu,
672 2128 748 2161 cujus
775 2128 882 2154 nomine
909 2135 951 2154 rcs
976 2128 1032 2162 ipsa

245 2163 409 2197 signiﬁcatur
428 2173 434 2190 :
450 2164 619 2190 desiderabat
635 2163 724 2189 videre
749 2170 908 2197 purpureum
922 2171 1031 2195 agnum,

243 2198 320 2232 Cujus
340 2200 448 2233 sanguis
468 2199 559 2225 orbem
582 2198 712 2229 redemit,
740 2201 767 2224 ct
792 2198 867 2231 cujus
891 2198 976 2224 vellus
1000 2198 1033 2224 ab

245 2233 348 2260 Adamo
360 2241 442 2267 usque
458 2234 483 2260 iti
499 2234 576 2260 linem
591 2233 675 2260 nudos
696 2237 782 2267 teget;
797 2233 920 2266 cupiebat
942 2233 1033 2260 videre

244 2268 368 2300 captivus
380 2269 455 2295 miles
469 2276 556 2303 regem
568 2275 654 2299 suum,
669 2269 726 2294 ovis
741 2273 882 2302 pastorem,
899 2268 942 2301 qui
956 2275 1033 2295 erra-

245 2303 300 2333 bat,
316 2303 395 2333 viam,
418 2304 462 2338 qui
484 2303 672 2330 oblencbratus
695 2307 763 2334 erat.
786 2303 871 2329 locem
888 2311 894 2328 :
911 2303 1035 2337 cupiebat

245 2337 336 2364 videre
357 2338 462 2372 pietatis
485 2346 646 2372 prmconem,
662 2338 707 2373 qui
731 2338 913 2364 dulcissimum
937 2338 1034 2364 divina:

244 2373 403 2406 cognitionis
415 2374 613 2400 comlimeutum
629 2381 681 2400 non
698 2373 829 2400 habebat:
846 2373 980 2407 qiiaercbat
997 2373 1035 2399 vi-

244 2407 309 2434 dere
324 2408 444 2436 iutirnnts
457 2410 614 2441 sanitatem;
630 2408 761 2441 esuriens,
775 2408 910 2435 caalestem
927 2416 1033 2442 panem;

244 2442 348 2474 sitiens,
362 2443 493 2471 viviﬁcum
514 2443 615 2471 fomem
629 2451 637 2470 :
650 2443 773 2478 cupiebat
788 2443 880 2470 videre
902 2451 973 2474 eum,
990 2444 1033 2477 qui

244 2478 429 2505 sacerdotibus
447 2480 527 2505 vitam
542 2479 631 2508 dabat.
652 2483 679 2505 et
698 2478 826 2505 Lazarum
838 2486 854 2506 e
869 2486 961 2504 somno
976 2485 1035 2505 sns-

245 2513 384 2541 citavcrat.
409 2513 432 2540 0
453 2522 572 2541 amorem
596 2514 736 2540 divinum!
759 2522 775 2539 ο
789 2513 884 2540 bonam
908 2513 1035 2547 concupi-

244 2549 392 2576 scentiam!
408 2556 424 2575 ο
437 2557 555 2576 amorem
570 2550 658 2576 aureis
671 2550 720 2576 alis
735 2549 865 2578 instructi,
882 2549 934 2574 imu
948 2549 1035 2582 potius

243 2583 394 2619 {Ihristiqtti
408 2585 523 2612 animant
533 2592 562 2612 se
574 2584 734 2619 possidentis
748 2585 773 2610 in
787 2584 880 2611 ciuium
894 2584 1033 2619 transfert!

244 2618 303 2645 lant
317 2619 422 2646 divinus
435 2627 522 2652 amor,
536 2618 580 2654 qtti
602 2620 670 2646 tollit
683 2627 743 2646 cum
759 2619 793 2646 dc
808 2623 887 2651 terra,
909 2618 932 2644 id
946 2619 1035 2645 elici-it

245 2658 276 2680 ιιι
288 2654 313 2680 in
328 2655 450 2682 arborem
463 2655 620 2681 ascenderet
633 2663 639 2680 :
655 2662 707 2681 non
720 2654 787 2680 ultra
801 2654 930 2688 permittit
943 2658 970 2679 ut
983 2658 1037 2680 ter-

247 2695 307 2716 rena
323 2690 455 2724 respiciat,
475 2690 516 2717 vel
530 2697 590 2717 cum
607 2690 758 2716 hominibus
774 2693 893 2716 versetur
907 2697 914 2721 ;
931 2691 976 2714 srd
993 2689 1034 2724 di-

247 2725 333 2750 vinant
347 2723 452 2752 intuens
467 2725 616 2756 caritatem.
630 2725 747 2751 caelestia
762 2724 912 2758 excipiebat
927 2732 933 2750 :
950 2723 1036 2750 abhis

245 2758 279 2784 ad
303 2759 346 2786 illa
369 2760 480 2787 festinus
505 2760 648 2793 currebat,
668 2763 747 2794 atque
765 2766 912 2786 conscensa
928 2758 1034 2791 arbore,

1077 723 1214 751 Christum
1237 723 1477 757 circumspiciebat,
1505 727 1532 750 et
1557 727 1645 750 mente
1666 730 1745 757 supra
1770 724 1868 752 nubem

1076 759 1248 786 ascendebat.
1264 758 1362 785 Videtis
1377 764 1464 785 autem
1480 758 1613 786 Christum
1627 758 1772 786 Zaccha-us
1785 767 1869 793 appo—

1077 794 1128 821 site
1139 794 1245 821 dicebat
1261 803 1267 819 :
1283 793 1323 820 Ad
1337 798 1360 820 te
1376 794 1453 820 levavi
1468 794 1554 820 oculos
1575 802 1652 825 meos,
1668 795 1712 828 qui
1728 795 1827 820 lmliitas
1843 795 1869 822 in

1077 829 1145 856 aclis
1163 828 1246 862 (Paul.
1263 829 1324 855 1‘22.
1347 828 1384 862 1).
1401 828 1473 855 Vidit
1496 828 1639 856 Zacchmus
1662 829 1821 863 Dominum,
1843 835 1872 860 et

1078 865 1162 898 magis
1175 872 1265 890 amore
1279 863 1468 892 incendebatur
1479 873 1489 893 ι
1504 864 1589 900 tetigit
1606 864 1730 893 Christus
1741 874 1787 893 cur
1799 867 1869 898 citis.

1078 904 1105 926 et
1118 900 1184 925 alius
1197 907 1228 926 rx
1249 899 1301 928 alio
1324 900 1507 932 efﬁciebatur;
1530 899 1562 928 ex
1584 901 1725 934 publicano
1749 901 1806 927 zvlo
1828 902 1871 928 iii-

1078 942 1185 971 eensus,
1200 941 1232 962 ex
1255 935 1354 963 inﬁdeli
1377 936 1471 966 ﬁdelis,
1493 941 1519 962 et
1542 944 1573 962 ex
1598 937 1660 970 lupo
1681 937 1738 962 ovis
1756 937 1871 971 signata.

1078 969 1142 1003 Quis
1156 972 1194 998 sic
1215 976 1314 1006 patrem
1334 975 1361 997 ιιι
1376 977 1488 998 matrem
1511 976 1592 1002 amat,
1607 972 1666 1006 quis
1688 971 1725 998 sic
1744 969 1871 1005 umquam

1078 1014 1188 1034 uxorem
1204 1007 1243 1033 vel
1259 1006 1329 1033 ﬁlios
1341 1006 1441 1034 dilexit.
1466 1011 1493 1032 ut
1511 1006 1655 1033 Zacchmus
1676 1006 1827 1037 Dominum,
1844 1013 1873 1033 nt

1079 1049 1112 1069 ex
1124 1049 1153 1068 re
1167 1042 1222 1075 ipsa
1245 1042 1349 1074 probari
1370 1041 1474 1074 potest?
1494 1041 1588 1068 Omnia
1610 1042 1708 1076 quippe
1733 1041 1799 1068 bona
1823 1050 1871 1068 sua

1079 1082 1189 1112 propter
1204 1076 1337 1103 Christum
1361 1077 1520 1110 pauperibus
1533 1076 1615 1108 dedit,
1637 1081 1665 1103 et
1685 1077 1716 1103 iis
1734 1084 1802 1111 quos
1822 1077 1871 1102 do-

1080 1111 1247 1139 frandaverat
1259 1132 1267 1145 ,
1281 1111 1457 1146 quadruplum
1475 1112 1600 1138 reddidit.
1615 1112 1637 1138 0
1650 1112 1734 1138 bonos
1747 1112 1871 1145 discipuli

1081 1147 1183 1174 mores!
1201 1155 1216 1172 o
1236 1147 1353 1174 ductoris
1379 1147 1525 1173 moderatio
1541 1152 1567 1172 ct
1588 1147 1672 1173 virtus
1695 1147 1796 1178 divina,
1813 1155 1872 1181 qua:

1080 1191 1111 1209 ex
1128 1182 1185 1208 solo
1199 1182 1277 1209 Jcsus
1292 1183 1349 1208 visu
1363 1182 1395 1208 ad
1411 1187 1496 1207 actum
1511 1182 1634 1209 adducit!
1652 1181 1774 1208 Nondum
1790 1182 1873 1208 verbo

1082 1217 1208 1244 Dominus
1230 1217 1387 1244 Zaccliauim
1410 1218 1578 1249 institui-rat,
1597 1217 1642 1243 sed
1663 1224 1677 1243 a
1700 1216 1873 1244 desiderante

1080 1254 1165 1279 solum
1180 1254 1252 1278 visus
1271 1257 1321 1284 est,
1340 1257 1366 1279 ct
1388 1252 1448 1278 ﬁdci
1471 1253 1553 1278 virtus
1568 1260 1581 1277 a
1600 1252 1776 1279 desiderantis
1789 1252 1873 1279 Corde

1081 1296 1185 1314 sursmn
1199 1287 1362 1314 trahebatur.
1378 1288 1470 1314 Situilc
1490 1287 1622 1321 quidpiam
1639 1287 1749 1321 conligit
1770 1288 1794 1314 in
1816 1287 1871 1313 bas-

1082 1322 1255 1349 morrhoissa.
1270 1322 1404 1350 Arccdcns
1417 1323 1513 1357 quippe
1527 1322 1559 1348 ad
1574 1322 1725 1352 Dominum,
1736 1327 1763 1349 ct
1779 1327 1874 1357 pet-ns

1081 1358 1114 1384 ab
1130 1358 1174 1383 illo
1198 1358 1339 1384 sanitatem
1354 1378 1360 1387 .
1377 1366 1428 1384 non
1443 1357 1603 1390 exspectavit
1621 1363 1649 1384 ut
1669 1365 1698 1384 sc
1715 1365 1793 1384 manu
1812 1364 1872 1384 tan-

1081 1398 1166 1428 geret,
1182 1392 1229 1419 scd
1246 1394 1301 1426 ipsa
1317 1393 1447 1420 accedens
1467 1393 1524 1424 eius
1540 1392 1670 1419 ﬁmbriam
1687 1393 1754 1418 clam
1771 1393 1871 1426 tetigit;

1082 1433 1108 1455 et
1124 1428 1207 1454 virtus
1221 1428 1366 1454 curationis
1378 1436 1392 1454 a
1408 1432 1530 1462 tangente
1549 1432 1604 1454 uta
1618 1428 1727 1462 spongia
1746 1428 1872 1453 traheba-

1083 1468 1134 1490 tur.
1151 1463 1185 1489 Et
1197 1463 1338 1490 Zacchnms
1351 1463 1457 1496 quidem
1470 1462 1493 1488 id
1510 1463 1634 1497 ignaram
1646 1463 1768 1494 faciebat,
1781 1463 1873 1489 divino

1083 1502 1207 1525 movente
1227 1499 1326 1530 studio,
1341 1503 1367 1523 ιιι
1383 1498 1512 1531 spirituali
1528 1505 1618 1524 amore
1633 1497 1731 1524 ardens
1751 1498 1776 1524 in
1793 1505 1872 1532 syco-

1084 1541 1187 1560 morum
1201 1534 1315 1560 act-nrrit
1329 1543 1334 1558 :
1352 1533 1477 1568 Dominus
1493 1541 1566 1568 vero.
1581 1533 1721 1568 mysticum
1735 1533 1872 1568 quidpiam

1083 1569 1245 1602 Speculatus,
1260 1568 1374 1597 diccbat.
1391 1567 1604 1601 Descende(an.
1620 1569 1664 1594 l9.
1680 1568 1718 1601 5).
1734 1567 1800 1594 Novi
1816 1569 1874 1594 ani-

1084 1611 1153 1630 mam
1171 1608 1256 1633 tuam;
1273 1604 1332 1629 ll0\'l
1347 1609 1468 1630 SﬂltClllm
1484 1610 1601 1629 amorem
1615 1607 1687 1629 11111111
1701 1611 1707 1629 ἶ
1724 1602 1852 1631 Descende
1863 1611 1873 1629 .'

1083 1639 1224 1665 recordare
1238 1639 1367 1665 Adamum
1379 1639 1477 1665 nmium
1497 1646 1528 1665 se
1541 1638 1590 1665 sub
1609 1638 1659 1664 ﬁcu
1684 1637 1872 1665 abscondisse:

1084 1678 1111 1700 tu
1126 1681 1188 1700 vero
1202 1673 1224 1700 si
1239 1673 1278 1700 vis
1289 1674 1400 1700 salutem
1417 1674 1543 1705 nancisci,
1557 1681 1590 1699 ne
1603 1681 1729 1700 accurras
1743 1674 1776 1700 ad
1791 1681 1872 1705 syco-

1084 1716 1198 1736 morum.
1211 1708 1252 1736 Me
1265 1713 1370 1742 oportet
1382 1708 1447 1735 hanc
1459 1716 1627 1743 sycomorum
1636 1708 1736 1735 aridam
1747 1708 1872 1739 reddere,

1084 1749 1108 1770 et
1132 1744 1211 1770 aliam
1229 1744 1349 1776 plantare
1365 1744 1496 1774 arbori-ni,
1512 1751 1629 1770 crucem.
1648 1743 1693 1770 llla
1711 1743 1778 1770 bona
1793 1744 1873 1770 arbor

1083 1783 1135 1812 est,
1152 1778 1184 1805 ad
1199 1778 1270 1805 illam
1284 1787 1317 1806 ex
1330 1779 1419 1805 anitno
1440 1786 1550 1805 accurre
1563 1789 1570 1805 :
1586 1778 1646 1804 inde
1658 1778 1728 1804 enim
1744 1779 1776 1804 ad
1792 1783 1874 1805 cados

1085 1819 1206 1848 prompte
1218 1813 1336 1848 jacieris.
1354 1814 1381 1840 In
1398 1817 1447 1840 hac
1466 1814 1562 1840 arbore
1582 1821 1692 1846 serpens
1713 1813 1782 1839 loliis
1800 1821 1874 1840 cotu-

1085 1849 1214 1884 pliratur.
1236 1849 1261 1875 in
1283 1849 1332 1876 hac
1355 1849 1512 1880 occultatur,
1540 1848 1573 1875 ibi
1601 1848 1727 1875 nidiﬁeat.
1753 1848 1871 1881 Festina,

1084 1885 1215 1911 descende
1226 1889 1367 1919 auleqttam
1380 1885 1464 1911 sibili-t
1488 1884 1583 1910 animm
1609 1889 1678 1914 Iu:c,
1702 1889 1730 1909 ut
1753 1884 1815 1910 Evae
1833 1884 1873 1910 fe-

1085 1920 1141 1952 cit,
1167 1927 1227 1946 cum
1253 1920 1289 1946 illi
1319 1920 1402 1946 suasit
1426 1924 1454 1945 ιιι
1480 1919 1634 1953 degustaret
1658 1926 1766 1946 suavetn
1797 1919 1872 1945 volu-

1085 1960 1183 1989 ptatem
1211 1964 1218 1981 :
1241 1954 1336 1980 festina
1352 1975 1358 1985 ,
1382 1954 1515 1981 descende
1542 1963 1548 1980 :
1575 1953 1662 1980 donec
1682 1961 1731 1987 ego
1753 1954 1846 1980 adsum
1865 1975 1872 1985 ,

1085 1989 1218 2017 descende
1233 1998 1239 2015 :
1257 1998 1298 2016 tne
1314 1997 1427 2023 namque
1443 1989 1548 2016 vidente
1567 1989 1610 2015 ille
1623 1993 1771 2016 coercetur.
1790 1989 1874 2015 Festi-

1086 2033 1130 2056 na,
1144 2024 1277 2052 descende
1292 2034 1299 2052 :
1314 2025 1376 2051 uolo
1392 2030 1417 2051 te
1433 2025 1457 2050 in
1471 2032 1614 2059 sycomoro
1629 2024 1796 2058 relinqui-rc;
1813 2025 1873 2050 nolo

1087 2066 1113 2087 te
1129 2060 1214 2093 perire
1227 2070 1233 2087 :
1248 2067 1305 2086 mea
1322 2060 1391 2086 enim
1413 2060 1471 2086 ovis
1485 2067 1524 2092 cs,
1540 2060 1571 2086 ad
1594 2067 1637 2085 me
1652 2059 1799 2086 accurristi.
1822 2059 1872 2086 Fe-

1086 2096 1165 2125 stina.
1181 2095 1325 2126 descende,
1349 2100 1376 2121 et
1402 2102 1512 2129 propera
1537 2095 1561 2120 in
1589 2094 1697 2120 domum
1722 2100 1811 2125 Iliam;
1839 2094 1873 2120 ibi

1086 2135 1191 2164 oponct
1205 2137 1248 2157 me
1263 2130 1398 2164 quiescere
1413 2138 1419 2155 ε
1435 2130 1494 2164 quia
1511 2130 1552 2156 ubi
1570 2128 1635 2155 ﬁdes
1647 2134 1704 2159 cst,
1722 2130 1775 2156 illic
1798 2129 1873 2164 quic-

1086 2165 1200 2197 sco;ubi
1212 2172 1296 2195 amor,
1317 2165 1362 2191 illo
1382 2164 1459 2191 vado.
1478 2165 1539 2192 Seio
1551 2165 1613 2199 quid
1627 2164 1743 2190 tacturus
1757 2165 1874 2196 sis;suio

1087 2206 1112 2228 te
1123 2201 1210 2227 omnia
1225 2205 1267 2226 tua
1285 2200 1350 2226 bona
1367 2199 1489 2226 diturum
1510 2208 1568 2225 esse
1591 2199 1762 2233 pauperibus,
1778 2205 1805 2225 et
1821 2200 1873 2233 pri-

1086 2243 1130 2263 mo
1145 2235 1188 2267 iis,
1208 2243 1274 2269 quos
1287 2234 1458 2265 defrandasti,
1476 2235 1652 2269 tpiadruplttm
1674 2242 1733 2261 esse
1757 2235 1874 2261 redditu-

1087 2279 1155 2298 rum.
1183 2270 1259 2304 Apud
1287 2270 1438 2303 hujnsmodi
1465 2271 1585 2296 homines
1606 2270 1719 2296 libenter
1743 2270 1872 2296 diversor.

1086 2305 1229 2333 Zaccharns
1243 2313 1306 2332 vero
1317 2307 1443 2332 testiuaus
1457 2305 1603 2334 descendit.
1616 2309 1642 2331 et
1655 2305 1719 2331 abiit
1730 2305 1755 2331 in
1766 2304 1874 2331 domum

1087 2348 1161 2368 suam
1175 2361 1181 2373 ,
1195 2340 1339 2374 Jcsnmqne
1360 2341 1475 2374 suscepit
1489 2349 1495 2365 :
1508 2340 1654 2374 grandiaque
1675 2340 1769 2373 plenus
1780 2361 1786 2371 ,
1802 2345 1875 2366 stans

1087 2377 1162 2407 dixit;
1175 2383 1226 2401 non
1240 2375 1388 2407 ambulans,
1404 2383 1455 2401 non
1468 2375 1573 2407 sedens,
1585 2375 1632 2402 sed
1644 2381 1728 2405 stans,
1740 2379 1768 2401 ut
1780 2377 1876 2401 anima:

1088 2419 1144 2438 sua:
1163 2410 1327 2438 immutabile
1347 2410 1510 2444 propositum
1527 2411 1691 2442 declararet;
1711 2415 1786 2436 stans
1798 2410 1874 2442 dixit,

1088 2454 1147 2473 cum
1164 2446 1270 2472 fervens
1289 2445 1401 2480 Spiritu,
1424 2445 1591 2472 irrevoeabili
1615 2446 1746 2471 sententia
1762 2453 1875 2472 concer-

1089 2481 1179 2508 tabat:
1195 2481 1296 2507 sciebat
1310 2483 1380 2508 enim
1396 2481 1438 2507 ubi
1453 2486 1564 2510 Slfl'el‘t‘l,
1582 2484 1608 2507 et
1622 2480 1666 2506 ubi
1682 2487 1819 2507 messurus
1834 2487 1877 2506 es-

1089 2521 1130 2543 set
1144 2525 1151 2548 ;
1164 2516 1282 2549 dixitque
1303 2525 1309 2542 :
1326 2516 1391 2542 Ecce
1415 2516 1547 2541 dimidium
1568 2515 1689 2542 bonorum
1709 2523 1821 2542 meorum
1845 2515 1876 2541 do

1088 2551 1250 2586 pauperibus.
1265 2556 1288 2578 et
1301 2551 1407 2586 siquem
1423 2551 1583 2585 defraudnri,
1604 2551 1681 2576 reddo
1704 2550 1877 2584 quadruplum

1090 2586 1200 2619 (Luae.
1213 2586 1286 2621 8).70
1297 2585 1430 2613 confessio
1450 2593 1514 2620 pura
1536 2594 1568 2612 ex
1593 2586 1674 2612 corde
1694 2593 1760 2621 puro
1785 2593 1877 2621 proca:

1090 2622 1174 2648 dt-ns!
1198 2619 1331 2649 confessio
1354 2629 1405 2648 nun
1428 2619 1520 2656 pudori
1541 2621 1669 2652 obnoxia,
1694 2620 1759 2647 nulli
1780 2619 1876 2656 pudori

1090 2656 1212 2684 obnoxiae
1230 2656 1322 2691 gloria:
1345 2656 1388 2683 Dei
1412 2657 1511 2687 oblata,
1534 2656 1612 2683 ﬁdem
1632 2656 1755 2690 spirans,
1775 2655 1876 2689 justitia

1090 2691 1191 2719 ﬂorens
1216 2699 1223 2718 :
1249 2699 1300 2726 qua
1333 2691 1434 2726 justitia
1469 2699 1518 2718 nos
1542 2691 1666 2726 dignetur
1693 2691 1877 2726 universorum

1092 2728 1184 2759 tiens,
1212 2724 1294 2761 gratia
1321 2724 1348 2753 et
1374 2725 1537 2761 benignitate
1571 2724 1674 2753 Domini
1702 2725 1786 2753 nostri
1813 2724 1876 2761 Jesu

1089 2762 1205 2794 Clu-isti,
1218 2760 1262 2789 cui
1279 2762 1363 2796 gloria
1386 2766 1412 2788 et
1434 2760 1573 2796 imperium
1596 2762 1622 2788 in
1645 2761 1742 2789 secula
1764 2760 1876 2788 stmulo-

1091 2805 1160 2825 rum.
1180 2798 1275 2824 Amen.
