2063 3121
161 156 177 183 ’ἲ
182 154 215 180 Si)

163 207 300 242 legislator
321 213 369 242 per
386 205 515 241 jejunium
529 206 639 233 effectus
655 209 694 232 est
711 213 716 233 ι
734 213 782 232 nrt:
796 213 890 242 panem
906 213 952 233 co-

162 243 254 272 medit.
267 241 418 270 necivinnnt
432 242 507 273 bibit;
519 243 583 268 satis
596 242 667 268 enim
683 241 720 268 illi
733 247 790 268 crat
804 241 835 267 ad
847 249 948 271 escam.

161 278 233 313 quod
259 279 343 312 legent
363 285 378 304 a
402 278 552 311 legislature
567 278 717 304 doceretur.
733 277 766 303 Ut
781 282 869 303 autem
882 277 950 313 scias

161 312 288 347 quantum
304 314 386 348 prosit
397 313 537 347 jejunium,
553 317 580 340 et
592 318 719 347 quantum
732 317 825 338 unt-cat
835 312 949 338 ebrietas

161 348 254 382 jejunii
269 349 420 375 adversaria
432 356 438 380 ;
453 348 538 382 cogita
552 355 582 374 ea
596 356 656 382 qnze
668 355 683 374 a
696 348 796 382 Moyse.
806 352 832 373 et
845 355 875 373 ea
889 354 949 380 anc

161 392 176 410 a
198 385 297 418 populo
324 388 398 418 gesta
420 389 498 413 sunt;
522 389 549 410 et
572 383 666 418 jejuuii
690 383 743 409 viui
768 382 882 409 etlisccs.
899 383 949 409 Su-

180 417 246 447 erne
265 417 367 453 Moyses
389 419 473 452 legem
489 417 606 452 accepit,
625 423 652 445 et
665 418 732 445 infra
749 417 849 452 positus
863 425 948 452 pupu-

173 462 205 482 us
234 452 318 489 legem
347 454 454 480 evortit.
480 453 577 480 [)olore
603 461 718 488 namque
743 452 852 479 alicclus
875 453 950 488 Moy-

162 497 206 517 scs
221 488 307 523 legem
328 489 465 520 contrivit.
492 497 543 515 tton
564 488 721 516 rationabile
742 493 837 522 putans
861 494 889 514 ιιι
909 488 947 514 lex

162 524 244 551 ebriis
258 524 474 553 concrederelur.
491 529 518 551 ct
542 524 637 551 animis
656 525 717 550 vino
731 524 833 550 iniustis
846 524 950 557 eloquia

163 560 206 587 illa
223 560 401 587 traderentur.
417 559 483 586 Vide
493 566 571 593 quam
586 564 679 586 noceat
692 559 807 586 ebrietas
819 556 949 593 jejuniinu

163 603 330 630 oppugnatis.
356 594 410 622 Sed
434 602 526 630 rursus
554 594 696 628 jejunium,
722 599 824 620 tantum
852 593 950 630 malum

163 628 321 662 entendans,
333 630 442 656 totident
456 629 549 657 diebus
563 638 650 662 usum,
663 630 747 663 legem
764 630 859 656 iterutn
870 628 952 655 advo-

163 666 234 692 cavit
247 674 254 691 :
271 665 426 692 memoriale
439 665 516 692 nobis
524 664 677 699 relinquens
687 664 720 691 ad
731 665 899 692 securitatem
911 663 952 690 vi-

164 705 197 728 ta:
213 704 240 727 et
249 700 470 727 conversationis.
486 700 546 726 ldcu
562 700 629 726 forte
642 701 681 726 sic
695 699 808 734 contigit
819 704 847 726 ut
858 704 953 734 myste

164 736 233 762 rium
256 735 399 770 quodpiam
422 735 552 762 indicaret
573 744 580 762 :
602 734 673 769 quod
693 742 789 770 nempe
810 734 894 768 prima
910 734 952 761 lex

164 769 302 797 cessatum
315 769 361 803 sit.
375 771 409 797 ob
425 770 638 797 incredulitatem
652 770 729 804 primi
746 769 835 805 populi
850 769 951 796 contri-

165 811 191 832 ta
208 815 214 832 :
229 805 345 833 secunda
368 813 432 833 vero
452 811 561 840 operata
585 810 637 840 est,
655 805 754 840 ubique
767 805 950 836 disseminata,

164 841 225 875 quia
246 841 390 868 secundam
407 839 492 875 legent
507 839 640 868 secundus
655 839 767 875 populus
780 839 894 867 ﬁdeliter
907 847 953 867 ae-

165 877 236 910 eepit
250 883 278 903 et
287 876 441 903 custodivit.
461 876 533 903 Elias
546 883 610 902 vero
625 880 691 910 post:
704 883 764 902 nam
780 882 827 909 per
839 875 955 909 quadra-

165 913 238 938 trinta
251 912 309 938 dies
332 911 487 938 ieiunassct.
502 915 530 938 ct
548 918 599 938 una
611 918 671 938 esea
686 885 821 938 desertum
834 910 955 938 traiecis-

165 913 238 945 ginta
251 912 309 938 dies
328 911 487 946 jejunassct,
502 915 530 938 ct
548 918 599 938 una
611 918 672 946 esea
686 910 821 938 desertum
834 910 955 946 trajecis-

166 951 218 979 set,
242 945 361 973 laborem
383 954 435 974 non
456 946 541 973 sensit
563 955 569 972 :
591 945 722 980 jejunium
747 953 860 980 namque
879 945 954 972 illum

167 982 327 1009 sustentavit
354 986 381 1009 et
405 981 523 1008 laborent
551 981 664 1013 minuit;
690 988 721 1008 ac
744 985 803 1015 post
824 980 953 1015 jejunium

169 1017 252 1044 Deum
267 1017 342 1049 vidit,
360 1021 387 1043 ιιι
408 1021 512 1051 poterat
533 1017 644 1043 humana
668 1020 761 1043 natura
776 1015 954 1050 comprehcn-

166 1051 242 1078 dere.
266 1052 323 1079 Non
346 1052 483 1086 corporeis
505 1052 590 1079 oculis
612 1052 797 1085 incorporeum
819 1051 892 1080 vidit.
907 1051 955 1078 sed

167 1087 436 1122 cor-derinvisibilem
460 1088 601 1122 cogitans,
622 1095 668 1121 per
692 1087 954 1122 auitnarpuritatem.

168 1121 235 1148 Nam
257 1121 328 1149 Beati
349 1122 445 1149 ntundo
465 1121 560 1154 corde,
580 1122 697 1156 quoniam
713 1122 761 1156 ipsi
784 1121 866 1148 Deum
887 1122 955 1148 eide-

167 1158 229 1184 lmut
240 1157 345 1192 (Matth.
361 1158 388 1185 5.
404 1158 443 1192 8).
459 1156 504 1185 Sic
519 1165 552 1192 po
568 1162 656 1192 tqttam
669 1156 848 1192 jejunaverat,
861 1157 956 1184 ca-lnm

168 1191 264 1220 clausit
275 1193 380 1220 lascivis
390 1213 398 1224 ,
410 1193 454 1227 qui
470 1191 524 1227 pcr'
533 1191 613 1219 totam
624 1191 704 1219 vitam
719 1193 897 1227 voluptatibus
910 1191 957 1219 de-

169 1228 217 1254 diti
231 1233 327 1260 erant;
342 1233 368 1255 ut
380 1228 451 1262 quod
468 1235 520 1255 non
536 1228 673 1255 voluntate
695 1229 799 1262 propria
822 1228 957 1262 eli-gerant

169 1263 298 1297 jt'jttnium
312 1284 319 1296 ,
343 1263 394 1291 ltoc
415 1271 462 1297 per
481 1263 577 1290 fament
601 1263 712 1290 instituti
730 1263 900 1295 ediscerent.
931 1267 958 1290 et

170 1300 271 1326 scirent
291 1306 370 1334 quam
390 1298 454 1326 utile
480 1299 515 1326 sit
538 1298 680 1333 jejunium,
707 1298 779 1332 quod
801 1298 957 1334 deliciarum

171 1338 290 1368 tempore
320 1341 395 1361 suam
430 1334 484 1360 vim
514 1333 678 1361 ostenderet.
717 1333 809 1360 Daniel
852 1341 959 1368 quoque

169 1375 308 1404 posuqoant
323 1377 368 1403 per
384 1374 437 1396 tres
452 1368 632 1396 hebdomadas
643 1369 807 1404 jejunassct,
822 1373 848 1395 et
861 1376 956 1402 panem

169 1404 362 1431 desideriorum
385 1412 437 1431 tton
462 1409 604 1439 gustasset,
628 1405 652 1431 in
678 1405 762 1431 lacum
786 1404 890 1430 leonum
912 1412 959 1438 per

170 1439 329 1466 lascivorutu
346 1440 469 1466 iuvidiant
484 1440 612 1474 tlejectus.
627 1440 717 1466 leones
729 1439 763 1466 ibi
776 1439 897 1473 jejunarc
911 1440 960 1465 do-

169 1475 234 1502 cuit.
250 1475 429 1509 Jejunaturem
440 1475 510 1502 enim
527 1475 647 1502 reverita:
661 1481 722 1502 sunt
737 1475 865 1501 immanes
880 1475 957 1506 forte,

171 1510 372 1537 rationabililms
384 1510 446 1537 feris
460 1511 597 1541 mitiores;
613 1516 640 1537 et
656 1518 686 1538 os
699 1517 777 1537 suum
793 1510 958 1541 clauserunt,

169 1552 276 1572 saertnn
296 1553 392 1579 corpus
413 1551 522 1579 tangere
543 1554 595 1572 tton
616 1553 698 1572 ansa'.
721 1545 830 1580 Corpori
846 1553 960 1580 mutique

169 1581 355 1621 suojejunium
366 1582 440 1621 quasi
452 1586 617 1621 armaturam
625 1588 772 1621 apponens,
782 1588 864 1614 seque
877 1585 959 1607 totntn

171 1624 220 1650 per
234 1616 297 1643 illud
310 1615 442 1646 muniens.
457 1615 549 1644 fefellit
560 1616 651 1643 oculos
666 1617 783 1645 le0num.
798 1623 850 1642 tton
862 1623 961 1650 corpus

172 1652 326 1683 lutntanmn,
344 1651 390 1679 sed
409 1659 507 1686 corpus
528 1652 677 1686 angelicum
697 1651 836 1678 exlnlens.
854 1651 885 1677 Et
906 1656 960 1678 tres

173 1687 246 1720 pueri
271 1687 296 1713 itt
321 1687 474 1721 Babylone.
499 1687 620 1714 nolentes
646 1687 742 1721 iniqua:
767 1686 836 1721 regis
861 1693 960 1713 mensa:

176 1722 316 1756 participes
330 1730 408 1755 esse,
426 1722 472 1749 sed
492 1722 576 1756 legale
588 1722 717 1756 jejunium
731 1722 805 1756 sequi
819 1725 942 1755 optantes
952 1741 959 1753 ,

171 1756 199 1782 iu
222 1765 313 1791 rogum
337 1758 432 1784 camini
458 1757 580 1792 ingrcssi,
605 1758 791 1784 exstinxerunt
814 1756 960 1788 llatnmam,

171 1792 360 1826 perjejunium
375 1793 460 1827 ignem
481 1801 506 1818 Ill
529 1800 615 1820 rorem
641 1793 666 1819 in
689 1792 796 1819 fornace
817 1797 959 1818 umtanles.

172 1827 258 1861 Atque
282 1835 329 1854 eos
348 1828 392 1862 qui
413 1828 542 1861 jejunium
563 1836 615 1854 non
629 1828 730 1861 experti
744 1832 819 1854 crant
833 1827 900 1860 ignis
914 1834 961 1861 ago

171 1870 279 1895 gressus
303 1867 357 1894 est;
386 1870 480 1889 omnes
502 1863 572 1888 enim
600 1863 803 1889 circumstantes
821 1862 962 1888 Chaldaeos

171 1897 356 1931 consumpsit;
378 1898 411 1923 ab
435 1898 466 1924 iis
489 1905 551 1923 vero
574 1897 619 1931 qui
639 1897 743 1931 jejunio
764 1897 861 1923 assueti
886 1901 963 1923 erattt

171 1933 292 1963 recessit,
308 1933 377 1966 quod
394 1940 446 1958 non
466 1935 556 1966 posset
570 1939 663 1959 eorum
683 1939 795 1966 corpora
811 1931 960 1966 attingere:

172 1975 259 2000 neque
271 1968 342 1994 enim
355 1968 464 1994 materia
476 1967 607 2001 qumpiam
618 1972 676 1994 erat
688 1967 714 1994 in
729 1974 854 2000 corpore.
864 1967 934 1999 quod
947 1974 962 1993 ιι

169 2002 272 2036 jejunio
285 2003 420 2036 spirituale
435 2003 567 2029 redditum
583 2002 679 2029 fuerat.
695 2002 825 2029 Similiter
840 2002 963 2028 Ninivitat

169 2038 272 2071 jejunio
292 2044 404 2064 mortem
426 2037 586 2072 depulerunt
601 2046 608 2064 :
621 2037 705 2064 tribus
729 2038 800 2064 enitn
821 2037 915 2064 diebus
936 2038 962 2064 in

171 2073 274 2106 jejunio
288 2074 411 2107 peractis,
426 2080 556 2100 :eternum
567 2073 724 2107 supplicium
737 2081 783 2107 per
795 2079 892 2105 paucos
903 2072 964 2099 illos

172 2108 230 2134 dies
243 2108 417 2142 effugientes,
431 2113 557 2135 aeternam
573 2108 599 2135 iu
615 2108 714 2135 mundo
726 2109 766 2135 sui
782 2107 887 2135 laudem
903 2108 964 2135 reli-

171 2148 298 2176 querunt.
320 2142 426 2176 Videte,
448 2144 548 2174 dilecti,
572 2149 699 2178 quantum
722 2144 804 2178 possit
822 2143 963 2178 jejunium.

173 2185 236 2204 cum
251 2179 371 2206 oratione
385 2183 412 2206 et
426 2179 552 2213 operibus
569 2184 714 2213 peractum.
737 2178 872 2213 .lejuuium
892 2178 963 2205 enim

171 2218 200 2239 et
214 2214 333 2247 precatio
347 2221 362 2241 ει
377 2219 463 2241 morte
481 2214 609 2244 liberant:
632 2213 679 2241 sed
690 2214 793 2248 justitia
810 2213 870 2248 plus
885 2221 964 2248 quant

796 148 827 176 ΙΝ
847 147 962 177 FILIUM
984 147 1111 176 Ὴῐὶυιιΐῖ.

1739 151 1792 178 790

1005 206 1050 233 illa
1064 206 1127 233 duo.
1142 206 1274 239 ιι-ςιιιιὶιιιιι
1291 213 1402 235 mortem
1419 207 1485 235 tollit
1497 229 1504 241 ,
1518 212 1544 235 et
1559 207 1591 235 ab
1610 208 1646 235 ira
1666 209 1786 234 redimu:

1003 242 1133 279 jejunium
1148 243 1268 277 purgatio
1281 249 1322 270 est
1336 244 1432 270 mentis
1445 265 1452 275 ,
1467 251 1578 271 consors
1591 249 1671 279 temp:
1683 245 1773 270 rantia:
1783 264 1790 273 .

1002 277 1170 311 gymnasium
1193 279 1315 314 pietatis,
1334 279 1424 313 iugum
1439 279 1557 314 justitizc.
1574 277 1792 313 Solet'jejunimn

1003 320 1146 346 pauperem
1162 313 1274 349 reddere
1288 313 1412 345 divitem;
1435 313 1520 349 neque
1532 315 1603 341 enim
1617 314 1679 341 sinit
1695 319 1794 340 It‘ltlert!

1004 349 1150 382 impensam
1170 348 1267 379 facere.
1288 349 1464 376 sufﬁcientem
1479 348 1601 377 indicans
1615 356 1766 377 menSnram
1785 358 1791 374 :

1003 384 1071 410 solet
1084 383 1163 410 etiam
1179 383 1287 411 divitem
1299 384 1469 419 pecuniarum
1482 393 1650 413 mcuuomum
1668 384 1792 414 reddere.

1003 426 1051 445 nec
1064 419 1128 445 sinit
1144 426 1204 446 cum
1220 427 1266 446 sua
1280 419 1338 446 sine
1355 420 1434 447 modo
1447 420 1599 447 absumere.
1624 420 1702 447 Novit
1722 419 1793 452 jeju-

1004 454 1075 480 nium
1087 453 1237 488 juventutis
1251 454 1385 488 vigorem,
1405 456 1482 483 docet
1503 455 1570 482 cibis
1592 455 1695 482 frenum
1713 462 1794 489 appo-

1003 497 1078 521 nere,
1094 489 1284 516 continentiatn
1302 490 1377 522 indit,
1392 495 1419 517 et
1433 491 1567 525 sapienter
1577 490 1650 517 ducit
1665 490 1697 516 atl
1710 490 1791 524 picta-

1004 528 1056 560 tcm
1078 529 1105 551 ct
1129 525 1290 551 castitatem.
1314 525 1370 552 Scit
1391 526 1471 552 etiam
1494 526 1602 553 senibus
1626 525 1791 560 prudentiam

1005 558 1111 590 iutierc,
1124 564 1152 586 et
1167 567 1260 594 purum
1274 560 1338 594 ipsis
1354 561 1450 588 mentis
1463 561 1568 587 oculum
1582 558 1700 588 servare.
1719 559 1793 594 Jeju-

1005 594 1077 631 nilun
1101 601 1203 631 corpus
1222 602 1315 622 sanum
1337 595 1454 631 custodit
1473 605 1478 622 :
1495 596 1566 631 quod
1589 604 1640 622 noti
1668 599 1793 631 onustum

1004 629 1087 666 cibis,
1110 630 1250 666 materiam
1276 630 1431 666 morborum
1452 629 1510 658 non
1526 631 1640 666 accipit;
1666 630 1712 658 sed
1735 631 1794 656 leve

1005 664 1102 700 factum
1118 672 1132 690 a
1147 665 1215 692 cibis
1225 685 1233 697 ,
1247 665 1384 692 robustum
1397 670 1440 693 est
1452 666 1484 692 ad
1499 664 1608 693 numera
1626 666 1791 700 accipienda.

1006 699 1236 734 Ideojejunentus.
1249 700 1350 733 dilecti,
1366 706 1395 727 ut
1410 701 1556 734 spiritualia
1573 699 1794 728 tnunera'cmtsn-

1004 742 1127 769 quamur.
1146 734 1195 769 Qui
1209 735 1329 769 jejunat,
1347 736 1462 763 animant
1484 736 1597 763 instituit
1608 736 1640 762 ad
1656 736 1793 770 pietatem,

1006 770 1148 804 imaginem
1168 771 1302 806 accipiens
1318 778 1455 806 corporctc
1468 771 1639 798 continentia:
1652 771 1685 797 ad
1700 778 1792 798 curant

1006 806 1118 836 animat;
1133 810 1161 832 ut
1174 805 1396 840 quemadmodum
1411 806 1526 834 abstinet
1538 807 1571 833 ab
1585 807 1703 833 externis
1716 806 1794 836 cibis.

1006 840 1045 867 sic
1056 840 1188 868 abstineat
1201 847 1216 867 a
1232 841 1320 875 pravis
1333 842 1538 876 cogitationibus
1553 841 1746 876 ingruentibus.
1764 840 1794 867 Si

1007 876 1120 910 Spiritus
1133 876 1240 909 potentia
1249 897 1255 908 ,
1271 876 1365 911 inquit,
1380 877 1521 904 ascenderit
1535 877 1561 903 in
1575 881 1599 903 te
1608 897 1614 908 ,
1630 876 1714 911 locum
1724 881 1795 902 tuum

1006 919 1037 937 ne
1052 911 1187 946 relinquat,
1197 912 1256 945 quia
1266 910 1362 938 medela
1371 919 1468 939 reuere
1478 912 1552 946 faciet
1566 916 1666 946 peccata
1683 910 1792 945 (Eccita.

1007 946 1051 982 to.
1065 945 1104 981 4).
1117 945 1190 974 Sicut
1203 953 1267 981 ergo
1281 946 1400 974 abstines
1413 954 1427 974 a
1441 945 1508 974 cibis
1521 947 1587 974 nihil
1602 946 1743 982 gustandi).
1757 947 1794 972 sic

1007 981 1111 1009 abstine
1123 989 1137 1008 a
1151 982 1266 1016 peccatis
1280 982 1392 1016 teipsqu
1405 982 1542 1009 mutando.
1556 981 1680 1009 Abstincs
1691 989 1704 1008 a
1715 981 1796 1008 vino?

1007 1017 1111 1044 abstine
1129 1017 1208 1044 etiam
1221 1025 1236 1044 a
1252 1018 1367 1051 nequitia
1381 1026 1388 1046 :
1403 1017 1472 1045 solet
1484 1018 1554 1044 enim
1572 1017 1688 1051 nequitia
1710 1016 1791 1050 majo-

1007 1060 1064 1079 rem
1074 1052 1230 1088 ebrietatem
1240 1053 1265 1079 in
1275 1052 1362 1079 anima
1375 1060 1480 1088 parere.
1493 1053 1617 1080 Abstines
1628 1060 1643 1079 a
1653 1051 1795 1079 carnibus?

1007 1088 1112 1129 abstine
1123 1092 1151 1114 et
1164 1087 1367 1129 :‘Iydetractioue,
1377 1087 1418 1128 ne
1431 1088 1564 1129 per_il|am
1580 1095 1674 1129 carnes
1686 1088 1794 1127 fratrum

1008 1123 1144 1150 comedas.
1166 1122 1264 1150 Veruut
1281 1130 1395 1157 namque
1406 1122 1536 1157 jejunium
1551 1128 1591 1150 est
1608 1122 1767 1149 abstinentia
1781 1129 1795 1147 τι

1009 1159 1135 1193 peccatis.
1160 1158 1228 1185 Audi
1250 1157 1406 1192 prophetam
1429 1158 1562 1185 dicentem
1575 1178 1582 1190 ,
1599 1157 1658 1184 Non
1674 1157 1794 1191 liacjejn-

1008 1194 1079 1220 nium
1089 1193 1162 1228 elegi.
1172 1201 1251 1227 neque
1260 1193 1324 1219 diem
1335 1202 1385 1227 qua
1396 1193 1511 1220 humiliat
1521 1194 1595 1220 homo
1605 1193 1716 1219 animum
1726 1200 1796 1218 statim

1009 1228 1084 1263 (lsai.
1103 1229 1146 1256 58.
1159 1229 1198 1263 5).
1213 1228 1266 1256 Sed
1278 1229 1360 1263 quid?
1374 1229 1450 1256 Solve
1459 1237 1530 1256 omne
1539 1228 1664 1255 vinculum
1674 1228 1794 1261 iniquita-

1010 1265 1041 1291 tis
1051 1273 1060 1290 :
1068 1264 1175 1291 dissolve
1186 1265 1353 1290 tortuosilatas
1362 1263 1525 1290 violentarum
1536 1268 1665 1298 pactorum
1676 1267 1776 1292 tuorum
1787 1269 1796 1287 :

1010 1301 1100 1334 frange
1116 1300 1235 1326 esurienti
1254 1307 1344 1333 panem
1364 1304 1435 1326 tuum
1452 1307 1461 1326 :
1481 1307 1540 1327 eum
1558 1299 1600 1333 qui
1621 1299 1674 1325 sine
1687 1302 1749 1334 tecto
1762 1301 1797 1322 cst

1009 1333 1086 1361 induc
1105 1335 1131 1361 in
1150 1334 1253 1361 domum
1274 1339 1360 1366 luam;
1375 1335 1397 1361 εἰ
1414 1335 1505 1361 videris
1526 1334 1632 1366 nudum,
1655 1333 1724 1367 operi
1742 1340 1798 1359 eum

1011 1369 1064 1404 (Ib.
1076 1379 1100 1396 υ.
1115 1371 1140 1397 ti.
1155 1370 1193 1404 7).
1209 1369 1264 1396 lloc
1276 1374 1327 1400 cst.
1344 1370 1445 1401 dilecti,
1458 1377 1549 1397 verum
1561 1369 1701 1404 jejunium,
1715 1376 1730 1394 ει
1743 1368 1798 1404 Deo

1010 1403 1158 1440 acceptum,
1171 1405 1269 1432 bomini
1284 1405 1399 1432 salutare
1409 1410 1436 1432 et
1447 1404 1570 1432 omnibus
1583 1403 1708 1439 placitum
1722 1411 1730 1430 :
1747 1403 1797 1429 hoc

1010 1441 1131 1475 sequitur
1148 1440 1274 1467 ert-lorum
1296 1441 1440 1475 posseSsio,
1461 1445 1487 1467 et
1511 1440 1613 1475 Dpunini
1635 1447 1715 1468 verax
1737 1447 1798 1473 pro-

1012 1473 1113 1503 missio.
1137 1475 1201 1503 Vide
1213 1475 1283 1502 enim
1297 1473 1360 1510 quid
1377 1475 1502 1510 adjiciat:
1519 1473 1591 1501 Tunc
1611 1479 1723 1509 erumpet
1743 1481 1798 1510 nta-

1011 1511 1120 1538 tutinum
1133 1511 1216 1537 lumen
1233 1508 1314 1542 tuum,
1330 1515 1390 1537 tunc
1400 1508 1525 1537 clamante
1537 1515 1560 1536 te
1569 1510 1686 1538 exaudiet
1697 1513 1720 1535 te
1732 1516 1740 1535 :
1751 1508 1799 1534 ad-

1012 1547 1060 1573 huc
1071 1551 1095 1573 te
1106 1546 1295 1585 lcqtteutetliret
1305 1566 1313 1577 ,
1331 1544 1398 1572 Ecce
1409 1547 1498 1572 adsunt
1510 1545 1563 1585 (Ι
1578 1554 1603 1572 υ.
1618 1545 1645 1572 8.
1662 1544 1703 1585 9).
1721 1544 1800 1585 Vides

1011 1587 1108 1617 quanta
1116 1582 1208 1616 jcjuttii
1217 1581 1297 1617 dona,
1309 1586 1338 1608 et
1346 1588 1405 1608 cutn
1417 1585 1512 1615 quanta
1525 1581 1621 1617 pietate
1629 1581 1798 1614 ctmjuuctum

1012 1615 1066 1649 sit;
1081 1615 1121 1644 ita
1132 1622 1160 1643 ιιι
1175 1617 1256 1643 Deum
1273 1615 1358 1650 ipsutn
1372 1621 1465 1643 exoret
1478 1620 1507 1642 ut
1519 1615 1551 1642 ad
1566 1615 1707 1642 lmmanam
1721 1619 1798 1641 natu-

1013 1660 1069 1679 ram
1083 1651 1203 1679 accedat.
1219 1649 1311 1685 Jejuna
1323 1652 1413 1686 igitur,
1427 1658 1568 1686 persevera
1585 1651 1611 1677 in
1625 1649 1800 1686 orationibus.

1012 1687 1169 1723 synaxibus,
1183 1685 1410 1723 admonitionibus
1422 1685 1592 1723 Luamquam
1608 1685 1707 1723 absens
1712 1692 1734 1723 _a
1747 1689 1801 1712 CIB-

1014 1719 1053 1755 ιιι,
1067 1727 1096 1749 ιιι
1110 1719 1167 1749 mos
1181 1727 1222 1749 est
1235 1721 1403 1756 quibusdam.
1425 1719 1528 1756 Neque
1537 1719 1802 1756 negotiationibuset

1015 1757 1190 1785 tribunalibus
1210 1754 1264 1783 tota
1279 1757 1322 1783 die
1333 1756 1381 1783 des
1394 1754 1502 1790 operam
1514 1765 1521 1788 ;
1537 1763 1573 1782 ne
1584 1755 1712 1791 pecunias
1726 1754 1801 1782 colli-

1013 1800 1077 1827 gas,
1099 1799 1165 1826 quas
1190 1791 1492 1827 disiiergcrerdebercs;
1519 1799 1552 1817 tte
1574 1796 1674 1827 C0lill'i_l_
1693 1790 1801 1827 fratrem

1015 1824 1088 1854 (num
1101 1824 1256 1861 obl0quaris
1266 1847 1273 1858 ,
1289 1824 1334 1853 t-ui
1353 1826 1482 1853 inservire
1494 1830 1640 1860 oporteret.
1653 1824 1754 1852 Venisti
1768 1825 1801 1861 ad

1015 1870 1153 1897 vospcram
1169 1867 1213 1888 aut
1228 1861 1321 1888 ltorant
1338 1868 1435 1888 nouant
1446 1869 1518 1897 ,rnon
1534 1866 1560 1887 ut
1571 1860 1811 1897 jejnnii_prnposi-.

1015 1894 1070 1924 tum
1089 1897 1243 1930 perliceres,
1261 1896 1307 1923 sed
1329 1901 1358 1923 ut
1375 1896 1476 1923 ventris
1495 1897 1642 1930 appetitum
1665 1894 1802 1930 implores.

1017 1934 1049 1959 Et
1063 1929 1096 1960 ne
1111 1932 1226 1959 videaris
1240 1939 1255 1958 ιι
1271 1931 1333 1958 vino
1347 1931 1454 1966 quidem
1476 1929 1611 1958 abstinere
1622 1951 1628 1961 ,
1650 1929 1720 1965 quod
1735 1929 1802 1963 vigi‘

1017 1969 1075 1995 laus
1091 1969 1144 2000 sis;
1164 1967 1210 1994 sed
1226 1967 1364 2001 iniquitate
1378 1967 1470 2001 plenus
1483 1966 1573 1993 ebrius
1586 1973 1660 2001 esse:
1675 1972 1741 1992 neve
1754 1972 1802 1991 au-

1015 2003 1082 2035 dias,
1102 2003 1144 2030 Va:
1155 2002 1238 2035 ebriit,
1251 2000 1301 2039 non
1312 2010 1328 2028 α
1342 2000 1399 2039 pina
1412 2000 1542 2039 (lsai.f28.
1557 2000 1592 2036 l).
1607 2000 1730 2039 Ebrietas
1741 2007 1803 2039 vero

1017 2047 1068 2065 noti
1091 2039 1171 2065 habet
1191 2045 1251 2064 cum
1268 2037 1368 2072 jejunio
1380 2037 1554 2068 consortium,
1568 2037 1614 2062 sed
1627 2042 1668 2063 est
1682 2036 1740 2069 ejus
1754 2036 1799 2072 ini-

1017 2074 1083 2101 mica
1097 2079 1122 2101 et
1135 2073 1296 2100 adversaria.
1310 2072 1344 2100 Ut
1357 2072 1541 2105 perveniamus
1552 2071 1583 2097 ad
1596 2076 1713 2106 paratam
1727 2071 1804 2097 nobis

1016 2117 1090 2144 spem
1113 2108 1316 2136 resurrectionis
1332 2107 1408 2144 :Villic
1424 2106 1531 2144 quidem
1546 2106 1665 2133 fruentes
1680 2106 1803 2144 repositis

1017 2141 1112 2176 bonis.
1135 2144 1178 2171 hic
1193 2151 1256 2171 vero
1272 2141 1440 2170 exsultantes
1449 2142 1483 2170 de
1499 2142 1531 2169 iis
1543 2149 1602 2175 qum
1620 2149 1760 2175 Speramns
1778 2141 1804 2166 ln

1017 2180 1124 2207 Christo
1138 2179 1212 2211 Jesu.
1224 2178 1265 2206 cui
1278 2178 1362 2213 gloria
1377 2178 1403 2205 in
1415 2178 1510 2205 satcula
1525 2177 1694 2204 saeculorum.
1708 2177 1803 2203 Amen.

830 2316 862 2338 IN
886 2317 997 2340 FILICM
1022 2317 1138 2339 VIDUE.

210 2442 241 2469 Et
255 2444 350 2478 factum
360 2448 395 2471 est
410 2447 505 2478 postea,
517 2443 567 2470 lblll
577 2442 653 2470 Jetut
666 2443 691 2470 in
705 2443 839 2476 civitatem,
852 2452 907 2478 qua:
920 2452 962 2471 va-

172 2483 246 2504 catur
258 2478 336 2505 Naim
350 2487 360 2506 :
373 2484 396 2505 et
415 2479 484 2505 ibant
497 2487 554 2505 cum
570 2486 599 2505 eo
613 2478 730 2512 discipuli
751 2479 806 2512 ejus
817 2499 823 2508 .
846 2484 869 2505 et
889 2481 961 2506 turba

173 2514 263 2540 "mlta.
274 2513 338 2541 Cum
351 2519 435 2540 autent
456 2515 672 2548 appropinquaret
687 2519 765 2548 partae
777 2515 895 2546 civitatis,
907 2523 963 2542 ecce

172 2548 306 2582 defunctus
316 2548 463 2581 Merebatur
473 2550 541 2583 [ilius
551 2549 639 2575 unicus
653 2549 739 2575 ntuli-is
749 2557 811 2581 sure,
823 2553 845 2576 ct
858 2550 912 2577 lucc
924 2551 959 2576 ri-

172 2584 226 2610 dua
239 2589 292 2610 erat
303 2583 377 2618 (Luc.
393 2585 418 2610 7.
436 2585 479 2611 ll.
496 2590 518 2611 et
533 2585 587 2618 12).
601 2584 695 2611 Omnia
713 2584 755 2612 hic
773 2590 834 2611 sunt
849 2585 961 2612 misera-

174 2619 220 2646 bili
240 2619 335 2646 affectu
346 2620 436 2654 plena.
453 2619 536 2647 Unico
548 2620 601 2646 lilio
620 2620 673 2645 vita
687 2619 777 2646 functo
788 2640 796 2652 ,
807 2620 961 2647 dulcissima

174 2659 260 2681 mater
273 2654 415 2685 clamabat.
432 2662 460 2681 se
474 2655 531 2681 solo
550 2655 656 2682 nomine
671 2660 781 2681 matrem
795 2662 855 2682 esse
866 2676 873 2687 ,
887 2655 961 2689 cujus

175 2694 278 2724 partum
300 2697 372 2716 mors
391 2689 546 2717 dentessuit.
568 2690 651 2717 Unam
674 2698 752 2716 ttvant
774 2689 865 2717 habuit
888 2690 959 2723 vitis,

173 2729 201 2751 et
215 2726 284 2751 hanc
305 2725 398 2751 mortis
413 2725 528 2758 procella
556 2725 704 2752 contrivit:
730 2732 811 2752 unum
837 2725 960 2753 bacttlutn

175 2760 268 2786 babuit
289 2760 345 2791 illa.
367 2765 393 2786 et
412 2759 483 2786 huttc
497 2761 646 2787 communis
661 2768 733 2787 mors
755 2760 873 2788 abstulit.
897 2760 961 2789 Sine

175 2795 300 2830 prtesidio
315 2794 411 2822 mulier
425 2799 493 2830 erat,
509 2800 536 2821 et
549 2795 653 2822 sublato
668 2795 772 2827 baculo.
788 2803 841 2822 non
854 2795 960 2823 vitalem

173 2829 227 2857 Sibi
250 2829 308 2857 fore
327 2831 406 2857 vitam
424 2829 543 2856 videbat.
559 2830 690 2864 Deinceps
704 2839 737 2858 ne
750 2831 886 2858 minimam
899 2832 961 2864 qui-

174 2866 236 2892 dem
250 2865 459 2892 consolationem
476 2864 600 2897 habebat,
622 2867 700 2892 uttieo
712 2866 811 2894 amisso
825 2866 890 2893 ﬁlio.
909 2864 960 2893 Du-

174 2901 236 2936 plici
260 2901 353 2929 dolore
365 2899 558 2933 corripiebatur
569 2921 577 2932 ,
593 2900 691 2934 illoque
713 2909 766 2928 non
782 2902 958 2935 consolabili;

175 2943 256 2963 nemo
278 2940 381 2971 poterat
394 2942 536 2962 mteroretn
549 2936 681 2967 allevans;
698 2936 821 2971 lacryma:
842 2938 959 2965 rivorum

331 2979 467 3008 ΡΑτιιοι..
491 2978 549 3008 Gtt.
573 2978 651 3010 LXI.

1016 2443 1101 2472 instar
1113 2452 1162 2480 per
1170 2452 1253 2480 genus
1268 2446 1418 2474 manabant.
1438 2445 1612 2473 intolerabilis
1630 2452 1685 2474 erat
1700 2447 1805 2474 mulieri

1015 2479 1326 2517 luctus.gogrirt‘abatiilii
1343 2480 1465 2517 formam,
1478 2489 1568 2508 amore
1581 2482 1679 2509 viscera
1696 2491 1805 2517 rumpe-

1017 2516 1122 2543 bantnr.
1138 2513 1169 2542 Et
1183 2515 1227 2542 illa
1236 2516 1312 2542 vidua
1326 2516 1436 2542 omnino
1451 2517 1585 2549 manebat,
1607 2525 1664 2544 rem
1685 2513 1804 2544 omnium

1015 2551 1226 2583 acerbissimam,
1239 2551 1358 2577 omnium
1372 2551 1565 2584 miserrimam;
1581 2557 1607 2579 ct
1618 2553 1675 2580 viro
1690 2559 1716 2580 et
1727 2554 1805 2579 unico

1015 2587 1069 2611 lilio
1080 2586 1235 2612 orbaltatur.
1249 2585 1317 2612 Vere
1327 2586 1478 2614 miserabile
1490 2587 1576 2614 vidum
1597 2595 1703 2618 nmneu,
1721 2588 1803 2618 luctu,

1015 2622 1088 2653 lletu,
1103 2620 1253 2648 calamitate
1268 2622 1386 2656 plenum.
1409 2622 1593 2656 Sper-tatarum
1610 2631 1688 2650 nemo
1703 2629 1803 2656 tempe-

1015 2656 1089 2682 rabat
1099 2664 1113 2682 a
1128 2656 1269 2691 lacrymis;
1283 2664 1376 2684 onmes
1390 2657 1609 2691 ingemiscebant,
1621 2666 1670 2684 nec
1681 2658 1801 2684 invenie-

1015 2691 1079 2726 bant
1089 2698 1166 2725 quem
1181 2691 1295 2725 primum
1308 2692 1440 2726 lugerent,
1463 2693 1581 2720 illiumue
1596 2699 1741 2724 mortuum,
1766 2700 1801 2719 an

1017 2725 1124 2752 viduam
1136 2726 1278 2753 viventem.
1299 2725 1352 2754 Sed
1366 2728 1452 2754 erravi
1467 2735 1528 2755 cum
1543 2728 1648 2755 viduam
1667 2729 1800 2755 viventem

1013 2761 1068 2788 dixi
1083 2769 1090 2787 :
1105 2769 1163 2796 qmc
1178 2762 1249 2788 enim
1261 2762 1338 2789 vidua
1348 2763 1434 2789 vivit?
1447 2764 1497 2790 etsi
1518 2763 1587 2790 enim
1608 2764 1697 2790 vivere
1709 2762 1802 2790 videa-

1014 2802 1056 2833 tur
1069 2796 1230 2833 (seetmdnnt
1245 2803 1404 2832 praesentem
1421 2799 1502 2825 vitam
1515 2799 1618 2833 loquor,
1636 2805 1690 2824 non
1705 2805 1802 2825 secun-

1013 2830 1077 2858 dum
1093 2830 1357 2868 futurarnt).ﬁmortna
1373 2838 1424 2860 cst.
1447 2833 1530 2860 Vidua
1543 2830 1614 2860 enim
1632 2833 1659 2860 in
1674 2833 1801 2868 pne-senti

1014 2868 1077 2900 vita,
1101 2867 1230 2903 siquidem
1244 2868 1370 2902 opulenta
1393 2869 1436 2900 sit.
1462 2869 1524 2895 hinc
1545 2867 1679 2896 dolorettt'
1693 2868 1800 2903 paultnu

1013 2903 1118 2934 minuit.
1134 2902 1195 2929 hinc
1208 2910 1255 2937 spe
1268 2903 1382 2937 quadam
1397 2908 1542 2935 recreatur,
1556 2904 1652 2930 vulnus
1662 2911 1740 2931 suum
1752 2910 1802 2928 cu-

1013 2943 1063 2971 rat,
1080 2938 1199 2964 dolorcm
1213 2939 1329 2972 allevat,
1347 2939 1468 2966 ubertate
1484 2939 1642 2969 roboratur.
1668 2938 1802 2965 interdum

1582 2981 1620 3010 50
